4036 6117
627 454 758 515 318
1795 475 1846 519 s.
1898 476 2432 522 mLDEGARDIS

561 593 846 646 catorem
881 591 1280 660 divertisset,
1313 594 1398 652 ita
1430 594 1605 670 quod
1641 610 1762 653 nec
1793 595 2077 670 justum,
2116 612 2234 654 nec
2269 596 2541 671 dignum
2575 602 2780 670 esset,
2820 601 2893 657 ut
2923 596 3100 659 Deus
3137 601 3323 661 illum
3352 603 3660 678 suscipe-

559 698 684 767 ret,
723 696 1036 770 quoniam
1069 700 1278 759 multa
1316 701 1487 759 mala
1523 706 1998 776 perpetrasset.

651 799 848 859 Stans
896 810 1119 863 autem
1154 806 1218 863 in
1266 805 1551 864 victoria
1601 806 1864 864 stabilis
1915 806 2271 878 ZachaeuS,
2311 821 2350 864 a
2399 806 2935 880 transgressione
2977 808 3422 882 justificatuS,
3474 810 3646 867 dimit

560 908 646 966 ad
696 908 1053 970 Dominum
1087 914 1484 988 poenitendo
1534 921 1598 972 et
1634 914 2005 973 confitendo
2058 920 2332 988 peccata
2368 932 2509 975 sua:
2548 916 2710 975 Ecce
2752 917 3131 992 dimidium,
3173 918 3236 977 id
3271 926 3374 977 est
3407 919 3650 978 medie-

561 1018 765 1075 tatem
801 1015 1112 1078 boriorum
1145 1038 1470 1091 meorum,
1524 1022 1784 1080 scilicet
1814 1021 1988 1079 vitae
2018 1036 2225 1094 meae,
2264 1024 2419 1097 quia
2458 1023 2742 1098 pleniter
2774 1023 3113 1097 perfectus
3149 1042 3302 1084 esse
3337 1043 3464 1085 non
3500 1041 3648 1099 pos-

562 1135 732 1194 sum,
761 1118 918 1179 dum
946 1122 1013 1180 in
1041 1122 1262 1197 fragili
1289 1139 1488 1183 carne
1523 1125 1708 1199 vivo,
1748 1125 2023 1184 Domine
2058 1124 2256 1199 DeuS,
2286 1127 2366 1183 do
2387 1127 2814 1203 pauperibuS,
2854 1128 2945 1186 ita
2980 1128 3155 1204 quod
3191 1147 3295 1187 me
3329 1131 3647 1205 pusillum

559 1234 625 1286 et
673 1244 1035 1303 pauperem
1073 1230 1269 1302 facio,
1306 1232 1644 1291 confidens
1694 1232 1869 1308 quod
1919 1233 1986 1290 in
2020 1232 2425 1307 poenitentia
2464 1235 2797 1309 suscipias
2835 1250 2966 1305 me,
3004 1242 3065 1293 et
3102 1238 3156 1294 si
3206 1238 3364 1314 quid
3404 1240 3476 1295 in
3524 1237 3647 1296 ali-

557 1353 683 1413 quo
729 1337 1018 1415 aliquem
1066 1340 1480 1417 defraudavi,
1536 1340 1626 1399 ita
1676 1346 1749 1399 ut
1797 1356 1972 1412 eum,
2024 1344 2090 1398 et
2138 1340 2340 1399 etiam
2378 1342 2733 1417 meipsum
2783 1341 2864 1401 ad
2902 1343 3150 1401 malum
3197 1343 3641 1419 perduxerim,

561 1442 765 1501 reddo
813 1445 1293 1521 quadruplum,
1333 1461 1436 1503 me
1488 1438 1974 1525 ipsumJCOntra
2024 1447 2439 1505 voluntatem
2476 1463 2690 1505 meam
2727 1447 3071 1521 vincendO,
3116 1454 3182 1506 et
3217 1447 3458 1506 malam
3495 1463 3646 1505 con-

563 1549 981 1610 suetudinem
1039 1568 1255 1611 meam
1312 1551 1746 1625 dimittendO,
1808 1556 1874 1612 et
1928 1559 2163 1630 postea
2213 1555 2456 1613 bonum
2515 1572 2680 1631 opus
2730 1555 3157 1630 perficiendo,
3193 1561 3260 1614 et
3295 1555 3392 1613 sic
3449 1554 3515 1611 in
3567 1566 3644 1608 eo

563 1671 776 1731 usque
815 1656 879 1714 in
912 1656 1106 1716 finem
1140 1659 1652 1733 perseverando.

653 1764 762 1822 Ait
811 1764 1000 1823 Jesus
1052 1765 1117 1824 in
1164 1764 1617 1826 admonitione
1653 1765 1937 1841 Spiritus
1989 1765 2208 1824 Sancti
2258 1764 2341 1823 ad
2392 1783 2573 1837 eum,
2630 1764 2694 1822 in
2742 1763 3148 1847 poenitentia
3198 1761 3387 1820 illum
3437 1758 3648 1817 susci-

558 1868 817 1942 piendo:
876 1868 1044 1941 Quia
1074 1871 1284 1945 hodie,
1323 1870 1436 1929 ubi
1471 1872 1942 1946 poenitentiam
1982 1871 2139 1943 egit,
2178 1872 2355 1929 salus
2402 1872 2466 1929 in
2500 1870 2811 1943 passione
2848 1868 3322 1942 redemptionis
3350 1865 3644 1924 omnium

558 1976 781 2036 domui
814 1979 988 2052 huic,
1027 1977 1286 2036 scilicet
1335 1976 1518 2036 cordi
1558 1984 1668 2037 tuo
1720 1983 1785 2036 ct
1821 1977 2079 2035 animae
2132 1984 2284 2036 tuae
2316 1980 2495 2055 facta
2544 1984 2661 2051 est,
2699 1975 2855 2051 quia
2889 1974 3106 2032 victor
3136 1967 3391 2028 Diaboli
3427 1964 3645 2024 extitit

561 2098 634 2139 eo
670 2082 840 2158 quod
875 2084 1037 2157 ipse,
1074 2083 1188 2156 qui
1225 2083 1322 2141 sic
1358 2084 1659 2143 salvatus
1695 2086 1819 2156 est,
1863 2085 2041 2161 filiu-s
2076 2086 2156 2141 sit
2193 2099 2309 2157 per
2347 2081 2869 2156 redemptionem
2905 2076 3220 2147 Abrahae,
3258 2070 3511 2131 aeterni
3546 2084 3648 2127 re-

558 2186 669 2260 gni
720 2186 784 2244 in
820 2186 1253 2262 simplicitate
1302 2188 1669 2247 columbae.
1716 2188 1897 2246 Venit
1950 2192 2129 2247 enim
2177 2192 2377 2246 natus
2417 2186 2481 2243 in
2516 2183 2757 2242 mundo
2795 2181 3010 2241 Filius
3045 2180 3354 2245 hominis,
3390 2176 3503 2250 qui
3536 2177 3641 2232 est

559 2292 874 2351 sacerdos
902 2293 1267 2351 secundum
1303 2293 1604 2352 ordinem
1638 2294 2145 2367 Melchisedech,
2183 2310 2525 2370 quaerere,
2560 2291 2649 2350 ita
2684 2296 2756 2349 ut
2790 2289 3094 2347 viventes
3130 2285 3387 2344 hostias
3423 2284 3488 2341 in
3523 2297 3644 2357 pu-

557 2396 840 2456 blicanis
888 2401 956 2457 et
987 2398 1456 2473 peccatoribus
1490 2400 1851 2474 suscipiat,
1905 2405 1964 2455 et
2003 2399 2255 2456 salvum
2288 2402 2509 2477 facere
2545 2413 2659 2455 eos
2695 2395 2809 2471 qui
2841 2388 2857 2427 ¹
2863 2407 2886 2472 )
2924 2397 3404 2452 convertuntur
3435 2387 3517 2448 ad
3550 2388 3659 2446 vi-.

559 2505 692 2559 tam
744 2517 863 2576 per
911 2504 1420 2580 poenitentiam,
1471 2506 1642 2582 quod
1683 2507 1981 2581 perierat
2018 2504 2090 2565 in
2125 2504 2411 2565 maculis
2446 2505 2872 2579 peccatorum
2910 2515 3205 2572 suorum,
3260 2503 3411 2557 ante
3445 2511 3644 2572 quam

556 2605 1052 2666 mundarentur.
1086 2605 1134 2684 2)

1893 2824 2328 2932 XXVI.

1407 3032 1488 3091 In
1539 3033 1882 3094 Dominica
1941 3034 2101 3096 VIII
2138 3042 2281 3111 post
2334 3034 2790 3095 Pentecosten.

2074 3231 2122 3290 Ι.

648 3406 845 3466 Homo
877 3409 1170 3485 quidam,
1200 3402 1248 3485 ³)
1287 3410 1400 3484 qui
1437 3408 1769 3468 hominem
1804 3410 2080 3482 creavit,
2120 3410 2231 3484 qui
2262 3408 2437 3467 Deus
2464 3408 2531 3465 et
2564 3405 2761 3464 homo
2796 3407 2923 3476 est,
2953 3410 3094 3461 erat
3122 3403 3321 3473 dives,
3360 3399 3452 3459 ita
3482 3404 3552 3457 ut
3584 3398 3642 3456 ei

557 3512 623 3570 in
657 3512 1065 3586 plenitudine
1107 3513 1260 3572 boni
1294 3514 1458 3572 nihil
1508 3514 1796 3574 deesset:
1834 3518 1946 3591 qui
1981 3514 2246 3575 habebat
2282 3514 2606 3585 villicum,
2661 3509 2919 3568 scilicet
2953 3508 3185 3581 Adam,
3238 3506 3344 3580 cui
3378 3504 3649 3564 Paradi-

556 3630 705 3673 sum
739 3621 805 3674 et
853 3633 1080 3676 omnes
1118 3625 1464 3677 creaturas
1511 3621 1964 3678 commiserat.
2003 3621 2084 3678 Et
2127 3621 2229 3679 hic
2262 3620 2645 3696 diffamatus
2679 3623 2771 3675 est
2810 3614 2987 3691 apud
3034 3613 3254 3685 illum,
3291 3610 3356 3669 in
3392 3609 3647 3684 angelis

555 3720 837 3797 scilicet,
890 3725 1047 3798 quia
1096 3723 1270 3782 Deus
1320 3740 1520 3799 opera
1568 3730 1801 3784 nostra
1852 3727 1915 3784 in
1952 3726 2121 3800 ipsis
2169 3725 2335 3783 etin
2383 3726 2536 3783 aliis
2586 3723 2919 3782 creaturis
2969 3720 3172 3792 videt3
3222 3720 3411 3795 quasi
3461 3717 3651 3775 dissi-

548 3836 773 3905 passet
822 3827 984 3887 bona
1030 3830 1241 3901 illius,
1297 3829 1359 3887 id
1403 3835 1504 3888 est
1553 3830 1744 3904 quasi
1796 3828 2114 3888 honorem
2150 3828 2290 3902 Dei,
2329 3845 2523 3904 quem
2574 3844 2767 3887 nemo
2802 3825 3101 3886 dividere
3148 3827 3393 3899 potest,
3434 3825 3497 3882 in
3547 3840 3650 3882 se-

558 3931 777 4006 ipsum
817 3932 1113 3991 dividere
1161 3934 1385 4006 vellet,
1424 3937 1496 3992 ut
1530 3949 1804 4007 serpens
1839 3934 2025 3993 dixit:
2067 3954 2098 3992 ((
2137 3936 2339 3995 Eritis
2376 3936 2550 3993 sicut
2586 3932 2713 4005 Dii,
2755 3950 2785 3988 1>
2823 3928 2871 4008 ⁴)
2909 3931 3084 4005 quod
3118 3935 3239 3988 est:
3278 3929 3452 3987 Deus
3490 3928 3649 3987 fecit

555 4052 678 4095 vos
714 4039 1076 4098 secundum
1132 4042 1371 4118 ipsum,
1416 4042 1582 4100 unde
1631 4041 1722 4100 dii
1757 4042 1943 4101 estis,
1979 4041 2060 4100 Et
2096 4039 2266 4099 idem
2318 4046 2383 4098 et
2416 4039 2718 4098 homines
2769 4053 2841 4094 se
2883 4035 3077 4110 quasi
3126 4033 3288 4092 deos
3324 4035 3389 4091 in
3443 4033 3638 4092 idolis

559 4147 788 4216 postea
827 4146 1148 4209 fecerunt.

649 4250 727 4308 Et
763 4256 1005 4312 vocavit
1045 4254 1259 4326 illurn,
1299 4253 1410 4312 ubi
1437 4254 1622 4312 dixit:
1666 4271 1697 4308 <t
1728 4251 1850 4312 Ubi
1882 4251 1991 4311 es‘?
2024 4271 2052 4308 1>
2090 4244 2137 4328 ⁵)
2176 4248 2438 4325 quando
2472 4247 2770 4306 divinum
2806 4252 3232 4322 praeceptum
3275 4248 3649 4319 transgres-

557 4371 675 4413 sus
710 4362 832 4417 est.
886 4359 964 4418 Ει
1002 4363 1092 4418 ait
1129 4362 1253 4420 illi:
1297 4363 1468 4434 Quid
1520 4365 1633 4421 hoc
1668 4360 1868 4418 audio
1915 4360 1993 4417 de
2032 4359 2130 4415 te?
2165 4355 2277 4413 ubi
2316 4354 2555 4411 iterum
2604 4349 2788 4408 dixit:
2846 4369 2876 4406 c<
2908 4349 3069 4419 Quis
3117 4351 3294 4409 enim
3332 4350 3652 4409 indicavit

559 4460 681 4520 tibi
717 4465 889 4538 quod
926 4468 1141 4527 nudus
1175 4484 1386 4540 esses,
1421 4464 1468 4544 ⁶)
1500 4468 1627 4525 nisi
1665 4465 1840 4541 quod
1875 4464 1956 4522 de
1991 4464 2168 4537 ligno
2204 4462 2285 4520 de
2322 4479 2451 4537 quo
2481 4468 2955 4535 praeceperam
2985 4455 3103 4516 tibi
3129 4472 3211 4514 ne
3237 4455 3649 4529 comederes,

631 4610 675 4675 ¹)
699 4629 784 4667 00⁸
803 4617 935 4668 ante
955 4617 1056 4686 qui
1079 4628 1188 4670 Om-
1220 4615 1342 4670 cod·
1369 4617 1488 4682 -²)
1511 4616 1641 4671 Huc
1668 4631 1845 4685 usque
1872 4607 2095 4686 Prima]
2149 4623 2393 4685 videtur,
2424 4624 2663 4679 fortuito
2691 4640 2822 4680 casu
2849 4629 2906 4680 et
2933 4641 3031 4696 pro
3070 4640 3130 4680 re
3163 4629 3293 4678 nata
3321 4610 3592 4680 collectae
3618 4639 3646 4676 a

561 4696 750 4753 Series·
784 4697 907 4764 -³)
938 4700 1003 4754 1¹¹
1028 4700 1217 4756 codice
1240 4701 1450 4771 majore
1470 4701 1853 4763 Wisbadensi‚
1885 4702 2057 4772 hujus
2144 4711 2496 4766 monialibus
2518 4712 2760 4774 coaevis,
2782 4727 3023 4782 quarum
3043 4727 3162 4767 esse
3191 4710 3417 4766 videtur
3443 4708 3649 4764 titulus

561 4790 621 4840 et
641 4787 930 4857 sequentis
955 4790 1233 4858 evangelii
1261 4790 1542 4862 expositio
1569 4798 1726 4846 extra
1753 4792 1935 4846 locum
1965 4808 2058 4863 po·
2149 4814 2313 4869 supra
2344 4797 2583 4868 positus,
2606 4797 2706 4867 qui
2735 4796 2966 4869 perinde
2988 4814 3050 4852 ac
3072 4796 3328 4868 superior
3348 4796 3651 4867 epigraphe

562 4872 722 4927 nitur
746 4874 817 4928 ab
839 4872 1008 4928 initio
1033 4875 1208 4931 totius
1229 4876 1644 4939 commentarii,
1669 4879 1774 4933 sub
1797 4871 1896 4932 i'llo
1919 4877 2060 4932 titu-
2149 4900 2202 4955 p.
2233 4886 2359 4945 2⁴5,
2389 4882 2565 4954 ipsam
2593 4888 2835 4939 aetatem
2863 4885 3012 4956 sapit
3037 4885 3421 4958 Hildeyardis,
3450 4885 3522 4941 ob
3551 4901 3650 4939 nu-

559 4956 633 5013 lo:
654 4957 943 5032 Expositio
964 4963 1368 5033 evanyeliorum
1379 4981 1474 5034 per
1491 4963 1883 5035 Hildeyardem
1901 4982 2060 5035 espo—
2148 4970 2271 5023 dam
2301 4973 2357 5023 et
2385 4968 2700 5040 simplicem
2728 4969 2979 5025 nominis
3016 4970 3521 5041 nuncupationem.
3562 4969 3644 5025 ef.

559 5051 684 5102 sita.
717 5047 797 5102 De
826 5047 1076 5116 legitima
1105 5049 1331 5104 illarum
1372 5050 1682 5117 glossarum
1723 5048 1865 5104 serie
1905 5049 2055 5104 haud
2147 5056 2278 5110 Luc.
2312 5054 2470 5116 XVI,
2515 5060 2539 5109 1
2565 5087 2586 5094 -
2607 5059 2655 5110 9.
2689 5087 2757 5096 —
2784 5056 2829 5119 ⁴)
2854 5056 3054 5114 Genes.
3102 5056 3205 5119 ΙΙΙ,
3235 5061 3287 5111 5.
3324 5088 3385 5095 —
3414 5059 3456 5120 ⁵)
3498 5055 3643 5111 Ibid.

558 5137 698 5203 puto
738 5133 1046 5188 curandum
1087 5151 1224 5197 csse,
1267 5151 1394 5190 cum
1436 5134 1690 5203 singulae
1727 5135 1958 5198 suerint,
1992 5140 2051 5194 ut
2136 5142 2211 5196 Υ.
2257 5147 2305 5197 9.
2344 5175 2404 5181 —
2432 5143 2477 5210 θ)
2520 5140 2661 5197 Ibid.
2707 5142 2775 5197 V.
2814 5148 2894 5198 ¹1.
