4036 6117
1319 503 1760 551 ‚Exposmxo
1807 499 2447 548 EVANGELIORUM
3238 482 3365 543 269

445 621 640 683 Nunc
688 621 998 689 dimittis,
1037 618 1101 679 id
1134 624 1239 678 est
1282 618 1494 694 auser,
1547 637 1809 678 servum
1841 626 2059 688 tuum,
2112 617 2369 677 scilicet
2404 616 2648 675 servile
2690 631 2858 690 opus
2891 614 3115 672 carnis
3148 627 3336 671 meae
3370 615 3438 670 et

341 726 659 785 ardorem
707 723 1309 800 concupiscentiae,
1362 724 1725 783 secundum
1769 721 2038 781 verbum
2088 730 2306 791 tuum,
2356 720 2667 779 videlicet
2703 718 3066 778 secundum
3113 716 3431 776 honorem

353 828 512 888 Filii
548 830 667 899 tui,
706 829 819 905 qui
854 828 1044 888 nobis
1080 828 1464 886 castitatem
1499 826 1811 900 ostendit,
1848 830 1920 885 iu
1947 844 2133 902 pace,
2173 826 2267 885 ita
2298 831 2371 884 ut
2407 826 2471 883 in
2504 840 2667 901 pace
2701 824 3080 900 requiescat
3108 815 3182 901 ¹),
3218 838 3257 881 a
3286 819 3439 879 Dia·-

344 932 510 994 bolo
544 933 824 993 solutus:
858 934 1015 1009 quia
1046 932 1353 990 viderunt
1388 931 1808 1005 agnoscendo
1843 931 2014 989 oculi
2050 931 2207 999 mei,
2240 928 2302 989 id
2330 935 2431 987 est
2458 929 2739 987 scientia
2765 925 2985 986 cordis
3012 925 3165 999 mei,
3193 925 3440 984 saluta-

351 1056 434 1095 νε
457 1044 648 1095 tuum
678 1038 742 1095 in
770 1036 1101 1095 suavitate
1127 1034 1499 1094 dulcedinis
1527 1039 1703 1108 tuae,
1733 1034 1902 1111 quod
1927 1035 2208 1109 parasti,
2248 1034 2574 1093 lucentem
2613 1048 2966 1108 gemmam,
2995 1038 3147 1091 ante
3172 1031 3437 1108 faciem,

351 1137 422 1197 id
456 1144 559 1197 est
593 1138 999 1197 desiderium
1033 1140 1328 1196 omnium
1349 1139 1772 1214 populorum,
1810 1137 2125 1212 quoniam
2164 1138 2517 1211 virginitas
2551 1151 2710 1212 prae
2744 1135 3030 1195 caeteris
3072 1131 3436 1192 virtutibus

349 1242 421 1303 in
468 1241 781 1300 castitate
829 1241 1039 1299 claret
1071 1246 1137 1298 et
1189 1241 1385 1300 lucet.
1441 1243 1721 1314 Lumen,
1775 1239 2037 1298 scilicet
2087 1255 2421 1314 auroram,
2471 1241 2557 1300 ad
2602 1240 3074 1299 revelationem
3123 1236 3189 1294 in
3230 1234 3440 1294 mani-

349 1344 642 1404 statione
675 1348 996 1421 acutium,
1051 1344 1114 1403 id
1147 1349 1253 1403 est
1301 1350 1535 1404 contra
1569 1344 1792 1404 carnis
1836 1344 1987 1419 jura
2026 1343 2292 1402 illorum
2342 1344 2456 1419 qui
2493 1345 2558 1404 in
2607 1344 2845 1420 copula
2878 1339 3133 1402 carnali
3179 1338 3435 1411 vivunt,

349 1459 415 1511 et
463 1453 764 1528 ylariam,
818 1453 1078 1512 scilicet
1125 1454 1466 1535 singulare
1501 1453 1790 1527 pretium
1832 1451 2044 1527 plebis
2079 1458 2254 1525 tuae,
2309 1452 2568 1511 scilicet
2601 1453 2920 1523 omnium,
2975 1448 3186 1508 Israel
3222 1446 3337 1522 qui
3374 1446 3439 1505 in

349 1558 740 1633 virginitate
776 1558 1294 1633 subsequuntur.

1837 1875 1979 1981 X.

1369 2129 1448 2187 In
1501 2130 1844 2188 Dominica
1894 2132 2445 2207 Septuaqesimae.

446 2546 676 2609 Simile
696 2552 789 2605 est
811 2564 1088 2623 requam
1103 2545 1154 2625 ²)
1192 2549 1521 2607 coelorum
1537 2542 1611 2625 ³),
1636 2548 1895 2607 scilicet
1929 2556 2365 2624 secretorum,
2387 2531 2635 2609 homin‘i
2664 2550 3174 2626 patrifamilias,
3203 2548 3441 2611 videli-

353 2653 464 2711 cet
500 2651 594 2710 illi
630 2651 742 2725 qui
769 2649 942 2709 Deus
976 2656 1043 2709 et
1078 2650 1272 2710 homo
1309 2658 1435 2726 est,
1468 2655 1580 2730 qui
1615 2656 1779 2712 exiit
1801 2656 2021 2730 primo
2053 2673 2271 2728 mane,
2310 2654 2571 2729 quando
2598 2654 2859 2712 coelum
2884 2660 2950 2714 et
2986 2660 3234 2714 terram
3260 2669 3447 2713 crea-

352 2757 477 2831 vit,
528 2761 595 2815 et
628 2757 890 2831 quando
941 2757 1084 2815 Fiat
1118 2757 1226 2814 lux
1260 2757 1447 2832 dixit,
1500 2759 1863 2818 conducere
1915 2760 1978 2818 in
2039 2760 2254 2834 prima
2301 2759 2407 2818 die
2457 2761 2811 2836 operarios,
2865 2759 2929 2818 id
2985 2765 3090 2818 est
3137 2758 3446 2818 diversas

355 2867 727 2935 creaturaS‚
763 2864 836 2919 in
861 2864 1121 2920 vineam
1157 2880 1365 2935 suam,
1403 2862 1661 2921 scilicet
1696 2863 1762 2921 in
1801 2863 2141 2923 mundum.

449 2966 885 3025 Cmventione
935 2971 1157 3030 autem
1202 2968 1408 3044 facta,
1444 2967 1510 3025 in
1560 2967 1853 3025 secunda
1900 2966 2031 3040 die,
2083 2968 2346 3043 quando
2396 2967 2629 3026 divisit
2662 2983 2872 3044 aquas
2920 2967 3005 3026 ab
3038 2967 3256 3043 aquiS,
3296 2983 3446 3026 cum

356 3072 707 3147 operariae,
762 3069 825 3128 id
858 3067 962 3129 es't
1010 3072 1339 3129 creaturis
1373 3062 1566 3146 quae
1597 3078 1751 3131 tunc
1785 3079 1996 3146 erant3
2050 3090 2135 3131 ea:
2167 3074 2441 3132 dena-rio
2488 3073 2752 3147 diurna,
2806 3072 3065 3130 scilicet
3112 3086 3191 3130 ex
3224 3068 3447 3129 officio

357 3193 504 3250 suc,
543 3175 714 3252 quod
767 3192 886 3252 per
920 3176 1221 3256 singulos
1257 3177 1399 3236 dies
1433 3177 1830 3253 impleturae
1863 3183 2076 3252 erant,
2126 3180 2305 3237 misit
2341 3196 2445 3237 eos
2479 3181 2551 3238 in
2582 3181 2844 3237 vineam
2877 3195 3087 3250 suam,
3140 3175 3204 3234 id
3239 3181 3343 3233 est
3378 3179 3450 3232 ut

363 3284 805 3356 operarentur
842 3280 906 3338 in
940 3280 1207 3340 mund0.

452 3383 533 3442 Et
584 3403 878 3460 eyressus
928 3387 1103 3444 circa
1148 3388 1373 3445 horam
1407 3388 1697 3459 tertiam,
1751 3385 2011 3444 scilicet
2047 3386 2113 3444 in
2161 3387 2361 3445 tertia
2394 3386 2524 3462 die,
2577 3385 2841 3462 quando
2874 3385 3040 3445 dixit
3093 3403 3124 3443 c<
3165 3385 3453 3459 Congre-

360 3491 601 3561 gentur
647 3503 859 3562 aquae
896 3503 1065 3563 quae
1100 3488 1225 3548 sub
1258 3489 1443 3547 coelo
1473 3489 1721 3548 suntin
1755 3490 1974 3548 locum
2011 3505 2238 3564 unum,
2275 3495 2340 3547 et
2376 3496 2693 3564 appareat
2726 3489 2912 3550 arida
2942 3507 2975 3546 1>
3011 3486 3058 3566 ⁴)
3086 3488 3250 3547 vidit
3285 3488 3449 3546 alios

360 3593 609 3648 stantes
655 3590 728 3648 in
760 3593 902 3668 foi-o
950 3592 1200 3663 otiosos,
1253 3607 1403 3649 curn
1454 3597 1801 3651 creaturae
1850 3591 2068 3651 adhuc
2100 3608 2231 3650 non
2278 3592 2749 3669 operabantur,
2794 3599 2856 3651 et
2911 3592 3049 3652 illis
3096 3592 3297 3650 dixit:
3349 3590 3448 3650 Ite

359 3697 425 3751 et
457 3711 562 3752 vos
596 3695 668 3752 in
701 3696 962 3753 vineam
996 3712 1238 3764 meam,
1276 3694 1388 3753 ubi
1421 3694 1607 3756 dixit:
1650 3715 1680 3754 «
1713 3696 2055 3756 Germinet
2090 3701 2272 3756 terra
2299 3695 2574 3756 herbam
2609 3697 2960 3770 virentem,
2992 3713 3023 3752 ))
3062 3700 3130 3755 et
3161 3699 3450 3768 caetera,

362 3802 426 3855 et
459 3797 627 3873 quod
642 3793 908 3869 justum
945 3800 1154 3874 fuerit
1191 3798 1349 3858 dabo
1381 3798 1576 3874 vobis,
1614 3800 1676 3858 id
1712 3803 1817 3860 est
1850 3799 2145 3860 officium
2181 3806 2481 3860 vestrum
2516 3801 2878 3860 secundum
2928 3807 3236 3860 naturam
3270 3815 3456 3860 crea-

359 3901 564 3961 tionis
596 3910 883 3962 vestrae.
923 3904 1036 3963 Illi
1070 3909 1293 3962 autem
1326 3903 1633 3964 abierunt
1668 3904 1962 3963 divinam
1991 3905 2365 3980 jussionem
2404 3904 2679 3980 implere
2723 3905 2786 3963 in
2821 3903 3041 3964 officio
3077 3920 3219 3964 suc.

455 4001 710 4066 Iteru‘m
757 4013 982 4067 autem
1013 4010 1178 4067 exiit
1228 4010 1403 4068 circa
1435 4013 1713 4082 sextam,
1765 4009 1833 4067 in
1867 4014 2109 4085 quarta
2142 4009 2271 4083 die,
2311 4008 2424 4067 ubi
2459 4008 2644 4068 dixit:
2687 4028 2718 4066 α
2756 4008 2947 4068 Fiant
2995 4007 3351 4067 luminaria
3385 4007 3453 4067 in

365 4109 789 4172 firmamento
839 4112 1033 4182 coeli,
1089 4130 1120 4169 ι)
1174 4114 1241 4171 et
1282 4112 1540 4187 reliqua
1575 4111 2261 4187 quae‘subsecuntur.
2314 4111 2398 4172 Et
2444 4129 2691 4170 nonam
2736 4114 2991 4181 horam,
3026 4110 3339 4169 videlicet
3387 4109 3452 4168 in

364 4214 594 4289 quinta
630 4214 760 4288 die,
797 4230 947 4274 cum
982 4214 1168 4274 dixit:
1209 4233 1240 4273 «
1277 4213 1656 4274 Producant
1688 4230 1900 4290 aquae
1938 4215 2176 4290 reptile
2211 4215 2470 4275 animae
2505 4214 2817 4288 viventis,
2858 4230 2889 4269 n
2943 4215 3011 4273 et
3043 4212 3455 4287 subsequen·-

367 4316 483 4390 tia‚
520 4322 579 4375 et
615 4319 773 4394 fecit
810 4318 1146 4388 similiter,
1185 4318 1247 4376 id
1283 4324 1386 4376 est
1422 4318 1705 4392 injunxit
1738 4323 2089 4378 creaturae
2125 4334 2285 4376 suae
2319 4335 2487 4392 opus
2523 4336 2739 4378 suurn.

461 4423 649 4483 Circa
678 4424 1100 4482 undecimam
1131 4442 1280 4482 vero
1313 4425 1503 4496 exiit,
1544 4423 1606 4481 id
1641 4428 1744 4481 est
1778 4422 1844 4481 in
1880 4429 2070 4481 sexta
2103 4423 2232 4496 die,
2279 4423 2393 4483 ubi
2426 4423 2612 4483 dixit:
2664 4443 2697 4481 a
2734 4423 3068 4484 Producat
3101 4428 3283 4482 terra
3317 4422 3454 4480 ani-

363 4540 540 4584 mam
591 4526 924 4585 viventem
961 4525 1028 4584 in
1074 4542 1316 4601 genere
1352 4542 1498 4598 suo,
1540 4544 1570 4582 a
1626 4525 1802 4601 quod
1839 4526 2293 4601 subsequitur:
2350 4545 2383 4585 a
2422 4526 2772 4587 Faciamus
2808 4526 3142 4586 hominem
3175 4525 3258 4585 ad
3294 4526 3457 4584 ima-

362 4632 585 4706 ginem
615 4638 684 4690 et
733 4631 1239 4691 similitudinem
1276 4637 1595 4691 nostram.
1637 4649 1668 4687 i»
1724 4631 1807 4691 Et
1851 4633 2107 4690 invenit
2142 4631 2304 4690 alios
2355 4639 2626 4707 stantes,
2681 4632 2940 4692 scilicet
2974 4636 3323 4691 creaturas
3370 4627 3453 4689 ad

440 4831 845 4905 ¹)requieicod.
869 4831 926 4887 in
953 4832 1216 4901 ambigua
1233 4829 1538 4904 apographi
1564 4829 1867 4902 scriptura.
1969 4832 2218 4888 tutinum
2247 4832 2493 4890 officium
2523 4831 2866 4888 lectionibus
2904 4845 3073 4902 super
3097 4827 3361 4886 Genesim
3389 4831 3449 4882 et

438 4918 484 4986 ²)
522 4919 697 4973 Laxat
735 4920 981 4974 habenas
1019 4917 1249 4988 ingenio
1285 4934 1387 4975 suo
1424 4918 1788 4989 Hildegardis
1816 4920 1878 4975 in
1967 4919 2375 4976 Hexaemeron.
2431 4917 2748 4988 Singularis
2796 4922 2986 4971 tamen
3037 4919 3124 4970 est
3172 4911 3455 4983 expositio

370 5004 476 5061 hoc
509 5004 724 5076 duplici
753 5007 1179 5071 commentario,
1208 5008 1305 5064 sed
1331 5007 1520 5064 minus
1547 5007 1875 5072 mirabitur,
1968 5011 2182 5069 nostra,
2209 5021 2390 5076 neque
2411 5005 2531 5061 ullo
2555 5004 2706 5076 quod
2732 5002 2906 5059 sciam
2937 5001 3079 5057 fulta
3106 5000 3218 5055 alio
3245 5000 3305 5054 in
3334 5003 3449 5054 tota

375 5090 423 5146 si
459 5091 591 5161 quis
629 5091 933 5161 recogitet.
979 5108 1145 5147 usum
1183 5110 1304 5150 esse
1339 5093 1627 5150 Ecclesiae
1672 5092 1733 5148 in
1771 5094 1878 5151 hac
1966 5092 2312 5164 antiquitate
2337 5093 2612 5164 exemplo.
2643 5124 2713 5134 —
2737 5091 2782 5159 ³)
2807 5091 3013 5149 matth.
3045 5088 3176 5152 XX.
3210 5090 3350 5145 1-16.
3383 5117 3452 5128 -

372 5177 825 5248 septuagesimae
853 5179 1170 5242 Dominica,
1201 5179 1435 5235 initium
1465 5179 1644 5237 facere
1671 5182 1736 5236 ad
1764 5198 1874 5237 ma·
1967 5181 2010 5245 ⁴)
2037 5180 2236 5237 GeneS.
2276 5184 2323 5242 ¹,
2354 5182 2385 5234 5
2412 5193 2535 5249 sqq.
