4036 6117
758 489 897 562 384
1909 513 1960 558 S.
2014 505 2563 561 nlnnEcARnts

687 629 834 715 ipso
869 636 1103 713 agonis
1137 636 1357 711 patior
1406 633 1783 694 discidium.
1834 635 2083 696 Tamen
2117 637 2273 713 quia
2311 643 2371 695 te
2409 654 2536 696 non
2571 636 2764 710 velle,
2816 651 2945 696 non
2994 651 3194 712 posse
3229 633 3492 696 mentiri
3543 631 3761 704 credo,

679 741 1184 821 quomodolibet
1230 755 1379 800 mea
1427 755 1499 798 se
1549 739 1857 814 habeant,
1907 741 2027 802 fiat
2076 741 2237 800 mihi
2290 740 2650 800 secundum
2702 739 2980 798 verbum
3046 746 3253 799 tuum:
3307 739 3641 813 videlicet,
3690 742 3759 797 ut

671 846 952 924 juvante
999 845 1300 918 Domino,
1355 845 1626 903 strenuo
1682 843 2005 903 famulatu
2056 861 2322 915 servuS,
2376 846 2483 919 pia
2533 844 2906 903 imitatione
2956 843 3155 916 filiuS,
3208 848 3275 902 et
3322 844 3479 920 quia
3529 843 3761 902 militia

679 957 792 1012 est
837 951 979 1011 vita
1027 949 1318 1009 hominis
1368 963 1571 1022 super
1617 953 1891 1021 terram,
1945 949 2423 1008 convalescens
2472 948 2553 1006 de
2606 947 3023 1021 infirmitate,
3075 953 3143 1006 et
3192 946 3386 1008 fortis
3438 947 3658 1008 factus
3706 949 3766 1007 in

683 1053 886 1130 bello,
937 1053 1262 1115 adversus
1296 1052 1460 1111 vitia
1507 1058 1573 1112 et
1623 1051 1996 1112 incentores
2030 1067 2262 1113 eorum
2294 1051 2675 1126 daemoneS,
2713 1050 3003 1111 viriliter
3034 1050 3410 1110 dimicando
3442 1045 3486 1130 ¹)
3539 1050 3768 1126 proba-

685 1163 798 1219 tus
828 1157 948 1217 Dei
997 1157 1192 1216 miles
1226 1154 1503 1215 efficiar.

776 1262 870 1322 Ac
917 1274 1000 1318 ne
1048 1264 1238 1318 tuum
1269 1273 1532 1334 quoque
1568 1258 1634 1317 in
1682 1258 2049 1318 certamine
2084 1259 2245 1319 mihi
2279 1258 2456 1319 desit
2488 1259 2831 1334 auxilium,
2868 1274 2988 1318 ora
3021 1274 3173 1319 eum
3222 1259 3337 1335 qui
3388 1260 3523 1320 alta
3556 1275 3593 1319 a
3637 1259 3767 1318 lon-

682 1380 770 1441 ge
803 1362 1170 1440 cognoscit,
1209 1367 1277 1421 et
1311 1361 1590 1422 humilia
1621 1361 1704 1420 de
1737 1377 1943 1438 prope
1978 1363 2256 1439 respicit
2306 1363 2373 1422 in
2408 1363 2593 1423 coelo
2628 1369 2694 1422 et
2728 1364 2795 1422 in
2829 1369 3033 1437 terra,
3065 1369 3137 1422 ut
3171 1378 3291 1422 uec
3324 1379 3563 1439 aspero
3600 1361 3770 1421 fran-

680 1470 777 1546 gi,
812 1483 935 1528 nec
979 1481 1304 1544 prospero
1349 1472 1592 1526 eventu
1639 1467 1921 1527 exaltari
1971 1467 2149 1527 sinat
2199 1484 2315 1527 cor
2362 1484 2606 1543 meum;
2658 1484 2874 1544 neque
2908 1470 3256 1528 eleventur
3286 1470 3464 1529 oculi
3511 1469 3666 1543 mei,
3702 1474 3770 1528 ut

683 1577 1001 1647 appetam
1033 1569 1379 1629 ambulare
1415 1570 1479 1628 in
1515 1568 1776 1644 magnis
1810 1572 1926 1629 aut
1960 1570 2027 1629 in
2065 1571 2488 1630 mirabilibus
2522 1587 2724 1646 super
2757 1587 2881 1631 me:
2919 1571 3036 1631 sed
3073 1570 3277 1632 faciat
3311 1588 3416 1633 me
3451 1572 3768 1633 humilem

685 1678 756 1737 et
787 1674 1269 1752 pauperculum
1304 1673 1571 1749 spiritu,
1608 1676 1676 1734 et
1708 1680 2103 1734 trementem
2142 1673 2223 1735 ad
2258 1690 2602 1735 sermones
2636 1675 2805 1751 ejuS,
2843 1681 3176 1750 quatenus
3209 1691 3359 1736 cum
3405 1678 3769 1737 mansuetis

687 1785 909 1841 terrae
941 1784 1010 1838 et
1040 1776 1574 1838 misericorditer
1605 1776 2023 1852 respiciendo
2060 1770 2229 1863 [me]
2263 1778 2575 1854 dignetur
2607 1778 2944 1854 colligere.

776 1882 1042 1944 Interea
1086 1886 1405 1957 vergente
1439 1881 1503 1940 in
1552 1897 1912 1958 vesperum
1943 1882 2084 1956 die,
2134 1882 2455 1943 Dominus
2489 1882 2761 1958 Sigerus
2795 1882 2878 1944 ad
2910 1883 3179 1943 domum
3217 1900 3594 1960 regressu8‚
3633 1885 3769 1946 viso

688 2002 820 2061 me,
858 1985 1154 2062 gratiose
1185 1991 1254 2045 et
1285 1984 1527 2044 leniter
1558 1985 1938 2058 subridens,
1977 1984 2350 2062 injunctum
2385 1986 2506 2047 abs
2556 1992 2622 2046 te
2656 1986 2787 2047 sibi
2823 1987 3252 2047 salutationis
3282 1987 3581 2048 officium
3616 1988 3773 2049 mihi

688 2089 1057 2164 redhibuit3
1108 2094 1171 2148 et
1207 2094 1549 2164 comperto
1593 2088 1733 2166 jam
1766 2089 1848 2150 ad
1898 2105 2003 2149 me
2040 2092 2302 2151 litteras
2351 2093 2503 2152 tuas
2535 2091 2946 2168 pervenisse:
3002 2110 3035 2150 ‹
3065 2091 3384 2168 Obsecr0,
3421 2093 3666 2168 inquit,
3700 2097 3769 2152 ut

680 2210 805 2256 eas
853 2193 1020 2254 mihi
1065 2207 1338 2253 romane
1384 2194 1769 2270 exponatiS,
1821 2209 1904 2253 ne
1944 2194 2136 2256 asino
2185 2195 2559 2271 assimiler,
2610 2195 2726 2272 qui
2759 2196 2990 2256 vinum
3037 2201 3300 2273 portat,
3350 2200 3420 2257 et
3466 2195 3617 2256 inde
3649 2211 3773 2256 non

685 2302 938 2378 gustat.
972 2316 1005 2358 »

777 2404 859 2464 Et
905 2418 1059 2464 cum
1088 2402 1157 2462 id
1206 2401 1696 2480 inexplebiliter
1728 2400 2153 2477 efflagitaret,
2205 2417 2403 2478 aegre
2437 2402 2720 2479 obtinui,
2766 2403 2903 2480 jam
2939 2402 3112 2463 enim
3166 2419 3446 2480 vespere
3493 2408 3661 2478 erat,
3705 2409 3774 2464 ut

691 2509 761 2570 in
808 2508 1176 2568 crastinum
1211 2506 1532 2567 differret.
1586 2508 1884 2583 Cumque
1915 2506 1979 2566 ei
2026 2513 2096 2567 et
2126 2523 2250 2583 pro
2295 2506 2492 2568 modo
2526 2523 2673 2568 meo
2695 2554 2711 2583 ,
2760 2514 2830 2568 et
2861 2524 2983 2583 pro
3032 2513 3188 2568 voto
3224 2524 3384 2583 su0‚
3437 2508 3502 2569 in
3538 2525 3610 2569 re
3642 2515 3773 2569 tam

685 2612 992 2689 difficili,
1042 2627 1271 2673 coram
1305 2611 1538 2672 multis
1584 2617 1725 2671 tam
1751 2611 2027 2671 ‘clericis
2073 2626 2276 2688 quam
2311 2611 2549 2681 laicis,
2602 2611 2995 2672 satisfacere
3029 2627 3348 2687 conarer,
3400 2618 3638 2689 stupor
3670 2629 3777 2689 ap-

689 2717 1047 2796 prehendit
1090 2717 1469 2792 univerSOS,
1503 2722 1572 2776 et
1616 2716 2059 2792 mirabantur,
2096 2722 2163 2776 et
2212 2717 2469 2791 gratias
2500 2717 2790 2792 agebant
2824 2717 3194 2795 sapientiae
3228 2720 3295 2779 et
3327 2717 3627 2795 Spiritui,
3664 2719 3773 2795 qui

695 2840 820 2902 per
864 2838 1190 2899 organum
1225 2838 1421 2882 suurn
1444 2869 1460 2897 ,
1508 2838 1588 2882 os
1623 2821 1938 2882 videlicet
1985 2827 2199 2896 tuum,
2240 2823 2659 2898 loquebatur.
2708 2822 2956 2883 Eadem
2988 2830 3143 2900 post
3176 2823 3260 2884 ab
3293 2823 3447 2883 aliis
3479 2823 3777 2883 diversae

687 2926 1046 3003 dignitatis
1078 2931 1147 2985 et
1179 2925 1424 2986 aetatis
1459 2925 1800 3000 personis,
1839 2925 2410 3002 interpretationis
2444 2925 2809 2986 difficultas
2844 2926 3009 2986 mihi
3042 2927 3201 2986 licet
3237 2927 3541 2987 renuenti
3574 2927 3776 3003 impo-

691 3031 832 3093 sita
864 3035 993 3106 est,
1030 3032 1098 3091 et
1129 3033 1412 3091 extorta.

786 3134 955 3208 Quid
1001 3136 1178 3197 enim
1213 3150 1600 3211 memorem,
1645 3150 1845 3211 quam
1879 3135 2074 3195 avide
2105 3136 2405 3197 eamdem
2440 3138 2796 3213 epistolam
2833 3144 3012 3197 tuam
3049 3137 3428 3213 audierunt,
3464 3138 3776 3197 transcri-

690 3242 1011 3317 pserunt,
1062 3240 1391 3316 legerunt,
1426 3245 1495 3300 et
1542 3245 1791 3315 quanta
1826 3240 2022 3300 laude
2069 3241 2476 3311 extulerunt,
2513 3257 2642 3301 non
2691 3243 2907 3301 solum
2941 3242 3188 3318 singuli
3237 3242 3623 3317 legentium,
3660 3242 3771 3302 sed

691 3350 765 3404 et
812 3344 1191 3419 complures
1236 3343 1610 3403 Ecclesiae?
1658 3344 1826 3404 Hinc
1873 3350 1977 3405 est
2025 3343 2201 3420 quod
2250 3344 2356 3404 vir
2404 3344 2626 3420 magni
2682 3345 2968 3405 nominis
3014 3351 3083 3405 et
3133 3346 3381 3405 multae
3430 3346 3767 3420 scientiae,

688 3449 978 3511 domnus
1023 3447 1386 3524 Rubertus,
1430 3448 1638 3509 Vallis
1687 3450 1910 3526 regiae
1952 3447 2289 3525 quondam
2337 3448 2568 3523 abbae,
2600 3445 2653 3527 ²)
2704 3464 2856 3509 cum
2888 3449 2951 3509 ei
2984 3449 3133 3526 ipsa
3165 3449 3502 3525 legeretur
3534 3449 3775 3525 episto-

697 3555 788 3631 la,
823 3553 1073 3616 tacitus
1106 3552 1370 3623 sedens,
1405 3551 1761 3628 diligenter
1793 3559 1861 3612 et
1893 3553 2131 3612 crebro
2167 3554 2432 3626 agitans
2466 3555 2667 3628 caput
2684 3594 2709 3625 ,.
2738 3552 2838 3611 sic
2872 3550 3191 3628 affectu3,
3228 3558 3305 3612 ut
3338 3553 3445 3612 vix
3480 3556 3775 3628 expecta-

695 3664 768 3720 to
817 3657 970 3732 fine,
1004 3662 1418 3733 erumperet,
1470 3672 1623 3715 cum
1657 3657 1990 3732 gravitate
2041 3663 2286 3731 tamen,
2321 3662 2390 3716 et
2436 3658 2935 3717 contestaretur
2980 3673 3113 3717 non
3159 3656 3558 3733 cujusquam
3607 3672 3771 3730 esse,

695 3761 832 3823 nisi
865 3760 1154 3838 Spiritus
1189 3760 1414 3821 Sancti
1446 3761 1653 3821 verba
1686 3776 1859 3837 quae
1893 3760 2215 3821 audisset.

793 3888 826 3928 α
858 3871 990 3932 Nec
1015 3869 1281 3946 opinor,
1321 3868 1566 3944 inquit,
1622 3868 1754 3927 vim
1787 3872 1854 3927 et
1887 3867 2309 3926 altitudinem
2345 3867 2786 3943 quorumdam
2819 3867 3203 3944 verborum,
3243 3868 3308 3927 in
3342 3867 3467 3927 hac
3499 3865 3776 3944 epistola

695 3977 1101 4055 positorum,
1154 3988 1455 4032 summos
1488 3969 1690 4046 hujus
1724 3970 2049 4046 temporis
2081 3970 2401 4029 Franciae
2449 3970 2834 4045 magistros,
2883 3970 3243 4047 quantovis
3292 3970 3584 4045 polleant
3631 3984 3778 4028 acu-

695 4086 876 4145 mine
925 4082 1195 4158 ingenii,
1231 4097 1307 4140 ex
1359 4080 1620 4154 integro
1653 4093 1853 4154 posse
1903 4078 2251 4153 consequi,
2288 4078 2420 4136 nisi
2453 4093 2532 4137 eo
2567 4077 2817 4154 Spiritu
2850 4094 2981 4155 quo
3015 4076 3195 4137 dicta
3230 4082 3387 4137 sunt
3421 4076 3772 4157 revelante.

699 4190 806 4251 nli
832 4188 1097 4266 quidem
1129 4186 1342 4247 arenti
1377 4184 1577 4244 eorde
1609 4190 1676 4243 et
1710 4183 2142 4258 crepantibus
2177 4183 2409 4243 buccis
2442 4185 2907 4259 perstrepunt,
2945 4183 3335 4259 languentes
3369 4184 3550 4244 circa
3583 4197 3775 4259 quae-

693 4294 952 4355 stiones
999 4297 1066 4351 et
1099 4306 1379 4367 pugnaS,
1430 4289 1511 4348 de
1546 4289 1792 4364 quibus
1840 4289 2151 4347 oriuntur
2186 4288 2368 4347 rixae
2392 4335 2407 4361 ,
2459 4303 2589 4346 non
2629 4287 3076 4362 intelligentes
3110 4287 3192 4347 de
3225 4286 3469 4363 quibus
3502 4288 3778 4363 loquun-

700 4403 851 4475 tur,
901 4399 1008 4457 vel
1057 4397 1138 4455 de
1186 4396 1431 4472 quibus
1481 4394 1854 4468 affirmant;
1904 4401 1972 4454 et
2020 4394 2365 4454 laciniosiS
2414 4394 2910 4453 contentionum
2962 4392 3233 4455 funibus
3280 4400 3348 4453 et
3392 4410 3465 4453 se
3514 4400 3582 4453 et
3615 4394 3776 4453 alios

699 4501 1263 4578 inexplicabiliter
1311 4499 1650 4558 inretiunt.
1701 4498 1880 4557 Haec
1929 4505 2152 4557 autem
2187 4497 2421 4571 beata,
2471 4496 2887 4572 disciplinari
2936 4496 3288 4572 assiduae,
3325 4504 3398 4556 ut
3433 4496 3655 4570 audio,
3690 4498 3780 4555 in·

696 4606 1039 4668 firmitatis
1088 4603 1365 4663 verbere
1400 4608 1705 4678 purgata,
1757 4605 1825 4662 et
1860 4603 1924 4661 in
1973 4603 2078 4661 sui
2115 4600 2490 4661 custodiam
2538 4600 2864 4677 cohibita,
2901 4601 3085 4661 mitis
3133 4607 3201 4661 et
3236 4601 3509 4660 humilis
3558 4601 3775 4674 corde,

695 4726 905 4771 unum
954 4707 1118 4768 illud
1153 4706 1330 4783 quod
1382 4706 1599 4766 solum
1632 4711 1736 4764 est
1770 4705 2250 4781 necessarium,
2290 4705 2352 4765 id
2388 4707 2494 4766 est
2525 4705 2761 4765 beatae
2794 4705 3079 4780 gloriam
3114 4704 3484 4777 Trinitatis,
3523 4704 3587 4763 in
3625 4704 3777 4763 sim-

697 4818 1002 4895 plicitate
1053 4813 1455 4888 purissimae
1489 4811 1730 4870 mentis
1764 4811 2246 4887 contemplans,
2281 4811 2363 4869 de
2402 4810 2811 4887 plenitudine
2846 4810 2959 4870 illa
2994 4809 3172 4870 intus
3206 4808 3455 4882 haurit,
3491 4809 3665 4885 quod
3701 4807 3778 4867 ad

695 4920 1074 4981 sitientium
1106 4912 1156 4996 ³)
1193 4914 1617 4976 relevandam
1653 4915 1835 4975 sitim
1873 4914 2051 4976 foras
2090 4914 2323 4976 fundit.
2358 4934 2388 4972 >2

773 5159 816 5225 ¹>
854 5136 1052 5213 dim'ica
1089 5155 1209 5211 cod.
1346 5157 1390 5220 ²)
1418 5155 1705 5211 Rubertus
1746 5154 1843 5209 illc
1883 5153 2056 5209 abbas
2081 5153 2263 5209 Vallis
2288 5153 2495 5222 Regiae
2525 5150 2749 5210 videtur
2778 5152 3024 5223 ignotus
3058 5187 3121 5196 --·
3160 5153 3205 5222 ³)
3231 5155 3306 5211 ad
3329 5153 3617 5212 sitiendum
3644 5146 3761 5206 cod.
