4036 6117
1349 539 1772 587 Exposrrlo
1820 539 2475 586 stNcsmoRum
3233 520 3357 583 251

342 659 760 721 sensibilitas
796 676 873 719 ac
908 658 1277 719 similitudo
1312 676 1567 734 eorum,
1604 660 1758 735 quis
1794 666 2023 719 essent
2055 666 2122 719 et
2157 658 2488 736 quomodo
2521 663 2766 730 essent,
2805 674 2934 716 non
2969 656 3243 733 recepit,
3281 657 3439 732 quia

341 784 495 826 eum
534 783 772 842 capere
805 783 937 826 non
971 766 1302 825 valebant.

435 870 756 947 Quotquot
805 876 1030 929 autem
1078 875 1470 946 receperunt
1520 886 1715 938 eum,
1766 869 1850 928 ab
1896 884 1975 928 eo
2030 869 2386 929 illuminati
2436 874 2623 942 sunt,
2678 869 2897 944 ipsum
2945 867 3434 944 cognoscendo,

343 976 528 1034 dedit
563 979 658 1035 eis
703 982 1094 1053 potestatem
1137 975 1308 1035 bona
1355 976 1644 1052 operari,
1682 976 1995 1051 quoniam
2032 977 2115 1036 ab
2148 993 2226 1036 eo
2278 977 2414 1037 nati
2453 974 2740 1051 fuerunt,
2779 993 2909 1036 non
2946 977 3012 1034 in
3060 974 3444 1035 similitudi-

341 1095 447 1152 ne,
490 1079 606 1138 sed
660 1080 724 1139 in
758 1079 905 1154 fide,
942 1081 1109 1159 filios
1147 1081 1267 1141 Dei
1300 1081 1445 1159 fieri
1487 1081 1551 1139 in
1599 1078 1997 1139 rectitudine
2031 1086 2097 1139 et
2142 1080 2438 1157 justitia,
2478 1082 2792 1157 quoniam
2843 1081 2924 1140 ab
2958 1097 3038 1140 eo
3073 1081 3234 1140 tacti
3269 1083 3334 1139 ct
3370 1081 3445 1139 il-

347 1183 654 1242 luminati
711 1182 1000 1258 suerunt,
1053 1189 1120 1243 et
1167 1184 1323 1259 quia
1357 1200 1510 1243 eum
1558 1184 1975 1258 nuntiabant,
2014 1183 2514 1260 praedicabant,
2567 1190 2635 1243 et
2669 1184 2996 1243 miracula
3043 1184 3190 1259 ejus
3227 1189 3447 1243 osten-

343 1288 621 1361 debant;
675 1291 774 1348 his
810 1291 924 1365 qui
960 1289 1245 1348 credunt
1281 1291 1353 1347 in
1401 1290 1669 1347 nomine
1705 1286 1883 1362 ejuS,
1939 1287 2029 1348 ita
2066 1295 2138 1348 ut
2173 1289 2524 1348 crederent
2556 1304 2708 1348 esse
2743 1288 3032 1348 Verbum
3066 1287 3442 1363 per.omnia

338 1406 650 1465 operanS,
704 1392 1015 1467 quoniam
1058 1392 1199 1466 ipse
1251 1397 1324 1451 ut
1360 1396 1503 1450 rota
1541 1392 1607 1449 in
1643 1392 1890 1450 lumine
1927 1391 2100 1466 ignis
2135 1390 2357 1450 Sancti
2393 1390 2704 1465 SpirituS‚
2761 1392 2829 1450 in
2871 1391 3219 1450 miraculis
3268 1405 3441 1465 quae

341 1494 496 1553 aliis
532 1494 970 1554 circumducti
1001 1500 1174 1554 sunt:
1205 1500 1271 1553 et
1305 1493 1452 1552 ideo
1487 1501 1942 1569 cognoverunt
1970 1511 2146 1569 eum,
2177 1495 2493 1569 quoniam
2521 1501 2586 1554 et
2616 1494 2765 1570 ipsi,
2800 1501 2870 1554 ut
2906 1500 3167 1569 ventuS‚
3200 1494 3265 1552 in
3292 1509 3442 1569 pro-

339 1598 568 1674 phetia
603 1604 669 1656 et
705 1599 772 1657 in
805 1598 959 1657 aliis
994 1598 1341 1657 miraculis
1377 1598 1770 1657 circumacti
1805 1604 1979 1658 sunt.

434 1702 560 1774 Qui
608 1718 739 1760 non
787 1720 872 1759 ea:
899 1701 1352 1779 sanquinibus‚
1392 1701 1652 1761 scilicet
1702 1701 2242 1777 coagulationum
2290 1704 2354 1762 in
2401 1702 2697 1776 libidine,
2736 1721 2948 1779 neque
2984 1721 3068 1761 ex
3104 1704 3439 1762 voluntate

339 1805 591 1875 carnis,
629 1804 891 1863 scilicet
937 1803 1242 1864 mulieris
1291 1805 1800 1878 consentientiS‚
1851 1825 1973 1865 nec
2005 1825 2090 1864 ex
2139 1806 2475 1865 voluntate
2510 1807 2639 1864 viri
2688 1806 2852 1864 illud
2892 1805 3227 1866 facientis:
3281 1823 3442 1881 quo-

339 1909 522 1968 niam
553 1908 666 1967 ubi
720 1907 844 1966 hoc
879 1908 1074 1967 modo
1111 1908 1389 1983 sanguis
1439 1908 1741 1982 confluit,
1779 1908 1870 1967 ibi
1918 1909 2296 1984 coagulatio
2330 1911 2482 1983 erit,
2534 1916 2600 1969 et
2636 1908 2799 1969 haec
2847 1915 2949 1970 est
2983 1926 3062 1969 ex
3095 1912 3439 1970 voluntate

337 2012 598 2086 carniS‚
651 2012 808 2087 quia
858 2027 1014 2071 caro
1064 2013 1227 2086 erit,
1281 2014 1347 2072 et
1395 2029 1472 2071 ex
1509 2014 1853 2072 voluntate
1905 2014 2034 2072 viri
2072 2013 2531 2074 fortitudinem
2583 2031 2773 2073 suam
2808 2015 3243 2089 ostendentiS,
3281 2032 3443 2091 quo-

341 2117 522 2175 niam
570 2117 882 2175 voluntas
932 2132 1163 2176 eorum
1212 2122 1338 2190 est,
1392 2118 1707 2192 quoniam
1755 2124 1820 2175 et
1869 2118 2182 2176 voluntas
2231 2118 2453 2176 carnis
2502 2123 2569 2175 et
2617 2118 2929 2176 voluntas
2978 2119 3107 2176 viri
3159 2118 3323 2177 haec
3375 2119 3441 2177 in

343 2237 548 2280 unum
576 2226 1003 2296 congregant,
1032 2226 1100 2280 et
1125 2221 1457 2281 circuiens
1486 2221 1956 2282 molendinum.
1991 2223 2072 2281 Et
2098 2222 2262 2281 haec
2300 2222 2608 2282 formatio
2638 2239 2766 2282 non
2793 2224 3083 2283 ostendit
3120 2225 3295 2283 filios
3322 2225 3437 2284 Dei

343 2326 511 2401 fieri,
549 2326 667 2385 sed
716 2329 788 2386 ut
815 2341 1055 2385 caseus
1105 2326 1440 2401 coagulati
1476 2332 1650 2385 sunt.
1700 2326 1781 2385 Et
1813 2326 1978 2386 haec
2028 2327 2348 2386 nativitas
2382 2327 2569 2387 deest
2600 2328 2942 2387 nativitati
2978 2328 3263 2388 filiorum
3298 2329 3437 2401 Dei;

342 2431 458 2490 sed
490 2449 576 2489 ex
627 2430 759 2490 Deo
791 2433 934 2489 nati
983 2436 1160 2505 sunt,
1199 2431 1356 2505 quia
1406 2430 1621 2490 denuo
1657 2430 1738 2490 de
1786 2436 1986 2491 vento
2022 2430 2311 2505 Spiritus
2362 2430 2609 2506 Sancti,
2647 2434 2713 2492 et
2760 2432 2841 2491 de
2877 2433 3025 2507 igne
3060 2433 3445 2509 inspiratio-

338 2535 447 2594 nis
481 2535 652 2611 ejuS,
689 2539 757 2593 et
789 2533 870 2592 de
903 2533 1254 2611 prophetia
1288 2534 1570 2610 plantati
1607 2538 1783 2610 sunt,
1822 2539 1890 2594 et
1925 2536 2016 2594 ita
2052 2536 2170 2595 filii
2204 2535 2341 2596 Dei.

431 2638 512 2698 Et
572 2637 883 2712 Verbum,
938 2638 1200 2698 scilicet
1250 2638 1423 2697 idem
1472 2639 1758 2699 Verbum
1808 2639 1985 2715 quod
2036 2656 2303 2699 carnem
2339 2641 2419 2700 de
2463 2648 2643 2702 terra
2682 2643 2995 2703 formavit
3043 2660 3192 2703 curn
3230 2644 3442 2720 spira-

339 2742 520 2801 tione
554 2741 755 2815 vitae,
809 2760 958 2802 caro
987 2744 1244 2820 factum
1291 2749 1410 2817 est,
1450 2745 1542 2802 ita
1592 2745 1767 2819 quod
1805 2760 1875 2804 se
1925 2744 2163 2804 indidit
2199 2745 2263 2803 in
2316 2746 2641 2821 integram
2680 2763 2973 2821 carnem,
3009 2754 3076 2808 et
3124 2747 3441 2808 dormivit

345 2844 551 2903 simili
585 2842 1006 2921 dormitione,
1059 2847 1235 2906 sicut
1265 2846 1477 2906 Adam
1527 2848 1670 2907 sine
1720 2851 1993 2925 peccato
2043 2849 2382 2925 dormivit,
2436 2867 2586 2911 cum
2638 2867 2717 2911 ex
2766 2868 2844 2912 eo
2894 2853 3026 2912 alia
3062 2869 3218 2912 caro
3265 2853 3439 2912 facta

337 2953 447 3007 est
481 2948 546 3006 in
594 2948 965 3010 mulierem.
1001 2948 1107 3009 Sic
1166 2950 1440 3011 Verbum
1475 2970 1624 3012 caro
1669 2954 1926 3030 factum
1960 2960 2094 3028 est,
2147 2959 2213 3013 et
2247 2956 2461 3014 crevit
2511 2955 2732 3029 hom0‚
2770 2961 2832 3014 et
2868 2956 3176 3016 habitavit
3216 2959 3287 3015 in
3325 2974 3441 3015 no-

340 3050 459 3126 bis,
498 3051 675 3112 sicut
722 3053 925 3114 etiam
975 3054 1207 3129 Adam,
1256 3050 1301 3135 ¹)
1338 3063 1489 3116 ante
1537 3064 1908 3132 peccatum,
1961 3060 2277 3134 quoniam
2328 3060 2394 3119 in
2439 3061 2572 3120 illis
2606 3062 2788 3120 nulla
2838 3061 3235 3121 vicissitudo
3270 3067 3438 3136 erat,

344 3154 462 3215 sed
515 3157 755 3233 integri
807 3157 1096 3228 fuerunt,
1135 3161 1310 3221 sicut
1350 3161 1526 3221 Deus
1559 3178 1675 3222 eos
1725 3169 2097 3237 creaverat,
2135 3167 2200 3224 et
2250 3164 2396 3224 idco
2438 3165 2682 3223 malum
2735 3164 2888 3224 illos
2923 3165 3214 3225 nondum
3260 3164 3311 3245 2)
3351 3166 3444 3224 in-

344 3266 667 3335 traverat,
721 3268 788 3322 et
821 3264 997 3325 sicut
1029 3265 1318 3325 Verbum
1352 3266 1612 3326 habitat
1662 3268 1726 3326 in
1759 3268 1976 3340 nobiS,
2030 3267 2334 3326 homines
2370 3267 2667 3327 bonitate
2717 3274 2784 3327 et
2817 3268 3103 3328 veritate
3137 3269 3443 3344 diligens.

344 3364 511 3426 Cum
558 3372 782 3426 autem
831 3369 1083 3430 astutia
1118 3372 1452 3446 serpentis
1500 3372 1711 3433 Adam
1747 3373 2059 3450 intravit,
2114 3374 2388 3449 sanguis
2423 3389 2655 3434 eorum
2704 3374 2770 3434 in
2804 3391 3131 3436 venenum
3181 3376 3439 3453 disper-

346 3487 468 3531 sus
515 3479 642 3547 est,
677 3467 726 3552 ²)
777 3480 843 3533 et
881 3474 1040 3535 illud
1076 3478 1423 3551 peccatum
1458 3493 1536 3535 ex
1572 3479 2010 3553 sanguinibus
2045 3485 2111 3538 et
2145 3495 2221 3536 ex
2256 3480 2599 3540 voluntate
2633 3481 2854 3540 carnis
2890 3486 2954 3539 et
2988 3497 3065 3539 ex
3100 3481 3445 3541 voluntate

341 3575 474 3634 viri
522 3576 897 3651 pullulavit.
950 3578 1131 3637 Tunc
1164 3578 1262 3638 illi
1297 3580 1744 3641 destituet-ant
1775 3583 1841 3641 et
1889 3582 2317 3642 destruerant
2352 3599 2447 3656 se,
2518 3583 2608 3642 ita
2644 3590 2716 3643 ut
2764 3590 3000 3660 postea
3055 3584 3238 3643 nulla
3288 3599 3445 3644 caro

343 3682 563 3753 recta,
616 3695 737 3739 nec
766 3679 948 3755 justa
983 3682 1126 3743 fieri
1173 3684 1413 3759 possit,
1449 3691 1718 3760 praeter
1768 3684 2088 3745 infantem
2124 3702 2321 3763 quem
2373 3687 2571 3762 Virgo
2607 3687 2689 3747 de
2738 3704 3025 3764 superno
3061 3694 3257 3750 vento
3295 3705 3447 3749 con—

353 3781 568 3856 cepit,
620 3788 687 3842 et
718 3784 831 3859 qui
862 3781 911 3862 ⁴)
966 3785 1108 3860 ipse
1144 3789 1553 3864 supervenit,
1605 3796 1671 3848 et
1726 3787 1808 3848 de
1857 3806 1988 3866 quo
2044 3785 2089 3867 ⁵)
2134 3789 2553 3852 confortatus
2605 3793 2707 3851 est
2739 3794 2805 3851 et
2852 3792 3083 3857 crevit:
3122 3791 3222 3852 sic
3269 3792 3445 3870 quod

344 3900 468 3946 nec
503 3886 624 3959 ira,
676 3903 797 3946 nec
832 3888 1082 3949 inssatio
1135 3892 1349 3950 malae
1382 3892 1745 3952 voluntatis
1768 3939 1784 3967 ,
1835 3909 1958 3952 nec
1991 3899 2230 3969 gustus
2280 3895 2496 3955 virilis
2532 3895 2799 3955 sudoris
2823 3944 2837 3970 ,
2889 3911 3010 3954 nec
3043 3896 3262 3958 ullum
3307 3912 3446 3955 ma·.
3522 3949 3527 3960 .

346 3989 484 4049 lum
521 3989 587 4049 in
623 3991 734 4050 illo
771 3991 915 4053 fuit.
943 3994 1022 4053 Et
1057 3993 1221 4054 haec
1253 3995 1548 4070 puellula
1582 4014 1750 4073 pura
1783 4001 1849 4058 et
1882 4004 2092 4074 casta,
2130 4001 2271 4058 sine
2308 4001 2747 4059 concussione
2776 4001 3221 4075 tempestatiS,
3261 4016 3448 4062 mun-

346 4096 430 4156 da
465 4111 622 4156 caro
656 4101 820 4158 erat.
856 4098 1037 4158 Unde
1071 4099 1358 4159 Verbum
1395 4117 1467 4159 se
1504 4102 1569 4160 in
1605 4102 1788 4161 illam
1825 4088 2071 4176 intulit,
2110 4105 2177 4163 et
2210 4103 2407 4164 homo
2444 4106 2676 4164 crevit.

436 4201 519 4260 Et
552 4202 836 4261 vidimus
868 4204 933 4261 in
966 4203 1091 4262 side
1140 4208 1207 4264 et
1238 4206 1584 4266 miraculis
1615 4207 1894 4284 yloriam
1927 4206 2092 4282 ejuS,
2155 4209 2221 4268 in
2247 4210 2474 4269 multis
2509 4210 3009 4274 ostensionibus
3051 4209 3445 4270 coelestium

346 4305 846 4380 miraculorum,
898 4311 966 4366 et
1000 4307 1158 4384 quia
1209 4309 1353 4368 sinc
1385 4317 1661 4385 peccato
1714 4309 1861 4385 fuit,
1899 4317 1966 4370 et
2013 4328 2325 4378 ossuum
2360 4313 2442 4372 ad
2478 4316 2794 4379 astutiam
2830 4331 2963 4374 non
2998 4316 3283 4391 aperuit,
3321 4331 3440 4376 nec

350 4408 432 4467 ad
478 4409 843 4470 vindictam
894 4411 1058 4486 irae,
1108 4428 1229 4472 nec
1279 4413 1346 4478 in
1396 4413 1599 4474 ullam
1650 4418 2116 4490 tempestatem
2168 4417 2415 4491 carnis,
2469 4434 2601 4493 qua
2635 4417 2832 4478 homo
2882 4419 3283 4496 concutitur,
3316 4421 3451 4497 ylo-

351 4515 522 4571 riam
555 4518 745 4590 quasi
784 4513 1117 4593 Uniyeniti
1148 4535 1189 4576 α
1223 4518 1449 4590 Patre,
1489 4518 1664 4579 sicut
1697 4519 1862 4578 haec
1895 4521 2113 4594 gloria
2145 4521 2331 4581 velut
2364 4522 2695 4597 Unigeniti
2730 4524 2878 4583 Filii
2914 4529 3127 4599 esset,
3160 4520 3209 4602 ⁶)
3249 4541 3447 4601 quem

350 4614 547 4675 Pater
580 4618 863 4676 multum
896 4619 1137 4694 diligit,
1175 4627 1243 4679 et
1289 4621 1396 4680 cui
1433 4637 1742 4697 magnam
1775 4624 2062 4698 gloriam
2095 4622 2232 4698 dat,
2272 4624 2364 4684 ita
2399 4626 2577 4701 quod
2614 4627 2770 4687 talis
2804 4627 3013 4687 Filius
3049 4629 3285 4688 amodo
3320 4646 3451 4688 non

351 4721 504 4781 erit:
561 4722 739 4780 sicut
786 4723 988 4782 etiam
1022 4723 1197 4785 Deus
1245 4727 1501 4786 nullum
1537 4727 1876 4788 hominem
1918 4728 1999 4789 de
2036 4732 2217 4789 terra
2266 4730 2585 4791 formavit
2618 4738 2888 4806 praeter
2938 4749 3163 4808 unum,
3201 4739 3268 4792 et
3303 4733 3451 4793 ideo

355 4827 687 4886 secundus
720 4827 930 4888 Adam
965 4829 1045 4887 de
1078 4828 1211 4890 Deo
1258 4834 1386 4901 est,
1422 4832 1684 4907 primus
1716 4831 1925 4892 Adam
1961 4851 1998 4893 a
2031 4833 2167 4893 Deo
2205 4834 2426 4894 factus
2460 4842 2583 4896 est.
2629 4837 2769 4896 Hoc
2803 4843 3021 4896 autem
3060 4837 3347 4896 Verbum
3386 4838 3452 4896 in

351 4930 484 4992 Deo
522 4932 770 4992 factum
820 4940 923 4993 est
959 4936 1194 4994 unicus
1230 4937 1457 4997 Filius,
1497 4939 1787 4998 Plenum
1836 4944 2092 5014 qratiae
2128 4944 2190 4998 et
2225 4944 2557 5016 veritatis,
2594 4943 2685 5002 ita
2722 4949 2792 5000 ut
2825 4943 3043 5018 gratia
3074 4943 3310 5017 plenus
3345 4958 3450 5000 es-

357 5042 493 5109 set,
544 5036 717 5095 unde
751 5043 817 5096 et
864 5040 1148 5113 gratiam
1186 5039 1566 5101 hominibus
1617 5043 1866 5117 attulit,
1905 5049 1974 5103 et
2022 5045 2379 5105 veritatem
2410 5043 2458 5124 ⁷)
2499 5047 2641 5105 sine
2675 5047 2852 5106 omni
2889 5046 3255 5120 mendacio,
3294 5045 3449 5121 quia

430 5162 473 5227 ¹)
509 5181 630 5219 eum
668 5166 842 5220 Adam
877 5165 999 5223 cod.
1030 5197 1099 5207 —
1134 5169 1179 5231 2)
1217 5186 1327 5223 non
1365 5170 1524 5225 deum
1560 5184 1747 5241 apogr.
1791 5201 1860 5209 -
1948 5173 2148 5244 quibus
2193 5171 2269 5228 ib.
2316 5204 2380 5213 —
2419 5173 2464 5237 ⁶)
2502 5172 2615 5243 filii
2649 5180 2815 5229 essem
2844 5172 2918 5228 ib.
2954 5202 3018 5212 —-
3056 5172 3100 5234 ⁷)
3139 5177 3188 5227 et
3225 5174 3449 5228 veritate

359 5248 402 5317 ³)
429 5251 730 5322 discipulus
765 5260 838 5309 est
864 5251 945 5308 sic
973 5252 1051 5308 ib.
1085 5284 1150 5293 -
1187 5254 1230 5324 ⁴)
1257 5260 1305 5310 et
1332 5271 1486 5330 quem
1524 5254 1602 5312 ib.
1639 5287 1700 5297 -
1729 5258 1772 5326 ⁵)
1799 5259 1862 5314 de
1950 5257 2073 5312 cod.
