4036 6117
1231 529 1466 579 mssa
1521 529 1719 577 viras
1773 528 2258 578 ussit-onum.
2308 531 2367 576 Ρ.
2417 527 2507 578 1v.
3216 514 3346 577 155

327 667 362 710 ι
398 667 531 729 qua
565 656 875 712 creatura
907 648 1114 711 Deum
1148 656 1624 726 contemneret,
1661 649 1837 711 sicut
1873 656 1946 711 tu
1977 666 2127 710 eam
2158 649 2475 726 despiciS,
2511 653 2812 726 potestas
2847 655 3069 710 tamen
3102 649 3249 725 ejus
3281 666 3414 710 non

323 774 354 814 ι
389 755 730 831 deficeret,
766 755 925 832 quia
949 759 1358 831 potestatem
1379 754 1613 831 judicii
1641 770 1848 829 super
1869 755 1957 830 te,
1996 758 2065 813 et
2098 768 2301 830 super
2324 753 2717 828 gehennam,
2746 753 2815 812 et
2840 767 3044 827 super
3069 752 3403 827 tenebraS,

320 876 352 916 ι
391 873 472 917 ac
500 874 708 935 super
739 859 961 919 omnia
992 873 1164 934 quae
1200 859 1267 917 in
1297 859 1398 918 eis
1433 861 1609 934 sunt,
1646 857 1866 918 habet.
1906 877 1943 916 ι

404 961 512 1021 24.
547 960 796 1021 Deinde
830 962 914 1021 ad
948 962 1294 1022 sinistram
1321 968 1582 1039 partem
1607 961 1893 1038 praefati
1918 962 2052 1021 viri
2077 961 2392 1038 conspexi
2420 960 2800 1036 imaginem,
2829 962 3025 1036 quasi
3052 960 3412 1022 humanam

316 1066 599 1126 formam
632 1067 1009 1144 habentem,
1047 1069 1114 1129 in
1145 1069 1339 1144 cujus
1365 1067 1584 1144 capite
1620 1068 1854 1143 igneus
1880 1067 2178 1128 circulus
2212 1072 2360 1128 erat
2383 1065 2466 1126 de
2499 1082 2633 1144 quo
2667 1065 2853 1126 velut
2879 1066 3111 1141 igneae
3138 1064 3406 1141 linguae

315 1169 786 1247 procedebant,
822 1176 891 1232 et
924 1172 1115 1248 cujns
1150 1170 1358 1232 facies
1391 1172 1814 1232 coruscantia
1865 1170 2133 1247 fulgura
2180 1170 2551 1232 emittebat.
2602 1169 2820 1230 Aliam
2854 1172 3077 1229 autem
3123 1167 3407 1232 formam

319 1274 382 1333 in
412 1287 493 1333 ea
528 1272 758 1335 videre
789 1291 921 1336 non
952 1281 1278 1353 poteram,
1314 1276 1473 1353 quia
1506 1291 1882 1337 marmoreo
1931 1275 2135 1352 pallio
2186 1273 2750 1335 circumdabatur.
2787 1271 2914 1334 Sed
2945 1280 3013 1334 et
3055 1273 3221 1335 haec
3254 1288 3407 1336 con-

320 1382 420 1438 tra
450 1377 621 1439 vitia
653 1378 804 1455 ista,
848 1395 1019 1457 quae
1050 1379 1395 1456 praedicta
1430 1387 1607 1454 sunt,
1645 1378 2165 1455 vociferabatur,
2203 1379 2455 1439 dicens:

1758 1606 1947 1667 XVII.

1572 1799 1772 1860 Verba
1819 1800 1965 1860 zeli
2016 1801 2157 1862 Dei.

403 2007 510 2069 25.
551 2025 585 2066 α
622 2006 676 2068 Ο
705 2007 1189 2069 diabolicarum
1214 2009 1461 2069 artium
1485 2009 1876 2086 Iniquitates
1910 2010 2267 2085 pessimae,
2308 2025 2429 2085 per
2465 2009 2924 2071 fortitudinem
2957 2008 3075 2068 Dei
3108 2025 3230 2069 vos
3257 2026 3409 2085 pro-

314 2129 347 2170 »
385 2115 685 2172 sternam
717 2117 785 2171 et
815 2110 1071 2188 delebo,
1110 2112 1672 2190 quemadmodum
1704 2112 2022 2174 Diabolus
2061 2113 2128 2173 in
2152 2114 2368 2189 prima
2396 2114 2542 2174 luce
2568 2119 2950 2191 prostratus
2976 2120 3100 2188 est,
3129 2120 3199 2174 et
3223 2116 3401 2175 sicut

315 2234 348 2275 ι
385 2212 655 2276 Goliath
687 2218 755 2277 et
783 2215 1418 2293 Nabuchodonosor,
1455 2219 1572 2295 qui
1601 2218 1933 2294 justitiam
1965 2216 2086 2278 Dei
2117 2217 2341 2278 delere
2376 2218 2709 2292 volebant,
2738 2233 2858 2294 per
2885 2218 3151 2294 igneum
3184 2218 3401 2279 circu-

313 2334 348 2377 »
386 2318 524 2378 lum
557 2316 847 2395 Spiritus
877 2317 997 2381 Dei
1027 2319 1272 2398 dejecti
1305 2327 1373 2382 et
1405 2323 1752 2398 prostrati,
1791 2323 1859 2382 in
1892 2323 2237 2399 pulverem
2273 2321 2526 2382 redacti
2561 2327 2737 2383 sunt.
2787 2322 2950 2382 Nam
2998 2325 3231 2383 contra
3263 2337 3403 2382 om-

314 2440 349 2481 )
384 2436 505 2483 nes
531 2439 774 2484 causas
807 2423 1143 2485 viscerum
1170 2428 1570 2502 vestrorum,
1608 2427 1873 2504 quaein
1907 2427 2086 2486 omni
2113 2426 2289 2486 malo
2315 2426 2738 2502 contrahitis,
2770 2424 2967 2486 fortis
2992 2432 3060 2487 et
3086 2431 3402 2486 constans

317 2542 349 2582 ι
389 2539 561 2602 sum,
598 2541 721 2587 nec
752 2526 917 2588 mihi
951 2527 1269 2589 resistere
1303 2530 1634 2606 poteritis
1677 2549 1706 2586 n
1771 2555 1774 2556 ⁷
1811 2561 1818 2562 ff

1749 2739 1965 2801 XVIII.

932 2951 1067 3011 Per
1111 2969 1334 3009 veram
1383 2950 1816 3010 obeditionem
1864 2953 1948 3010 ad
1994 2955 2276 3028 qratiam
2330 2953 2453 3012 Dei
2502 2953 2780 3011 reditus.

395 3154 503 3216 26.
538 3155 620 3215 Et
655 3156 895 3216 iterum
930 3172 1163 3217 vocem
1196 3158 1277 3217 de
1312 3158 1497 3218 coelo
1534 3159 1632 3219 sic
1664 3159 1827 3219 mihi
1862 3160 2192 3219 dicentem
2228 3160 2479 3220 audivit
2510 3160 2687 3221 Deus
2722 3161 2837 3237 qui
2872 3167 3123 3220 terram
3167 3160 3401 3221 funda·

311 3260 429 3335 vit,
465 3265 534 3320 et
567 3275 714 3319 eam
741 3260 1083 3321 viriditate
1116 3261 1199 3322 ad
1231 3262 1503 3323 diversa
1535 3264 1837 3338 gramina
1885 3263 2202 3339 perfudit,
2257 3266 2469 3341 ipsam
2524 3266 2761 3326 robore
2796 3282 2918 3325 suo
2954 3270 3164 3339 tenet,
3216 3281 3299 3326 ne
3331 3267 3399 3325 in

309 3365 653 3442 pulverem
691 3366 961 3427 redacta
1008 3366 1441 3444 dissolvatur,
1491 3375 1823 3445 quatenus
1871 3370 2069 3430 homo
2118 3370 2199 3429 de
2247 3377 2430 3431 terra
2465 3371 2814 3447 formatus,
2867 3379 2932 3432 et
2964 3373 3046 3432 de
3080 3371 3396 3449 paradiso

305 3468 648 3544 expulsuS,
687 3469 753 3528 in
783 3486 862 3530 ea
896 3472 1247 3549 subsistat,
1282 3475 1350 3534 et
1379 3474 1449 3533 in
1480 3489 1560 3533 ea
1593 3474 1931 3549 laborans;
1970 3491 2090 3552 per
2123 3476 2605 3552 subjectionem
2639 3492 2839 3537 verae
2873 3476 3279 3539 obeditionis
3313 3475 3394 3536 ad

309 3572 598 3648 gratiam
629 3572 892 3635 Domini
942 3577 1047 3636 sui
1095 3576 1346 3652 redeat,
1401 3579 1493 3638 ita
1541 3579 1718 3654 quod
1765 3579 2097 3640 diabolica
2130 3581 2295 3640 vitia
2332 3581 2461 3640 sibi
2510 3581 2780 3641 assidue
2819 3580 3251 3642 adversantia
3297 3595 3406 3640 re-

311 3684 529 3754 spuat,
567 3679 635 3738 et
666 3680 842 3755 quod
878 3681 1160 3741 virtutes
1196 3699 1234 3741 a
1264 3681 1398 3742 Deo
1433 3683 1678 3743 missas
1711 3684 1970 3760 diligat,
2009 3690 2078 3744 et
2111 3684 2411 3745 Creatori
2449 3701 2571 3745 suo
2601 3685 2853 3762 jugiter
2886 3686 3279 3746 adhaereat„

1725 3909 1974 3969 XVIIII.

1098 4100 1282 4173 Quod
1327 4104 1512 4162 homo
1562 4103 1775 4162 lucem
1822 4101 2254 4164 beatitudinis
2301 4106 2625 4164 attendat.

397 4307 503 4369 27.
539 4307 725 4380 Quod
774 4314 842 4368 et
889 4323 1209 4382 praesens
1259 4310 1430 4370 visio
1482 4312 1793 4386 testatur,
1845 4312 1961 4371 ubi
1996 4311 2184 4372 vides
2218 4312 2395 4389 quod
2429 4311 2775 4389 praefatus
2810 4314 2914 4373 vir
2947 4314 3030 4374 ad
3078 4316 3399 4376 Austrum

308 4428 381 4472 se
411 4412 766 4487 convertit,
804 4412 896 4472 ita
930 4411 1106 4488 quod
1154 4419 1222 4473 et
1268 4414 1590 4473 Austrum
1637 4421 1704 4475 et
1752 4415 2177 4476 Occidentem
2225 4417 2519 4492 inspicit,
2572 4418 2730 4493 quia
2772 4418 3190 4494 omnipotens
3224 4418 3399 4480 Deus

313 4514 649 4575 hominem
680 4531 803 4574 sua
829 4515 1077 4591 pietate
1102 4524 1350 4591 movet,
1381 4523 1454 4577 ut
1487 4519 1705 4578 lucem
1740 4535 2041 4580 summae
2070 4520 2503 4581 beatitudinis
2531 4521 2597 4580 in
2632 4520 2872 4581 ardore
2897 4527 2964 4581 et
2999 4522 3065 4581 in
3091 4538 3317 4583 amore
3348 4517 3395 4602 ι)

311 4634 507 4678 verae
555 4618 932 4679 sanctitatis
980 4620 1303 4697 attendat,
1353 4627 1420 4681 et
1468 4622 1645 4699 quod
1697 4623 1878 4683 illam
1914 4623 2256 4685 ardentem
2290 4625 2550 4702 diligat,
2586 4630 2652 4685 et
2689 4624 2867 4702 quod
2903 4625 3299 4685 coecitatem
3333 4629 3403 4686 et

313 4723 857 4784 tenebrositatem
892 4724 1375 4785 diabolicarum
1426 4728 1929 4803 suggestionum
1981 4729 2247 4790 omnino
2298 4736 2593 4807 respuat,
2637 4746 2758 4789 nec
2809 4746 2882 4790 se
2929 4730 3250 4806 potestati
3300 4729 3397 4789 illi

311 4828 388 4887 ut
412 4825 463 4906 ¹)
498 4827 872 4888 voluntarie
907 4828 1240 4904 subjiciat.

390 5043 430 5109 ι)
454 5047 515 5103 in
537 5048 737 5106 ardore
758 5055 808 5107 et
829 5066 1011 5107 autore
1035 5046 1124 5105 W.
1159 5081 1227 5091 —
1250 5052 1293 5117 ²)
1319 5050 1412 5106 An
1438 5051 1650 5109 rectius
1677 5053 1835 5110 illitu
1866 5054 2207 5112 voluntario?
