4036 6117
1253 493 1308 544 11
1369 494 1599 546 Lmen
1656 497 1852 543 vira:
1910 497 2367 543 mnni'ronum
3219 483 3307 539 95

1677 725 1955 787 LXVIII.

1193 942 1282 999 De
1328 959 1542 1017 poena
1589 942 1928 1000 hominum
1979 938 2422 996 ‘mendaci-um.
2514 1003 2537 1022 ⁶

361 1155 457 1214 81.
507 1153 584 1212 Et
635 1153 771 1212 vidi
825 1153 1044 1226 ignem
1092 1156 1308 1210 totum
1346 1151 1409 1208 in
1443 1150 1784 1224 nigredine
1835 1134 2203 1222 ardentem,
2252 1150 2315 1206 in
2350 1162 2480 1224 quo
2516 1149 2843 1207 dracones
2870 1146 3205 1227 jacebant,
3244 1153 3363 1230 qui

281 1259 529 1318 flatibus
581 1257 724 1315 suis
773 1255 1079 1316 eumdem
1131 1256 1349 1330 ignem
1394 1254 1731 1314 amabant.
1769 1255 1846 1335 Et
1874 1255 2062 1330 juxta
2102 1255 2317 1329 ignem
2357 1255 2558 1313 istum
2598 1255 2840 1314 fluvius
2879 1254 3361 1331 frigidissimae

275 1379 469 1440 aquae
517 1362 787 1433 fluebat;
845 1376 1044 1436 quem
1091 1359 1288 1419 iidem
1321 1360 1645 1418 dracones
1683 1359 2011 1418 interdum
2054 1360 2377 1418 intrantes
2412 1361 2623 1417 totum
2660 1362 3189 1422 commovebant.
3230 1362 3355 1423 Sed

277 1475 337 1526 et
368 1466 536 1525 idem
575 1466 747 1540 ignis
781 1471 846 1523 et
884 1465 1053 1523 idem
1093 1463 1335 1523 fluvius
1372 1479 1575 1538 supra
1611 1480 1682 1521 se
1720 1463 1984 1537 igneum
2022 1477 2242 1520 aerem
2280 1461 2634 1536 habebant,
2665 1463 2777 1537 qui
2806 1464 3109 1522 eumdem
3144 1465 3365 1539 ignem

278 1576 335 1630 et
366 1571 636 1629 fluvium
687 1568 924 1627 ardore
974 1584 1094 1627 suo
1149 1569 1529 1641 tangebant.
1581 1562 1626 1643 ¹)
1679 1568 1953 1625 Animae
1989 1572 2210 1625 autem
2258 1566 2522 1624 illorum
2566 1566 2680 1640 qui
2717 1566 2781 1624 in
2816 1568 3084 1627 saeculo
3118 1569 3363 1630 vitium

278 1669 564 1733 fallaciae
617 1673 870 1748 absque
915 1671 1292 1747 juramento
1341 1677 1407 1730 et
1457 1671 1752 1746 perjurio
1806 1672 1872 1728 in
1922 1686 1994 1728 se
2043 1670 2474 1743 collegerant,
2531 1670 2595 1727 in
2634 1670 2779 1745 igne
2814 1676 2883 1729 et
2919 1672 2984 1730 in
3017 1689 3191 1748 aqua
3229 1675 3360 1734 ista

279 1778 769 1853 torquebantur;
812 1777 904 1836 ita
936 1776 1110 1851 quod
1146 1775 1226 1834 de
1262 1775 1499 1834 ardore
1534 1776 1708 1850 ignis
1747 1775 1812 1833 in
1849 1773 2063 1848 frigus
2096 1774 2394 1848 ejusdem
2431 1787 2681 1849 aquae,
2705 1778 2771 1831 et
2804 1774 2885 1832 de
2918 1775 3149 1834 eadem
3185 1793 3363 1852 aqua

277 1885 332 1941 in
362 1882 669 1942 eumdem
718 1882 938 1956 ignem
988 1881 1392 1953 transibant,
1449 1881 1513 1938 in
1562 1880 1804 1955 quibus
1838 1879 2041 1938 etiam
2076 1878 2399 1952 praedicti
2433 1879 2760 1937 dracones
2795 1894 2913 1937 eas
2949 1879 3362 1956 affligebant;

275 1987 379 2045 sed
404 1988 639 2063 igneus
670 2001 784 2044 aer
811 1987 938 2044 iste
963 2001 1080 2044 eas
1107 2001 1237 2044 non
1263 1985 1591 2056 laedebat,
1623 1983 1740 2043 sed
1778 1986 2033 2042 tantum
2064 1984 2215 2042 illas
2250 1999 2399 2041 cum
2428 1983 2752 2058 praefatis
2780 1986 3156 2059 tormentiS,
3187 2003 3361 2061 quae

272 2092 639 2165 juramento
674 2096 740 2149 et
771 2089 1067 2165 perjurio
1101 2089 1168 2148 in
1200 2089 1597 2164 corporibus
1632 2088 1775 2147 suis
1812 2088 2117 2148 fallaciae
2151 2088 2553 2146 institerant.
2589 2087 2753 2146 Nam
2789 2088 3106 2163 quoniam
3153 2090 3363 2149 multa

277 2194 605 2254 mendacia
644 2196 709 2253 in
741 2194 1138 2269 corporibus
1174 2194 1317 2253 suis
1351 2194 1791 2269 protulerant,
1823 2193 2041 2267 ignem
2075 2192 2279 2250 istum
2312 2190 2757 2265 patiebantur;
2782 2193 2847 2250 et
2873 2193 3189 2267 quoniam
3225 2199 3370 2252 stu-

275 2299 442 2357 dium
491 2299 574 2356 ad
628 2297 1152 2372 profunditatem
1199 2312 1435 2355 eorum
1485 2295 1878 2369 habuerant,
1933 2294 2182 2370 frigore
2234 2310 2446 2369 aquae
2498 2294 2697 2369 hujus
2748 2295 3258 2372 torquebantur3
3295 2303 3364 2356 et

276 2403 416 2477 quia
465 2401 593 2461 hac
643 2407 709 2460 et
753 2402 905 2461 illac
938 2418 1016 2460 ea
1051 2401 1660 2473 accumulaverant,
1701 2418 1737 2459 a
1773 2399 2176 2459 draconibus
2211 2398 2364 2458 istis
2399 2396 2865 2474 puniebantur;
2902 2404 2968 2457 et
2994 2399 3150 2474 quia
3181 2401 3369 2476 jura-

277 2511 478 2565 mento
530 2511 598 2566 et
648 2506 940 2581 perjurio
989 2507 1278 2581 plurima
1328 2505 1670 2564 mendacia
1708 2505 2147 2578 protulerant,
2183 2503 2418 2561 eodem
2453 2503 2644 2577 igneo
2680 2518 2833 2561 aere
2869 2504 3181 2577 superius
3217 2521 3368 2564 ure-

277 2610 521 2669 bantur.
558 2609 640 2668 Et
687 2610 824 2669 vidi
871 2615 939 2669 et
989 2610 1284 2670 intellexi
1335 2608 1519 2669 haec.
1569 2609 1648 2668 Et
1697 2610 1939 2668 iterum
1988 2607 2070 2666 de
2111 2605 2455 2682 praedicta
2488 2606 2757 2664 vivente
2801 2607 2946 2665 luce
2982 2622 3215 2667 vocem
3249 2625 3365 2667 au-

282 2711 404 2770 divi
454 2712 787 2773 dicentem
841 2713 922 2771 ad
958 2729 1081 2772 me:
1119 2713 1299 2772 Haec
1341 2728 1510 2789 quae
1545 2713 1733 2770 vides
1767 2729 1927 2771 vera
1963 2716 2141 2783 sunt,
2179 2713 2245 2770 et
2283 2716 2352 2768 ut
2387 2726 2467 2769 ea
2500 2710 2688 2769 vides
2727 2709 2820 2769 ita
2855 2717 3033 2785 sunt,
3072 2717 3136 2770 et
3172 2712 3366 2788 plura

281 2823 439 2876 sunt.

1664 3027 1970 3091 LXVIIII.

1097 3250 1189 3307 De
1234 3252 1653 3326 poenitentia
1702 3251 2043 3308 hominum
2085 3249 2527 3307 mendacium.

354 3459 454 3519 82.
513 3458 692 3518 Unde
744 3457 1047 3516 homines
1097 3457 1211 3532 qui
1264 3456 1567 3516 fallaciae
1607 3456 1947 3527 insudant,
1987 3456 2042 3514 si
2080 3453 2421 3530 praefatos
2458 3454 2785 3528 malignos
2821 3455 3102 3529 spiritus
3134 3459 3200 3516 et
3233 3470 3384 3516 cru-

269 3565 467 3622 ciatus
502 3562 653 3621 vitii
681 3560 879 3636 hujus
916 3560 1408 3633 abhorruerint,
1434 3560 1706 3635 jejuniis
1742 3564 1807 3619 et
1843 3559 2126 3633 flagellis
2161 3575 2238 3617 ac
2274 3558 2494 3618 cilicio
2528 3573 2647 3633 per
2682 3558 2877 3633 longa
2914 3564 3218 3633 tempora
3256 3572 3360 3619 se-

273 3666 554 3726 cundum
598 3664 925 3752 judicium
966 3663 1214 3740 judicis
1266 3666 1370 3723 sui
1424 3680 1494 3723 se
1544 3663 1863 3739 affligant.
1917 3662 2040 3735 Qui
2091 3669 2314 3722 autem
2349 3662 2693 3722 mendacia
2730 3661 3261 3737 juramentorum
3295 3670 3363 3723 et

271 3769 711 3843 perjuriorum
761 3769 1028 3829 abolere
1078 3769 1435 3843 voluerint,
1473 3769 1769 3828 acriores
1808 3768 2318 3844 castigationeS,
2363 3767 2769 3843 jejuniorum
2804 3772 2869 3827 et
2904 3769 3258 3828 verberum
3291 3775 3373 3851 et,

269 3876 699 3946 asperitatem
738 3873 1276 3932 indumentorum
1310 3889 1429 3949 per
1463 3872 1658 3948 longa
1694 3880 1996 3949 tempora
2032 3873 2163 3932 sibi
2198 3874 2557 3948 imponant.

1723 4096 1898 4155 LXX.

1561 4290 1650 4348 De
1701 4291 2062 4349 mendacio.

353 4502 454 4561 83.
493 4500 660 4561 Nam
699 4497 964 4559 fallacia
998 4498 1267 4571 veritati
1303 4513 1431 4557 non
1470 4498 1862 4573 congaudet,
1902 4500 2015 4557 sed
2056 4498 2228 4574 quod
2267 4514 2393 4558 non
2427 4502 2552 4574 est,
2592 4515 2710 4559 nec
2744 4516 2891 4561 esse
2927 4509 3175 4577 potest,
3210 4520 3363 4564 exa-

273 4611 480 4678 gerat,
537 4610 605 4662 et
655 4603 779 4662 hoc
829 4619 980 4662 cum
1030 4602 1430 4662 exaltatione
1481 4607 1547 4661 et
1595 4618 1747 4660 cum
1799 4603 2046 4678 injusta
2072 4604 2329 4663 laetitia
2367 4604 2544 4664 facit.
2582 4606 2757 4665 Nulli
2794 4608 2969 4665 enim
3003 4610 3358 4668 veritatem

269 4709 635 4783 confitetur,
665 4708 780 4767 sed
811 4708 875 4767 in
909 4700 1251 4767 mendacio
1287 4707 1502 4766 aliena
1538 4708 1854 4784 loquitur,
1885 4724 2058 4783 quae
2094 4708 2316 4768 nullus
2350 4709 2578 4769 videre
2613 4711 2855 4785 potest,
2886 4715 2953 4769 et
2987 4710 3114 4770 hoc
3148 4713 3352 4771 etiam

271 4820 492 4872 contra
545 4812 753 4872 Deum
786 4817 853 4870 et
886 4817 1119 4871 contra
1168 4818 1437 4871 sanctos
1471 4811 1645 4888 ejus,
1686 4812 1749 4870 in
1783 4812 2029 4887 quibus
2063 4811 2238 4871 Deus
2273 4814 2483 4873 multa
2527 4814 2849 4873 miracula
2884 4821 3224 4890 operatur,
3265 4806 3361 4875 fa-

270 4930 410 4976 cere
461 4916 708 4975 studet.
762 4915 945 4975 Istud
982 4930 1266 4991 namque
1300 4915 1540 4975 vitium
1577 4915 2006 4975 inhumanum
2043 4919 2177 4989 est;
2216 4917 2390 4993 quod
2426 4917 2601 4975 enim
2639 4917 2835 4977 homo
2873 4918 2939 4977 in
2974 4919 3356 4979 carnalibus

273 5019 616 5079 desideriis
667 5027 920 5093 peccat,
963 5019 1318 5079 humanum
1370 5025 1495 5091 est;
1550 5020 1726 5094 quod
1777 5035 1936 5079 vero
1985 5021 2401 5079 mendacium
2440 5022 2766 5094 sequitur,
2804 5025 2989 5080 extra
3028 5023 3357 5087 hominem

339 5173 377 5233 ¹)
404 5175 660 5243 mnyebat
690 5172 778 5227 W.
