4036 6117
796 445 926 511 ΜΓ)
1957 466 2006 510 s
2064 465 2602 514 ninnnctlnois

723 590 888 653 stris
939 588 1155 650 famae
1206 591 1564 665 praeconio
1615 590 1942 649 celebrari
1995 592 2340 666 inciperet,
2393 599 2459 651 et
2509 592 2728 667 gratia
2777 608 3107 666 supernae
3161 593 3625 653 illustrationis
3668 608 3774 671 qua

719 695 1268 772 perfundebatur,
1321 694 1679 770 opinioque
1714 694 1861 771 piae
1912 696 2447 755 conversationis
2482 697 2628 771 ejus
2667 712 2784 772 per
2824 696 3183 756 multorum
3232 714 3351 757 ora
3372 699 3681 771 volitans,
3709 699 3773 757 de

718 800 827 860 die
862 799 929 858 in
973 797 1147 856 diem
1187 797 1400 871 magis
1444 813 1522 855 ac
1558 797 1773 871 magis
1825 797 2271 868 illucesceret,
2324 799 2724 874 quibusdam
2764 800 3113 874 utriusque
3163 815 3364 859 sexus
3407 802 3695 876 personis
3722 802 3774 861 in

721 905 1018 966 favorem
1051 902 1195 977 ejus
1226 901 1742 973 declinantibuS,
1780 907 1848 960 et
1879 903 2107 962 nescio
2144 904 2436 963 scienter
2470 921 2550 963 an
2591 905 2974 978 ignoranter
3009 905 3197 963 varia
3240 904 3321 963 de
3359 905 3472 963 illa
3502 904 3774 979 jactanti·

716 1014 866 1088 buS,
920 1011 1093 1070 inter
1125 1009 1498 1082 credibilia,
1535 1008 1739 1068 etiam
1791 1009 2109 1068 nonnulla
2160 1025 2332 1085 quae
2366 1009 2563 1069 fidem
2606 1010 3026 1083 excederent,
3064 1010 3146 1069 de
3196 1010 3390 1070 modo
3423 1009 3772 1085 praedictae

715 1114 1190 1179 illustrationis
1225 1114 1440 1187 ipsius
1478 1113 1881 1172 ferebantur.
1921 1113 2181 1171 Interea
2219 1114 2439 1181 multi,
2475 1113 2678 1173 odore
2709 1115 3196 1187 unguentorum
3225 1113 3370 1187 ejus
3407 1113 3591 1186 tacti,
3625 1113 3775 1172 sicut

710 1220 1046 1281 humanus
1081 1232 1347 1291 semper
1379 1215 1640 1275 animus
1677 1215 2101 1276 insolitorum
2138 1217 2421 1290 cupidus
2456 1218 2588 1285 est,
2624 1232 2705 1274 ex
2738 1216 2923 1292 agris
2950 1221 3152 1292 atque
3182 1204 3351 1275 vicis
3386 1216 3589 1276 simul
3620 1216 3773 1275 etde

712 1321 1105 1384 civitatibus
1152 1319 1601 1395 properabant
1634 1319 1718 1379 ad
1752 1335 1922 1391 eam;
1962 1325 2030 1378 et
2064 1320 2177 1379 alii
2226 1320 2630 1394 devotioniS,
2682 1320 2799 1378 alii
2833 1321 3248 1380 curiositatis
3297 1336 3529 1395 causa,
3568 1320 3658 1380 illi
3686 1336 3774 1381 ex-

712 1425 1117 1502 hortationis
1163 1430 1231 1484 et
1275 1424 1603 1486 orationis
1652 1426 1799 1501 ejus
1850 1425 2171 1500 suffragia
2220 1432 2631 1503 expetenteS,
2686 1427 2797 1487 isti
2833 1434 3060 1487 utrum
3106 1428 3432 1505 propheta
3485 1429 3550 1488 in
3592 1429 3772 1489 Israel

711 1530 1161 1610 apparuisset,
1212 1534 1280 1588 et
1326 1545 1411 1588 an
1460 1530 1685 1605 aliqua
1733 1530 1814 1589 de
1853 1529 2099 1589 futuris
2148 1530 2482 1603 audirent,
2518 1531 2806 1604 experiri
2858 1531 3227 1607 cupienteS,
3271 1533 3546 1608 utrique
3581 1540 3772 1592 tamen

707 1652 861 1697 cum
909 1633 1231 1702 redirent,
1282 1631 1579 1691 novitate
1627 1632 1958 1691 dictorum
2009 1633 2355 1693 auditores
2406 1649 2566 1694 suos
2602 1634 2925 1694 attonitos
2972 1634 3382 1706 efficiebant,
3426 1637 3549 1695 sed
3584 1638 3774 1697 neutri

706 1742 788 1805 de
823 1740 1016 1801 modo
1065 1739 1321 1815 gratiae
1356 1737 1453 1796 illi
1503 1737 1788 1796 coelitus
1824 1738 2108 1798 collatae
2158 1739 2470 1815 cuiquam
2523 1739 2739 1798 relatu
2789 1755 2911 1798 suo
2959 1738 3498 1813 satisfaciebant,
3552 1757 3665 1816 pro
3706 1757 3772 1801 eo

710 1846 971 1906 scilicet
1002 1842 1178 1919 quod
1228 1858 1358 1901 non
1389 1841 1736 1901 miraculis
1786 1841 2171 1902 visibilibus
2209 1843 2689 1917 illustraretur,
2743 1842 2860 1902 sed
2899 1842 3160 1919 fulgore
3211 1844 3532 1905 invisibili
3570 1852 3633 1905 et
3665 1848 3772 1923 ipsi

711 1949 839 2010 soli
872 1952 1054 2022 not0,
1091 1945 1314 2006 anima
1349 1944 1496 2021 ejus
1531 1944 1842 2005 irradiari
1877 1944 2236 2005 diceretur.

792 2055 903 2117 111.
952 2055 1032 2114 Et
1077 2053 1511 2113 vehementer
1542 2052 1810 2128 quidem
1859 2051 2246 2112 delectabar
2279 2054 2345 2112 in
2395 2054 2524 2128 his,
2561 2054 2735 2131 quod
2775 2055 2837 2113 in
2886 2056 3124 2116 diebus
3166 2059 3419 2119 nostris
3470 2059 3686 2133 malis,
3720 2060 3772 2118 in

703 2158 949 2237 quibus
979 2162 1250 2235 praeter
1283 2156 1864 2216 comminationem
1899 2155 2218 2229 divinam,
2266 2158 2489 2218 ablata
2523 2164 2630 2217 est
2664 2159 2835 2218 visio
2870 2165 2935 2219 et
2968 2160 3345 2236 prophetia,
3396 2170 3463 2221 et
3499 2178 3690 2222 senes
3719 2165 3774 2223 in

702 2265 948 2342 quibus
980 2268 1086 2323 est
1120 2260 1472 2338 sapientia,
1525 2259 1606 2318 de
1641 2259 1859 2319 medio
1898 2258 2058 2319 facti
2108 2266 2291 2330 sunt,
2327 2265 2395 2320 et
2431 2264 2615 2322 tanta
2651 2263 2897 2322 raritas
2933 2263 3316 2323 sanctitatis
3361 2266 3691 2337 reperitur
3719 2264 3774 2322 in

699 2369 926 2443 terriS,
979 2368 1321 2426 inventum
1369 2368 1553 2424 esset
1585 2380 1932 2439 organum,
1984 2363 2231 2425 divinis
2265 2371 2330 2424 et
2381 2365 2693 2427 humanis
2725 2365 2965 2426 usibus
2999 2373 3251 2442 aptum,
3288 2368 3465 2443 quod
3515 2368 3774 2441 inspira·

698 2477 878 2538 tione
910 2474 1028 2534 Dei
1077 2473 1429 2550 repletum,
1481 2469 1867 2530 refunderet
1917 2470 2225 2530 fidelibus
2260 2486 2431 2547 quae
2467 2472 2862 2546 accepisset:
2914 2471 3378 2548 delinquentes
3420 2473 3679 2532 scilicet
3718 2478 3774 2531 et

699 2578 1029 2655 superbos
1064 2575 1253 2651 gravi
1291 2574 1514 2649 rugitu
1553 2574 1977 2651 increpando,
2020 2580 2395 2634 moerentes
2430 2591 2548 2649 pro
2583 2575 2881 2651 peccatis
2916 2581 2983 2634 et
3016 2573 3347 2637 contritos
3397 2577 3603 2637 corde
3634 2577 3775 2636 leni·

695 2684 822 2744 bus
856 2680 1074 2741 sibilis
1127 2678 1509 2747 recreandO,
1547 2679 1713 2736 bene
1761 2678 2144 2738 incedentes
2178 2685 2245 2738 et
2296 2685 2516 2740 rectos
2551 2680 2633 2739 ad
2684 2696 2974 2754 superna
3009 2680 3381 2757 appetenda
3425 2683 3772 2742 subtilibus

695 2783 1147 2849 incitamentis
1196 2799 1275 2843 ac
1325 2783 1382 2841 si
1433 2782 1836 2859 quibusdam
1887 2783 2304 2843 acutissimis
2349 2783 2582 2859 jubilis
2633 2785 3079 2861 provocandO.
3132 2785 3294 2845 Nam
3345 2793 3411 2844 et
3463 2786 3774 2861 profunda

693 2892 995 2953 cordium
1044 2893 1396 2965 penetrare
1445 2890 1511 2946 et
1547 2887 1788 2945 intueri
1843 2886 2204 2952 ferebatur,
2244 2887 2416 2946 clam
2453 2895 2520 2947 et
2569 2905 2921 2965 perperam
2954 2895 3145 2964 gesta
3178 2891 3260 2949 ad
3296 2893 3769 2951 correctionem

690 2996 1117 3078 quibusdam,
1156 2994 1455 3055 modeste
1491 2995 1733 3068 tamen,
1773 2993 2254 3070 improperare;
2293 2995 2374 3054 de
2408 2995 2513 3054 his
2546 2996 2747 3055 etiam
2786 3010 2958 3071 quae
2993 3002 3279 3055 ventura
3305 2996 3650 3073 aliquibus
3682 3012 3772 3055 es—

691 3112 862 3182 sent,
898 3121 1029 3166 non
1062 3119 1275 3179 pauca
1309 3102 1764 3178 pronuntiare.

777 3210 880 3271 IV.
915 3207 1314 3268 Delectabar
1345 3220 1528 3279 erg0,
1577 3206 1648 3262 ut
1695 3203 1853 3274 dixi,
1908 3208 2042 3261 tam
2084 3204 2351 3264 insolito
2396 3207 2666 3281 tamque
2719 3205 3074 3266 favorabili
3125 3206 3343 3265 famae
3394 3206 3769 3282 praeconio,

684 3329 1087 3391 proponens,
1126 3312 1185 3369 si
1219 3310 1383 3369 mihi
1418 3311 1760 3368 constaret
1793 3307 1873 3365 de
1909 3306 2039 3378 his,
2092 3314 2158 3367 et
2208 3310 2676 3385 opportunitas
2730 3310 3085 3387 aliquando
3133 3315 3626 3386 praestaretur,
3678 3325 3771 3369 me

682 3416 833 3493 ejus
869 3421 938 3476 et
969 3413 1262 3488 alloquio
1300 3410 1431 3470 frui
1479 3414 1547 3470 et
1580 3409 1884 3469 consilio.
1938 3409 2062 3468 Sed
2114 3426 2245 3469 non
2293 3411 2544 3471 oblitus
2593 3411 2769 3487 quod
2814 3412 2895 3470 de
2943 3412 3173 3472 eadem
3227 3411 3404 3471 fama
3452 3412 3771 3489 propheta

686 3518 1007 3596 loquitur,
1043 3521 1367 3593 quantum
1403 3513 1664 3572 scilicet
1699 3528 1817 3588 per
1863 3497 2211 3572 mendacia
2260 3516 2527 3588 crescit,
2579 3515 2889 3591 quodque
2940 3532 3093 3575 rara
3140 3510 3187 3593 ¹)
3233 3515 3398 3575 fides
3449 3515 3603 3577 ideo
3649 3524 3765 3579 est.

682 3626 841 3702 quia
876 3623 1069 3684 multi
1104 3621 1316 3681 multa
1350 3603 1736 3695 loquuntur,
1774 3636 1905 3678 non
1938 3619 2209 3694 quidem
2244 3621 2511 3680 omnino
2548 3620 2977 3697 loquentibus
3014 3623 3143 3682 ista
3181 3622 3611 3697 resistebam,
3663 3625 3768 3683 sed

679 3728 941 3805 pigrius
977 3727 1055 3786 ad
1093 3722 1495 3784 credendum
1531 3721 1710 3781 etad
1751 3722 2284 3797 investigandam
2330 3725 2425 3783 rei
2476 3726 2830 3784 veritatem
2882 3727 3231 3800 movebar,
3286 3728 3579 3787 maxime
3627 3744 3767 3788 cum

679 3850 802 3894 nec
834 3833 1194 3909 quisquam
1228 3829 1411 3888 esset
1446 3844 1519 3886 ex
1559 3829 2077 3902 revertentibus,
2116 3830 2229 3904 qui
2268 3829 2518 3906 aliquid
2555 3832 2723 3890 certi
2769 3848 2972 3908 super
3021 3833 3146 3892 hoc
3192 3835 3558 3895 nuntiaret.
3616 3837 3771 3895 Con·

679 3943 934 4014 tempta
967 3951 1127 4011 ergo
1165 3934 1489 3994 laciniosa
1539 3933 1949 4009 loquacitate
1981 3935 2476 4009 dissidentium,
2533 3937 2836 3997 simulet
2884 3941 3239 4000 revolvens
3288 3941 3452 4000 illud
3498 3941 3769 4003 Joannis

677 4041 985 4118 apostoli:
1043 4040 1451 4112 Charissimi,
1488 4039 1693 4098 nolite
1741 4040 1920 4097 omni
1969 4041 2241 4116 spiritui
2290 4041 2559 4100 credere
2606 4038 2682 4118 ²),
2734 4043 2848 4101 sed
2889 4042 3158 4118 probate
3212 4044 3528 4120 SpirituS,
3584 4050 3643 4106 si
3688 4067 3765 4105 ear

676 4148 810 4209 Deo
844 4151 1023 4218 sunt,
1063 4150 1128 4203 et
1162 4143 1335 4219 quod
1377 4143 1516 4219 ipse
1550 4140 1833 4201 Satanas
1867 4143 2302 4218 transfigurat
2351 4161 2421 4204 se
2471 4162 2601 4204 non
2651 4147 2869 4205 solum
2919 4147 2985 4205 in
3036 4149 3341 4222 angelum
3394 4150 3599 4221 lucis,
3653 4149 3765 4210 sed

675 4253 877 4312 etiam
916 4250 980 4309 in
1029 4248 1320 4324 effigiem
1373 4247 1717 4320 Christi,...
1772 4245 2020 4306 intendi
2071 4249 2391 4324 animum,
2444 4255 2777 4324 quatenus
2826 4266 3108 4327 operose
3157 4252 3398 4312 nubem
3449 4254 3758 4330 caliginis

674 4371 795 4415 seu
828 4352 1269 4414 dubitationis
1307 4351 1504 4427 hujus
1538 4367 1819 4426 prorsus
1871 4351 2013 4426 ipse
2066 4351 2227 4410 mihi
2282 4369 2695 4428 amoverem,
2748 4360 2814 4414 et
2863 4354 3089 4430 potius
3137 4355 3438 4431 eJ‘usdem
3487 4365 3763 4418 sanctae

673 4475 842 4520 anus
878 4457 1127 4530 verbis,
1166 4472 1366 4532 quam
1402 4457 1686 4515 aliorum
1725 4455 2158 4529 rumusculiS,
2211 4456 2371 4532 quid
2405 4456 2487 4515 de
2521 4459 2858 4518 universis
2907 4458 3189 4536 ejusque
3240 4460 3458 4520 famae
3504 4462 3763 4539 disper-

673 4569 879 4637 serat,
916 4561 1271 4621 tenendum
1307 4567 1511 4635 esset,
1549 4560 1944 4629 ediscerem,
1982 4576 2065 4619 ne
2096 4560 2210 4620 diu
2248 4576 2452 4637 super
2485 4561 2592 4622 his
2634 4564 2980 4639 vacillans,
3031 4566 3137 4624 vel
3188 4565 3359 4625 falsa
3405 4583 3528 4642 pro
3579 4572 3762 4628 veris

671 4669 1110 4743 susciperem,
1147 4665 1252 4724 vel
1287 4681 1449 4723 vera
1483 4670 1799 4739 tanquam
1839 4663 2008 4723 falsa
2046 4664 2463 4739 rejicerem...

757 4775 829 4836 V.
863 4773 1161 4834 Domnus
1198 4770 1457 4830 scilicet
1492 4770 1784 4844 SigeruS,
1821 4770 1927 4828 vir
1961 4769 2208 4829 nobilis
2241 4770 2322 4829 de
2355 4771 2629 4846 Waura,
2676 4772 2788 4847 qui
2826 4771 2983 4831 licet
3015 4772 3309 4832 exterius
3346 4774 3473 4835 sub
3521 4773 3757 4836 habitu

670 4883 946 4948 militari
981 4881 1379 4954 deserviret,
1423 4886 1641 4938 tamen
1675 4878 1807 4938 Deo
1852 4879 1989 4952 jam
2041 4882 2198 4938 tunc
2244 4879 2527 4937 devotus
2577 4885 2750 4949 erat,
2802 4881 3049 4957 quique
3098 4898 3177 4941 eo
3230 4885 3531 4957 tempore
3578 4899 3761 4944 eam-

669 4990 817 5048 ‹lem
854 4986 1303 5046 venerabilem
1338 4982 1452 5041 Dei
1499 4983 1817 5043 famulam
1868 4998 2027 5058 prae
2082 4983 2469 5042 intentionis
2519 4983 2743 5043 studio
2797 4983 3289 5061 frequentabat,
3343 4992 3410 5045 et
3463 4986 3758 5061 plurimo

739 5174 780 5242 ¹)
809 5181 930 5229 rata
957 5175 1087 5246 fides
1119 5172 1450 5244 apographa.
1489 5204 1550 5210 --
1578 5173 1622 5238 2)
1657 5177 1680 5225 ¹
1710 5172 1866 5226 Joan.
1903 5170 2004 5233 iv,
2039 5177 2120 5225 11.
2154 5173 2186 5222 4
2211 5170 2334 5227 Cor.
2364 5167 2465 5232 xi,
2500 5171 2580 5223 Η.
