4036 6117
671 447 799 508 1⁴16
1823 461 1874 505 s.
1926 458 2486 506 nnnsscAnms

599 585 804 643 etiam
830 580 1066 641 deinde
1101 581 1183 640 ad
1216 580 1519 640 eamdem
1551 579 1992 640 fortissimam
2025 582 2163 640 vim
2188 580 2489 655 ejusdem
2518 577 2860 638 Creatoris
2888 575 2994 636 sui
3020 593 3094 636 se
3130 576 3548 654 recolligunt,
3579 578 3693 640 ubi

596 685 866 745 easdem
918 689 1267 742 creaturas
1315 683 1652 742 declinare
1685 686 2102 758 permittunt.
2135 683 2301 743 Nam
2340 688 2691 741 creaturae
2723 696 2895 757 quae
2938 680 3064 740 sub
3096 681 3447 742 elementis
3495 691 3694 758 sunt,

596 804 770 847 nunc
806 789 1137 863 oriuntur,
1176 804 1350 847 nunc
1385 788 1716 847 occidunt.
1756 789 1920 848 Cum
1953 789 2130 846 enim
2164 788 2492 846 elementa
2526 786 2608 846 ad
2647 785 2870 845 officia
2904 803 3026 845 sua
3057 785 3409 862 prodeunt,
3464 788 3697 850 fructi-

601 891 983 951 ficationem
1019 892 1293 966 faciunt3
1346 909 1494 951 cum
1549 908 1709 952 vero
1759 909 1879 968 per
1910 897 2342 968 praeceptum
2374 891 2493 950 Dei
2543 891 3056 966 recolliguntur,
3109 890 3696 953 fructificationem

599 996 1021 1058 subtrahunt:
1045 996 1605 1072 quemadmodum
1633 998 1829 1056 homo
1859 997 2141 1056 halitum
2168 1013 2364 1056 suurn
2391 1012 2472 1054 ne
2500 996 2565 1054 in
2593 995 3134 1055 infructuositate
3152 995 3418 1056 deficiat
3442 997 3693 1071 educit,

601 1106 670 1159 et
705 1105 778 1158 ut
812 1115 962 1158 eum
1001 1100 1083 1158 ad
1119 1101 1604 1174 requietionem
1636 1101 2083 1175 vegetationis
2114 1100 2200 1159 ad
2236 1116 2308 1159 se
2342 1101 2586 1159 iterum
2623 1098 2989 1174 recolligit,
3041 1099 3206 1158 haec
3239 1099 3441 1159 etiam
3490 1116 3699 1176 opera

602 1204 684 1263 ad
718 1206 926 1264 vitam
963 1206 1223 1264 animae
1259 1206 1651 1281 respiciunt3
1688 1222 1840 1265 nam
1880 1206 2200 1266 fortitudo
2252 1205 2580 1279 spiritalis
2613 1205 2793 1264 vitae
2827 1204 2894 1263 in
2935 1205 3156 1263 anima
3188 1205 3373 1263 velut
3407 1205 3700 1265 medulla

607 1322 925 1366 coxarum
964 1308 1027 1366 in
1066 1323 1266 1366 carne
1300 1314 1426 1381 est,
1464 1308 1544 1366 de
1579 1324 1712 1383 qua
1744 1324 1864 1385 per
1888 1309 2128 1369 bonam
2158 1309 2401 1368 famam
2436 1309 2617 1367 vires
2642 1307 2971 1366 virtutum
3004 1307 3191 1366 velut
3213 1308 3701 1368 elementorum

598 1408 961 1489 cxcuset¹),
990 1418 1056 1471 et
1084 1413 1327 1473 iterum
1355 1413 1421 1471 in
1448 1413 1749 1472 eamdem
1779 1413 2241 1472 fortitudinem
2267 1429 2388 1488 per
2412 1411 3043 1486 contemplationem
3070 1412 3448 1471 orationum
3475 1425 3705 1472 rever-

601 1520 854 1589 tuntur3
891 1517 1066 1574 sicut
1098 1519 1165 1575 et
1189 1515 1612 1591 compunctio
1641 1516 1865 1575 cordis
1894 1517 1958 1575 in
1994 1515 2258 1575 homine
2293 1517 2495 1589 mota,
2533 1515 2615 1574 ad
2649 1514 2856 1574 Deum
2892 1514 3207 1573 lacrimas
3243 1513 3480 1588 fundit,
3504 1519 3577 1573 et
3612 1514 3705 1572 si-

609 1622 720 1679 cut
754 1620 839 1679 ab
872 1619 1104 1679 eadem
1139 1622 1645 1695 compunctione
1680 1637 1978 1694 cessans,
2015 1616 2331 1678 lacrimas
2367 1620 2606 1679 iterum
2646 1620 2709 1677 in
2747 1634 2820 1676 se
2852 1618 3168 1677 continet.

2046 1843 2266 1904 XXIII.

1168 2039 1351 2111 Quod
1397 2040 1725 2098 elementa
1773 2039 2084 2097 humanis
2133 2035 2596 2113 iniquitatibus
2648 2035 3143 2095 subvertuntur.

691 2248 798 2308 31.
835 2249 956 2307 Sed
993 2247 1171 2323 quod
1207 2247 1397 2306 audis
1432 2261 1741 2321 magnam
1790 2261 2022 2304 vocem
2073 2260 2151 2302 ex
2184 2245 2536 2303 elementis
2586 2243 2814 2303 mundi
2849 2242 2931 2302 ad
2968 2243 3187 2317 ipsum
3227 2243 3450 2301 virum
3480 2241 3709 2301 dicen-

603 2353 758 2425 tem,
797 2351 921 2410 hoc
954 2356 1058 2409 est
1091 2348 1268 2426 quod
1301 2350 1637 2426 querelae,
1680 2348 1863 2406 velut
1897 2348 2224 2406 maximas
2251 2347 2793 2420 vociferationeS,
2831 2346 3162 2404 elementa
3196 2344 3278 2404 ad
3314 2346 3702 2405 Creatorem

603 2468 798 2512 suum
830 2452 1201 2527 proferunt,
1238 2467 1370 2510 non
1404 2451 1495 2510 ita
1528 2450 1705 2525 quod
1742 2451 1886 2525 ipsa
1923 2449 2212 2510 humano
2249 2464 2432 2508 more
2467 2449 2847 2524 loquantur,
2886 2447 3003 2506 sed
3038 2446 3215 2524 quod
3250 2446 3578 2523 quasdam
3611 2448 3709 2507 si-

607 2556 1069 2632 gnificationes
1103 2570 1577 2631 pressurarum
1611 2570 1888 2614 suarum
1920 2554 2305 2628 ostendunt3
2342 2569 2492 2612 cum
2522 2556 2781 2612 rectum
2806 2552 3099 2626 modum,
3129 2567 3332 2628 quem
3365 2569 3403 2611 a
3431 2552 3708 2612 Creato-

602 2677 673 2720 re
706 2677 826 2720 suo
859 2665 1284 2736 acceperunt,
1322 2659 1722 2736 quibusdam
1758 2659 1997 2719 alienis
2034 2658 2329 2718 motibus
2363 2663 2430 2717 et
2465 2657 2869 2733 quibusdam
2895 2657 3134 2716 alienis
3169 2657 3507 2732 cursibus»,
3545 2671 3705 2732 pec-

603 2769 773 2827 catis
801 2767 1146 2826 hominum
1183 2767 1440 2826 irretita
1464 2764 1514 2844 ²)
1542 2766 1890 2826 excedunt:
1921 2766 2034 2825 ubi
2061 2766 2524 2826 demonstrant
2551 2763 2729 2841 quod
2763 2764 2911 2822 vias
2938 2767 3005 2823 et
3031 2762 3252 2823 officia
3279 2780 3400 2823 sua
3427 2763 3712 2840 perfice-

605 2887 677 2930 re
709 2887 841 2930 non
874 2870 1163 2944 valeant,
1202 2868 1762 2945 quemadmodum
1788 2870 1888 2929 eis
1914 2885 1955 2928 a
1979 2869 2114 2929 Deo
2139 2864 2187 2947 ³)
2223 2869 2597 2944 injunctum
2623 2873 2751 2941 est,
2782 2867 2940 2942 quia
2966 2866 3312 2926 hominum
3334 2866 3711 2942 iniquitati-

610 2977 737 3036 bus
787 2974 1289 3034 subvertuntur.
1340 2972 1523 3033 Unde
1568 2974 1775 3032 etiarn
1823 2973 2207 3048 pestilentia
2255 2988 2616 3048 pravorum
2665 2987 3007 3031 rumorum
3057 2977 3125 3029 et
3176 2970 3348 3030 fame
3389 2970 3717 3031 defectio-

609 3081 712 3138 nis
741 3078 1067 3155 justitiae‚
1097 3078 1413 3154 quoniam
1447 3076 1752 3137 homines
1777 3078 1963 3137 illam
1990 3084 2171 3137 recte
2200 3094 2331 3137 non
2357 3078 2607 3150 colunt,
2640 3075 2912 3151 foetent,
2939 3092 3091 3135 cum
3114 3076 3319 3136 etiam
3348 3076 3713 3152 aliquando

611 3184 868 3244 sumum
900 3183 1279 3258 poenalium
1318 3181 1669 3256 foetorum,
1708 3181 2199 3256 turpitudinum
2226 3181 2597 3256 hominum,
2635 3180 2767 3241 sibi
2798 3178 3225 3254 contrahunt,
3255 3179 3372 3239 ubi
3404 3177 3716 3240 foeditati

611 3304 844 3346 eorum
878 3287 1395 3359 communicant,
1431 3287 1591 3363 quia
1624 3285 1930 3345 homines
1967 3286 2034 3346 in
2070 3287 2205 3346 illis
2239 3293 2307 3346 et
2341 3286 2457 3347 illa
2488 3301 2642 3344 cum
2678 3284 3061 3344 hominibus
3095 3289 3271 3343 suut.

2025 3506 2297 3570 XXIIII.

979 3703 1160 3775 Quod
1211 3702 1386 3762 Deus
1436 3703 1730 3761 homines
1779 3704 2063 3772 cruciat,
2114 3708 2186 3760 ut
2238 3720 2342 3762 eos
2390 3704 2667 3764 reducat
2714 3703 2802 3763 ad
2841 3704 3344 3780 poenitentiam.

700 3914 807 3972 32.
845 3910 969 3969 Sed
1006 3911 1179 3970 idem
1214 3911 1342 3981 vir,
1381 3910 1643 3970 scilicet
1674 3909 1880 3981 DeuS,
1919 3910 2280 3987 respondet
2305 3911 2482 3987 quod
2518 3912 2766 3986 scopis,
2797 3912 2863 3970 id
2889 3916 2994 3970 est
3022 3910 3294 3986 judiciis
3326 3914 3395 3968 et
3426 3907 3717 3982 castiga-

615 4015 909 4075 tionibus
945 4014 1112 4088 suis‚
1150 4030 1230 4073 ea
1263 4014 1352 4072 sit
1385 4016 1817 4090 purgaturus,
1856 4021 1922 4075 et
1956 4015 2134 4092 quod
2169 4014 2496 4090 homineS,
2544 4017 2609 4075 in
2642 4017 2937 4090 peccatis
2989 4014 3362 4089 sordenteS,
3397 4012 3714 4088 plurimis

605 4116 890 4193 flagellis
925 4122 990 4175 et
1024 4115 1525 4180 calamitatibus
1576 4118 1662 4175 sit
1715 4116 2051 4177 interdurn
2099 4118 2548 4192 cruciaturus,
2602 4133 2951 4195 quousque
2984 4116 3067 4176 ad
3115 4117 3339 4191 ipsum
3382 4116 3449 4174 in
3481 4113 3711 4188 poeni-

608 4220 889 4279 tentiam
925 4218 1220 4294 redeant,
1271 4219 1591 4295 quoniam
1640 4227 1797 4280 tunc
1830 4221 2078 4280 multas
2127 4222 2507 4282 voluntates
2541 4221 2886 4281 hominurn
2921 4220 3051 4280 sihi
3100 4220 3226 4279 hoc
3270 4217 3463 4278 modo
3513 4230 3711 4293 prae-

613 4322 898 4398 parabit.

2041 4528 2246 4594 XXV.

1120 4740 1302 4812 Quod
1353 4740 1527 4801 Deus
1578 4743 1715 4800 vult
1768 4746 1992 4803 omnia
2036 4745 2292 4802 ‘munda
2339 4763 2476 4802 esse
2528 4746 2599 4803 in
2650 4750 3004 4820 conspectu
3053 4739 3219 4815 ejus,

696 4950 801 5008 33.
840 4949 919 5007 Et
954 4950 1215 5024 quoties
1251 4950 1484 5009 eadem
1517 4952 1847 5011 elementa
1894 4953 2125 5028 pravis
2176 4954 2441 5014 actibus
2494 4954 2838 5014 hominum
2872 4956 3125 5029 polluta
3178 4954 3455 5029 fuerint,
3508 4956 3713 5015 toties

684 5121 723 5185 ¹)
752 5120 844 5175 Sic
873 5120 940 5183 Α,
973 5122 1060 5176 W.
1095 5121 1224 5176 sort.
1257 5126 1464 5178 excitet.
1500 5154 1562 5162 -
1590 5126 1634 5191 ²)
1669 5127 1895 5179 irritata
1923 5122 2015 5183 W.
2050 5123 2088 5178 s.
2122 5124 2280 5178 bene.
2314 5155 2381 5163 —
2409 5124 2453 5187 ³)
2479 5140 2515 5177 a
2542 5122 2653 5179 Deo
2680 5127 2758 5178 eis
2784 5123 2875 5176 W.
