4036 6117
711 434 796 491 24
1868 456 1919 498 s.
1972 452 2507 502 unumunms

2061 708 2301 768 XXXV.

1625 917 1946 977 Mirabilis
1989 920 2278 978 hominis
2327 920 2733 995 reformatio,

718 1134 822 1194 47.
872 1133 952 1191 Et
998 1129 1175 1189 idem
1222 1126 1328 1186 vir
1375 1140 1449 1184 se
1497 1124 1578 1183 ad
1621 1123 1958 1184 Orientem
1991 1126 2220 1199 vertit,
2260 1126 2350 1185 ita
2384 1125 2563 1202 quod
2596 1130 2664 1185 et
2696 1125 3035 1187 Orientem
3068 1132 3135 1187 et
3167 1130 3489 1189 Austrum
3525 1130 3732 1209 inspi-

618 1239 739 1312 cit,
790 1233 1106 1311 quoniam
1150 1228 1327 1289 Deus
1377 1228 1444 1288 in
1484 1228 1812 1304 principio
1849 1228 2074 1287 mundi
2109 1234 2457 1288 creaturas
2491 1230 2687 1305 quasi
2724 1228 3088 1305 fulgentem
3121 1232 3333 1291 solem
3362 1234 3728 1309 procedere

610 1339 845 1415 jussit3
897 1343 965 1395 et
1010 1351 1127 1395 eas
1167 1349 1299 1393 non
1333 1332 1553 1391 solum
1585 1330 1920 1408 produxit,
1957 1332 2074 1391 sed
2109 1333 2314 1392 etiam
2349 1334 2415 1391 in
2446 1333 2858 1409 perfectione
2890 1336 3087 1411 quasi
3119 1335 3186 1394 in
3219 1336 3465 1397 Austro
3500 1340 3729 1400 multi-

618 1444 918 1520 plicavit,
969 1456 1122 1500 cum
1168 1444 1237 1499 et
1283 1437 1618 1496 hominem
1664 1436 1780 1512 qui
1812 1436 2062 1497 bonum
2094 1438 2500 1513 principium
2533 1438 2814 1514 accepit,
2851 1445 2919 1498 et
2951 1440 3066 1515 qui
3100 1441 3184 1500 ab
3220 1440 3335 1499 illo
3370 1440 3434 1499 in
3467 1441 3724 1503 malum

610 1550 992 1620 corruerat,
1050 1559 1183 1603 non
1229 1546 1489 1602 tantum
1537 1539 1618 1599 ad
1667 1539 2071 1618 principium
2106 1556 2302 1600 suum
2336 1538 2753 1616 reformavit,
2791 1540 2909 1601 sed
2941 1541 3147 1602 etiam
3181 1542 3474 1619 majores
3507 1543 3722 1604 virtu-

608 1658 716 1711 tes
749 1646 1131 1710 sanctitatis
1164 1645 1233 1705 in
1264 1658 1342 1704 eo
1376 1642 1731 1703 dedicavit.

2030 1854 2299 1914 XXXVI.

1482 2062 1687 2121 Nemo
1734 2064 1807 2122 in
1855 2061 2159 2139 operibus
2209 2063 2343 2121 Deo
2390 2063 2824 2123 assimilatur.

685 2278 791 2339 48.
842 2275 967 2335 Sed
1014 2272 1190 2350 quod
1237 2271 1467 2332 vultus
1501 2270 1647 2346 ejus
1685 2275 1869 2330 tanta
1916 2269 2225 2329 claritate
2263 2268 2498 2345 fulget,
2536 2270 2714 2346 quod
2745 2285 2898 2329 eum
2933 2269 3015 2330 ad
3048 2268 3422 2347 perfectum
3457 2271 3705 2331 intueri

589 2398 723 2441 non
769 2385 983 2456 poteS,
1036 2376 1161 2435 hoc
1208 2380 1313 2434 est
1348 2373 1525 2449 quod
1560 2379 1793 2433 sancta
1825 2372 2157 2432 Divinitas
2192 2377 2330 2432 tam
2362 2372 2605 2433 ardens
2638 2378 2706 2432 et
2740 2377 2876 2432 tarn
2910 2374 3094 2433 clara
3129 2374 3196 2433 in
3228 2374 3408 2433 omni
3441 2374 3702 2434 bonita-

592 2490 661 2542 te
708 2487 777 2542 et
818 2480 1083 2556 iustitia
1129 2482 1266 2551 est,
1318 2476 1494 2552 quod
1543 2491 1693 2536 eam
1740 2476 1965 2536 nullus
2015 2476 2309 2536 scrutari
2355 2478 2555 2536 valet.
2590 2477 2756 2535 Nam
2789 2482 3059 2551 praeter
3089 2475 3321 2550 Deum,
3357 2477 3533 2536 Deus
3567 2493 3706 2537 non

593 2590 733 2660 est3
784 2585 893 2643 cui
944 2583 1010 2641 in
1057 2580 1374 2657 operibus
1410 2580 1552 2638 suis
1587 2595 1781 2639 nemo
1816 2580 2257 2655 assimilatur,
2294 2581 2611 2656 quoniam
2646 2580 2712 2639 in
2742 2580 3055 2640 omnibus
3092 2580 3518 2640 mirabilibus
3550 2580 3701 2640 suis

592 2689 783 2749 solus
814 2688 991 2747 Deus
1017 2693 1146 2759 est,
1182 2700 1354 2762 quae
1386 2682 1614 2758 etiam,
1645 2685 1822 2744 sicut
1851 2689 1919 2743 et
1954 2671 2118 2759 ipse,
2151 2684 2852 2761 incomprehensibilia
2888 2689 3061 2743 sunt.
3089 2683 3241 2759 lpse
3273 2683 3479 2743 etiam
3513 2684 3694 2758 ignis

588 2793 719 2850 iste
765 2795 893 2863 est,
943 2789 1024 2848 de
1072 2803 1203 2864 quo
1254 2786 1471 2862 angeli
1521 2787 1755 2845 ardent
1803 2793 1870 2846 et
1918 2787 2174 2861 vivunt3
2226 2792 2295 2847 et
2342 2788 2619 2846 claritas
2670 2787 2806 2861 illa,
2843 2787 2926 2846 de
2960 2803 3092 2862 qua
3125 2787 3417 2862 plurima
3449 2802 3698 2847 arcana

595 2891 986 2968 procedunt,
1031 2904 1203 2966 quae
1252 2887 1427 2947 infra
1475 2903 1547 2947 se
1594 2888 1803 2947 vitam
1851 2888 2332 2948 miraculorum
2381 2888 2646 2962 habent,
2689 2904 2868 2964 quae
2917 2888 2986 2947 in
3029 2887 3163 2947 Deo
3204 2893 3330 2947 est.
3375 2888 3697 2948 Miracula

580 2996 762 3055 enim
809 2996 941 3054 ista
989 3009 1194 3070 supra
1242 3007 1505 3051 omnem
1553 3007 1927 3068 numerum,
1965 2993 2079 3070 qui
2117 2994 2184 3052 in
2217 2994 2403 3053 coelo
2437 2997 2505 3051 et
2540 2992 2606 3050 in
2639 2998 2821 3052 terra
2853 3008 2933 3052 ac
2967 2993 3033 3051 in
3067 2990 3311 3068 abysso
3346 2995 3473 3067 est,
3507 2991 3703 3051 dicta.

580 3106 764 3159 sunt

1981 3201 2282 3263 XXXVII.

1502 3407 1931 3485 Dispositioni
1981 3408 2105 3468 Dei
2156 3410 2379 3466 omnia
2423 3406 2752 3468 obediunt.

663 3617 770 3678 49.
821 3615 920 3677 Ad
952 3631 1032 3676 os
1063 3629 1329 3692 quoque
1361 3615 1508 3690 eJus
1541 3613 1823 3676 candida
1853 3614 2067 3675 nubes
2101 3620 2229 3690 est,
2265 3629 2438 3692 quae
2471 3615 2981 3675 similitudinem
3015 3614 3216 3676 tubae
3249 3613 3474 3690 habet,
3511 3630 3679 3691 quo-

569 3725 750 3784 niam
796 3722 1063 3783 divinae
1107 3721 1440 3782 voluntati
1487 3719 1715 3781 divina
1761 3727 1830 3780 et
1876 3720 2109 3781 suavis
2156 3719 2534 3798 dispositiO,
2573 3721 2640 3781 in
2670 3719 3263 3798 comprehensione
3295 3719 3680 3780 divinarum

563 3828 1006 3888 emissionum
1053 3825 1388 3901 adjuncta,
1426 3831 1499 3885 ut
1531 3842 1569 3884 a
1604 3825 1763 3885 tuba
1797 3842 2027 3898 soum,
2063 3825 2388 3901 procedit3
2426 3826 2632 3885 etiam
2665 3826 2960 3885 omnium
2997 3840 3314 3885 sonorum
3348 3825 3676 3884 velociter

571 3931 958 3992 sonantium
991 3932 1187 4008 plena
1219 3936 1345 4004 est,
1383 3930 1541 4006 quia
1573 3929 1999 4006 dispositioni
2043 3930 2160 3990 Dei
2189 3931 2439 4005 omnia,
2473 3931 2622 3990 sive
2653 3929 3101 4005 rationabilia,
3140 3931 3284 3989 sive
3320 3930 3673 3990 irrationa-

560 4032 747 4108 bilia,
799 4038 1070 4092 strenue
1118 4031 1437 4092 obediunt
1486 4031 1551 4090 in
1596 4030 2007 4108 plenitudine
2056 4032 2517 4108 subjectioniS‚
2554 4036 2622 4091 et
2657 4030 2783 4092 hoc
2820 4032 2901 4091 ad
2940 4032 3259 4092 honorem
3293 4037 3362 4091 et
3395 4032 3663 4092 laudem

557 4138 799 4214 ipsiuS,
849 4137 1163 4215 quoniam
1210 4137 1385 4197 Deus
1433 4154 1513 4198 oa
1559 4137 1834 4198 creavit.
1883 4137 2063 4197 Deus
2095 4154 2384 4214 namque
2416 4137 2629 4197 bonus
2661 4141 2789 4214 est,
2825 4145 2893 4198 et
2925 4139 3149 4199 omnia
3182 4155 3356 4216 quae
3391 4139 3474 4199 ab
3513 4139 3662 4216 ipso

560 4242 953 4318 procedunt,
990 4243 1163 4303 bona
1197 4248 1371 4302 sunt.

1940 4456 2275 4519 XXXVIII.

1085 4669 1179 4729 De
1229 4665 1435 4728 tribus
1483 4670 1606 4728 viis
1635 4664 1947 4742 justitiae
1996 4671 2069 4729 in
2117 4668 2324 4730 tribus
2372 4667 2710 4731 ordinibus
2757 4667 3111 4731 beatorum.

641 4878 747 4938 50.
798 4876 999 4937 Unde·
1028 4875 1096 4936 in
1140 4877 1444 4937 eamdem
1492 4876 1722 4938 tubam
1762 4875 1921 4938 dum
1956 4877 2131 4938 idem
2163 4878 2269 4939 vir
2300 4879 2530 4941 flatum
2563 4879 2699 4957 dat,
2736 4885 2876 4941 tres
2909 4885 3145 4940 ventos
3179 4877 3450 4955 emittit,
3487 4892 3653 4956 quoa

548 4981 727 5041 niam
775 4980 1175 5058 profundam
1221 4979 1734 5057 dispositionem
1775 4983 2146 5042 voluntatis
2181 4999 2344 5043 suae
2375 4983 2551 5043 Deus
2587 4988 2849 5044 secreta
2883 4982 3313 5061 inquisitione
3347 4987 3651 5061 pertran-

545 5086 757 5162 siens,
819 5091 958 5146 tres
1014 5085 1161 5146 vias
1212 5084 1517 5160 justitiae
1572 5086 1640 5146 in
1687 5085 1905 5147 tribus
1953 5086 2303 5148 ordinibus
2352 5087 2701 5149 beatorum
2743 5087 3104 5164 procedere
3143 5087 3323 5164 fecit,
3359 5104 3646 5166 quorum
3686 5118 3700 5134 ·
