4036 6117
725 466 860 529 588
1873 490 1923 533 s.
1979 488 2526 537 rrrcotcuannts

727 601 833 660 Sed
862 602 1068 655 cedunt
1099 599 1242 653 idem
1272 599 1545 656 moribus:
2352 604 2613 661 Jucuudo
2642 602 2820 658 servet
2846 602 3060 667 studio:

726 674 832 729 Sed
861 679 960 726 aut
987 671 1097 732 his.
1127 677 1224 725 aut
1253 673 1342 726 his
1369 672 1636 726 omnibus
2351 677 2724 742 Aegrotantes
2752 674 2845 729 hic
2874 675 3137 742 benignis

720 742 869 809 Quid
899 743 1157 797 sudarem
1188 743 1245 796 in
1275 742 1532 803 dicendo.
2357 744 2704 801 Refoventur
2728 745 3041 814 obsequiis;

723 817 910 881 Quum
938 813 1216 883 quidquid
1246 814 1574 877 scriberem,
1602 814 1797 870 miuus
2357 817 2470 871 Hic
2497 832 2768 887 pauperes
2798 815 3132 882 largissimis

727 887 1035 957 Appareret
1067 885 1204 956 ipsis
1231 886 1430 939 rebus?
2360 888 2741 954 pinguescunt
2768 887 3159 958 eleemosynis,

657 955 791 1013 Natu
821 962 878 1010 et
905 955 1004 1010 Dei
1031 954 1282 1010 donariis
2285 957 2536 1028 Capituli
2562 956 2873 1018 districtio.

725 1030 915 1096 Atque
944 1031 1237 1096 potentum
1267 1025 1453 1081 xeniis
2357 1030 2429 1084 Et
2455 1027 2649 1083 orandi
2678 1026 2926 1089 devotio,

726 1101 1018 1165 Quantum
1047 1096 1448 1168 spiritualibus
2354 1099 2570 1154 Altaris
2593 1097 2919 1166 diligentia.

729 1168 902 1225 Bonis
928 1175 983 1223 et
1014 1168 1420 1238 temporalibus
2354 1169 2638 1240 Chorique
2665 1167 2980 1224 reverentia

731 1242 894 1295 lntus
920 1243 978 1294 et
1009 1236 1144 1293 soris
1170 1238 1433 1300 creverit,
2355 1240 2522 1295 Tanti
2551 1244 2774 1296 constat
2799 1238 2948 1310 apud
2974 1255 3067 1294 eos

731 1313 1148 1380 lncompertum
1179 1324 1287 1361 non
1320 1308 1580 1371 habebit.
2356 1313 2645 1378 Quantum
2674 1310 2834 1365 decet
2862 1308 2961 1364 Dei
2992 1325 3201 1372 servos,

723 1380 996 1450 Quisquis
1024 1381 1147 1451 ejus
1177 1378 1447 1435 melliflua
2354 1383 2613 1437 Fratrum
2643 1385 2930 1452 praestant
2956 1380 3359 1436 conventibus,

727 1455 1072 1520 Frequentat
1098 1450 1362 1505 alvearia.
2360 1454 2442 1507 lta
2474 1451 2640 1522 pauci
2670 1451 2962 1511 facultate.

656 1524 771 1580 Hic
797 1522 974 1577 solida
1002 1520 1202 1590 religio
2355 1523 2512 1578 Nulli
2542 1522 2776 1578 vincunt
2805 1521 3127 1582 honestate.

729 1594 896 1650 Nullo
926 1592 1149 1647 vacillat
1182 1592 1428 1651 lubrico;
2355 1594 2536 1660 Quam
2564 1598 2623 1648 et
2652 1599 2848 1647 tenent
2876 1592 3208 1647 inconvulse

729 1664 841 1720 Hic
869 1664 1160 1735 hospitum
1190 1661 1482 1733 susceptio
2358 1664 2425 1718 ln
2451 1665 2609 1720 omni
2639 1678 2825 1719 rerum
2854 1663 3017 1719 serie.

1041 1828 1361 1889 Nobilitas
1411 1834 1471 1886 et
1524 1828 1798 1889 divitiae
1851 1834 2163 1891 ecclesiae
2218 1833 2430 1892 Castri
2480 1832 2644 1891 Novi
2693 1833 2763 1888 in
2811 1847 2941 1905 qua
2987 1831 3366 1904 requiescit.

655 2005 761 2059 Ast
789 2000 942 2056 aliud
972 2002 1120 2055 latus
1149 1998 1329 2060 urbis.
2287 2002 2414 2057 mie
2439 2005 2495 2055 et
2523 1999 2804 2071 quidquid
2831 1999 3092 2080 aequoris

728 2072 889 2139 Quod
918 2086 1175 2127 occasum
1205 2073 1420 2141 spectat
1447 2070 1605 2135 solia
2358 2070 2622 2127 Inficitur
2648 2070 2988 2139 conchylits;

732 2145 982 2199 Castrum
1005 2141 1158 2212 quod
1186 2146 1417 2195 vocatur
1445 2140 1665 2197 Novum
2357 2142 2487 2198 Illic
2512 2146 2571 2196 et
2594 2139 2876 2211 quidquid
2906 2138 3192 2207 tinguitur

735 2215 1007 2269 Decenter
1031 2218 1116 2268 est
1142 2211 1578 2267 communitum.
2355 2212 2571 2280 Quovis
2597 2228 2785 2273 succo,
2813 2211 3115 2280 reperitur.

731 2285 905 2354 Cujus
931 2283 1099 2338 castri
1129 2283 1484 2349 magnificam
2359 2284 2494 2338 Tam
2525 2284 2739 2338 radices
2764 2296 2935 2350 quam
2962 2288 3270 2349 unguenta.

729 2355 872 2421 Quis
899 2352 1164 2408 admirari
1194 2353 1432 2420 gloriam
2357 2356 2629 2423 Fragrant
2655 2352 2778 2408 illic
2804 2352 3074 2423 pretiosa;

730 2424 1041 2494 Cogitando
1069 2422 1333 2485 sufficiat,
2359 2424 2451 2480 Nil
2483 2424 2604 2480 illic
2631 2423 2744 2478 cari
2776 2423 3047 2493 pulveris.

729 2497 944 2552 Nedum
978 2494 1163 2550 verbis
1189 2493 1667 2564 comprehendat?
2364 2495 2478 2550 Aut
2506 2494 2618 2549 rari
2644 2495 2803 2548 deest
2828 2493 3077 2549 corticis

659 2567 819 2634 Quod
847 2568 996 2622 sicut
1022 2566 1239 2620 Novum
1271 2565 1500 2620 nomine
2292 2566 2583 2622 Varietate
2609 2565 2846 2636 pellium

730 2638 825 2693 Sic
851 2642 936 2691 est
964 2652 1171 2690 novum
1201 2641 1257 2690 et
1286 2642 1547 2707 stupore,
2364 2637 2794 2705 peregrinorum
2823 2634 3072 2689 murium

734 2710 877 2763 Dum
905 2706 1154 2776 quilibet
1179 2706 1517 2768 adveniens.
2352 2708 2510 2762 .llluc
2538 2713 2836 2762 convectas
2863 2705 2930 2760 de
2959 2705 3121 2773 longe

725 2780 794 2834 Et
822 2779 947 2848 ejus
973 2794 1113 2846 opus
1144 2778 1409 2839 intuens,
2361 2778 2683 2834 Jucundum
2712 2782 2799 2832 est
2827 2775 3123 2845 inspicere.

736 2850 891 2904 lnter
923 2854 1033 2901 tam
1067 2845 1415 2902 multifarias
2364 2848 2724 2904 Metallorum
2751 2847 3229 2913 quorumlibet...
3265 2845 3311 2910 ¹)

735 2918 1078 2974 Divitiarum
1108 2917 1319 2988 copias,
2366 2919 2495 2974 Illic
2524 2924 2677 2973 tanta
2706 2918 3018 2986 congeries.

736 2992 795 3045 ln
825 2997 1049 3062 promtu
1080 3003 1297 3060 semper
1324 2988 1529 3043 habeat
2363 2990 2433 3046 Ul
2462 2989 2611 3046 solos
2637 3004 2899 3044 nummos
2928 2988 3151 3044 vincere

732 3064 914 3133 Super
939 3061 1152 3132 quibus
1178 3061 1562 3142 obstupescat,
2365 3061 2539 3116 Putes
2565 3078 2792 3118 acervos
2820 3060 3026 3131 paleae.

659 3135 828 3199 Liger
852 3133 1001 3186 haud
1030 3148 1193 3187 secus
1221 3131 1460 3193 fluvius,
2294 3134 2352 3192 Si
2385 3147 2473 3186 me
2500 3148 2612 3187 non
2640 3148 2834 3187 verum
2862 3131 3050 3185 dicere

728 3207 814 3260 Ab
841 3205 967 3275 ejus
994 3204 1187 3258 labens
1217 3201 1543 3264 moenibus,
2364 3204 2497 3258 Fors
2523 3207 2807 3266 autumaS‚
2838 3203 3020 3258 locum
3053 3205 3199 3271 pete:

731 3277 989 3330 Castrum
1023 3273 1236 3336 munit,
1263 3279 1320 3329 et
1345 3272 1559 3343 optatis
2365 3274 2436 3329 Et
2466 3273 2682 3329 videbis
2715 3273 2809 3328 hic
2834 3270 3117 3328 confertas

731 3347 1024 3401 Refertum
1055 3345 1204 3399 ditat
1229 3343 1564 3405 commodis;
2360 3343 2794 3415 Trapezetarum
2823 3343 3077 3398 exedras,

731 3418 868 3472 Cum
899 3421 1216 3471 commeatu
1246 3414 1500 3475 navium.
2361 3413 2699 3472 Constanter
2723 3414 2875 3470 enim
2903 3413 3160 3468 omnium

728 3489 1009 3554 Quaestus
1039 3487 1348 3541 multarum
1377 3483 1653 3541 mercium
2365 3486 2511 3540 llluc
2537 3500 2713 3554 genus
2739 3490 3095 3540 monetarum

729 3557 998 3624 Quotidie
1024 3557 1093 3612 de
1120 3556 1362 3612 diversis
2365 3556 2653 3611 Asseritur
2679 3560 2736 3612 et
2761 3554 2950 3611 afferri

737 3630 877 3684 llluc
909 3627 1065 3682 vehit
1093 3626 1421 3698 provinciis.
2361 3627 2412 3682 A
2436 3626 2678 3682 confluis
2704 3631 2760 3681 et
2787 3625 3011 3687 referri.

660 3702 768 3756 Nec
798 3713 1032 3768 parvum
1064 3697 1216 3751 inter
1241 3697 1352 3751 alia
2360 3699 2515 3764 Quae
2540 3697 2759 3753 nullius
2788 3702 2923 3753 sunt
2948 3694 3218 3751 nominis.

732 3767 1209 3824 commoditatum
1237 3783 1462 3836 genera.
2288 3766 2431 3832 Quis
2459 3782 2587 3823 vasa
2614 3769 2700 3823 vel
2730 3772 2995 3836 argentea

726 3841 885 3906 Quod
913 3839 1082 3910 dapes
1110 3840 1289 3906 largas
1318 3837 1566 3907 piscium
2363 3839 2719 3899 Dinumeret,
2750 3839 2839 3893 vel
2870 3838 3070 3893 aurea?

729 3909 938 3966 Mensis
967 3910 1255 3964 ministrat
1282 3909 1518 3965 civium.
2361 3908 2516 3964 Hinc
2544 3909 2760 3980 cyathi,
2790 3906 3135 3981 paropsides:

731 3984 1016 4036 Vallatum
1047 3980 1262 4037 Christi
1293 3978 1555 4041 numine,
2364 3979 2517 4035 Hinc
2543 3979 2733 4050 caphi.
2763 3996 2981 4042 cruces,
3011 3976 3240 4036 calices:

727 4054 799 4107 Et
825 4052 1057 4108 Martini
1090 4050 1427 4113 munimine.
2365 4049 2531 4105 Illinc
2553 4052 2747 4121 jacent
2773 4051 2999 4111 altaria.

728 4125 994 4178 Assultus
1018 4123 1248 4193 quosvis
1277 4122 1529 4177 hostium
1825 4145 1833 4152 -
2360 4120 2616 4177 Gemmis
2644 4127 2702 4174 et
2728 4137 2866 4176 auro
2894 4118 3131 4188 fulgida.

726 4195 918 4256 Ridet,
942 4194 1204 4264 quamvis
1236 4193 1532 4249 ferocium.
2359 4191 2564 4246 Omnis
2588 4192 2795 4247 chorus
2825 4190 3141 4259 insignium

660 4268 817 4321 lutus
846 4282 974 4320 vero
1003 4264 1404 4334 pulcherrimis
2361 4261 2490 4317 lllic
2516 4267 2775 4318 coruscat
2805 4262 3082 4334 lapidum.

731 4338 1031 4391 Domorum
1059 4335 1336 4391 aediliciis
2362 4331 2491 4389 Illic
2521 4334 2689 4388 rubet
2717 4334 2776 4388 in
2807 4333 3048 4390 {loribus

725 4407 798 4462 Ut
823 4406 1160 4476 quibusdam
1191 4403 1512 4474 magnificis
1757 4419 1760 4422 ·
2362 4403 2542 4458 Vetus
2568 4404 2709 4458 ebur
2735 4405 3052 4474 speciebus.

725 4479 1034 4532 Decoratur
1063 4477 1310 4547 palatiis,
2362 4474 2426 4527 ln
2458 4474 2738 4529 thesauris
2765 4474 3012 4545 reposita

727 4548 853 4602 Vici
885 4548 1092 4602 diversi
1122 4547 1347 4614 generis
2359 4544 2501 4610 Quis
2524 4546 2640 4615 jam
2669 4546 2861 4601 credat
2887 4541 3290 4616 computanda,

731 4618 880 4674 Hinc
910 4619 1037 4673 inde
1068 4624 1303 4673 vernant
1331 4615 1547 4686 palliis.
2359 4615 2547 4680 Quum
2579 4621 2733 4670 tanta
2761 4617 2881 4672 sint
2906 4632 3051 4686 quae
3077 4612 3350 4668 omnibus

723 4691 878 4756 Quae
907 4695 1109 4745 venatu
1144 4690 1226 4743 vel
1256 4687 1468 4756 gloriae
1561 4724 1578 4739 .
1833 4698 1839 4704 ’
2362 4684 2563 4741 Patent
2590 4693 2836 4743 castrum
2870 4683 3252 4743 intrantibus?

727 4761 1061 4816 l'anduntur
1090 4763 1172 4815 vel
1203 4758 1492 4831 pecuniae.

737 4984 776 5045 ¹)
808 4983 1016 5037 Versus
1047 4998 1191 5036 unus
1222 4981 1306 5036 vel
1340 4979 1394 5033 in
1425 4979 1544 5034 cod.
1583 4979 1667 5032 vel
1699 4975 1754 5031 iu
1783 4977 2102 5047 apographo
2129 4977 2406 5034 excidisse
2435 4979 2680 5042 videtur.
2713 4996 2812 5035 nec
2839 4984 3025 5034 tamen
3055 4990 3324 5047 suspensa
3353 4972 3661 5028 sententia.
