4036 6117
747 493 879 556 524
1900 515 1950 560 s.
2005 516 2547 563 urnpsosnnrs

675 631 903 692 vident
938 632 1270 708 quomodo
1306 632 1564 708 virgam
1602 637 1782 694 recte
1817 635 2091 711 regendi
2128 638 2192 695 in
2225 652 2426 697 manu
2461 644 2576 698 tua
2611 636 2882 696 habeas
2920 636 3080 697 Vide
3112 637 3318 699 etiam
3354 645 3425 699 ut
3459 639 3623 699 talis
3656 640 3773 713 εἰς,

673 754 756 798 ne
790 740 1008 815 gratia
1042 739 1159 798 Dei
1197 741 1262 799 in
1296 747 1360 799 te
1394 740 1682 801 deficiat.

764 904 876 965 fol.
914 904 1018 964 26.
1074 907 1383 966 Monacho
1417 906 1496 965 de
1531 913 1750 965 monte
1783 901 1828 984 ¹)
1866 908 2320 984 Hildeqardis.
2356 910 2601 970 Patrol.
2640 912 2745 971 col
2781 912 2937 974 357.

764 1007 806 1068 f.
843 1008 949 1068 27.
1001 1010 1285 1070 Henrico
1319 1013 1618 1087 episcopo
1652 1012 1732 1071 de
1771 1013 1978 1072 Bevez
2015 1013 2461 1090 Hildeyardis.
2501 1014 2747 1075 Patrol.
2786 1018 2911 1079 col.
2951 1016 3102 1078 180.

764 1113 805 1174 f.
844 1113 950 1174 28.
1003 1114 1240 1174 Oldoni
1275 1115 1482 1175 abbati
1514 1114 1564 1194 ²)
1603 1118 2045 1193 Hildeqardis.
2084 1116 2246 1177 Ibid.
2284 1118 2407 1177 001.
2445 1118 2600 1178 302.

763 1220 805 1280 f.
843 1221 929 1280 28
963 1221 1024 1282 b.
1061 1222 1287 1281 Abbati
1336 1224 1415 1281 de
1452 1232 1674 1283 sancto
1709 1224 2158 1283 Emmeranno
2190 1224 2640 1302 Hildeqardis.
2677 1226 2837 1287 ibid.
2875 1227 2999 1287 col.
3037 1228 3189 1289 200.

764 1326 807 1385 f.
845 1326 950 1386 29.
990 1328 1316 1388 Richardo
1342 1330 1718 1405 praeposito
1747 1320 1796 1406 ⁸)
1834 1329 1914 1387 de
1955 1327 2420 1408 Undenesdorf
2448 1330 2896 1407 HildeqardiS.
2934 1331 3096 1392 Ibid.
3133 1333 3257 1393 col.
3293 1309 3448 1395 505.

764 1429 806 1490 f.
843 1428 951 1489 30.
1004 1430 1308 1490 odalrico
1343 1434 1651 1491 canonico
1684 1433 2089 1508 Auqustensi
2119 1427 2166 1509 ⁴)
2204 1434 2654 1511 Hildeqardis.
2692 1434 2855 1495 Ibid.
2896 1434 3024 1495 col.
3061 1435 3215 1496 344.

764 1532 807 1594 f.
842 1534 927 1594 30
963 1534 1023 1594 b.
1077 1535 1458 1617 Hermanno
1488 1530 1535 1615 ⁵)
1572 1538 1870 1612 episcopo
1907 1537 2397 1597 constantiensi
2432 1537 2879 1614 Hildeqardis.
2917 1538 3082 1599 Ibid.
3120 1540 3250 1602 col.
3284 1539 3433 1600 174.

2054 1748 2385 1809 XXXVIII.

1688 1939 1965 2001 Cuidam
2014 1943 2266 2000 homini
2316 1942 2759 2019 Hildeyardis.

752 2122 928 2179 Breve
954 2122 1235 2179 monitum
1261 2124 1330 2180 de
1355 2123 1598 2179 nimium
1631 2125 1745 2181 sibi
1772 2126 2091 2182 confidente
2116 2131 2173 2181 et
2198 2126 2544 2197 castigando.

768 2249 809 2310 f.
845 2250 954 2311 31.
1006 2250 1127 2322 Qui
1162 2251 1435 2312 confidit
1467 2253 1535 2311 in
1582 2250 1934 2312 desideriis
1970 2254 2136 2327 suis»,
2191 2253 2284 2313 ita
2318 2253 2498 2329 quod
2532 2255 2600 2313 in
2635 2253 2766 2313 illis
2801 2252 2882 2313 ad
2919 2267 3025 2312 me
3071 2268 3202 2312 non
3236 2252 3502 2328 aspicit,
3539 2249 3771 2310 verbe·

678 2355 864 2416 ribus
898 2371 1051 2416 eum
1087 2357 1381 2419 caedam.
1419 2357 1627 2436 Surge
1663 2359 1869 2435 igitur
1901 2359 2188 2434 cinctuS,
2225 2360 2384 2436 quia
2418 2375 2551 2420 non
2585 2359 2799 2420 sinam
2839 2360 2961 2421 tibi
2996 2358 3181 2420 haec.
3215 2354 3264 2438 ”)

764 2463 1101 2521 Dietmaro
1130 2459 1179 2539 11)
1216 2462 1427 2522 abbati
1461 2463 1540 2524 de
1578 2470 1805 2525 sancta
1845 2462 2219 2540 Waltburye
2256 2465 2707 2542 Hildeqardis.
2741 2464 2989 2525 Patrol.
3027 2466 3152 2525 col.
3191 2462 3344 2524 298.

2098 2670 2368 2730 XXXIX.

1332 2865 1716 2944 Maneqoldo
1758 2861 1809 2944 ⁸)
1859 2864 2072 2925 abbati
2119 2866 2199 2924 de
2251 2865 2610 2945 Hirsauqia
2656 2866 3102 2945 HildeyardiS.

746 3049 957 3106 Suadet
985 3057 1048 3107 ut
1078 3049 1136 3107 in
1163 3067 1397 3108 munere
1423 3068 1523 3108 suo
1549 3055 1795 3115 maneat,
1822 3057 2141 3122 compescat
2166 3050 2448 3124 dyscolos.
2476 3069 2660 3125 neque
2686 3050 2914 3111 affectet
2940 3052 3167 3110 altiora.

767 3193 821 3252 O
852 3193 1246 3252 dulcissime
1284 3198 1496 3268 pater,
1548 3191 1717 3250 etin
1751 3205 1979 3250 amore
2032 3190 2283 3249 Christi
2335 3190 2565 3266 frater,
2618 3191 2818 3251 ollam
2856 3190 3050 3252 video
3097 3190 3587 3251 circumdatam
3637 3197 3765 3250 tam

679 3313 915 3373 magna
964 3298 1296 3371 claritate,
1349 3297 1441 3356 ita
1472 3295 1652 3373 quod
1687 3295 1795 3354 vix
1844 3310 2119 3369 possum
2158 3293 2386 3353 videre
2434 3295 2494 3353 si
2526 3295 2659 3355 olla
2695 3297 2803 3355 sit.
2846 3295 2971 3354 Sed
3006 3301 3072 3353 et
3106 3294 3200 3354 ibi
3234 3293 3430 3354 video
3465 3294 3767 3369 aliquan·

675 3402 890 3463 tulum
940 3402 1152 3462 amari
1201 3405 1464 3477 gustuS‚
1516 3400 1930 3460 contrarium
1981 3405 2205 3458 tamen
2254 3415 2494 3475 magna
2546 3401 2993 3475 contentione,
3044 3407 3112 3460 et
3144 3407 3382 3475 postea
3430 3400 3759 3460 turbinem

675 3509 788 3583 qui
839 3510 1060 3567 tamen
1094 3505 1174 3565 ad
1225 3507 1595 3581 praemium
1644 3504 1761 3563 Dei
1811 3503 2375 3580 praedestinatur.
2428 3503 2553 3563 Sed
2583 3505 2709 3566 hoc
2743 3520 2951 3580 grave
2984 3505 3247 3581 pondus
3291 3505 3468 3581 quod
3520 3509 3765 3580 portaS,

679 3613 909 3672 nonin
959 3611 1411 3685 indignatione
1458 3609 1575 3668 Dei
1624 3614 1747 3668 est.
1797 3607 1922 3667 Sed
1972 3607 2097 3667 tibi
2147 3615 2503 3668 occurrent
2552 3626 2775 3671 mores
2823 3627 3137 3671 ursorum
3169 3616 3238 3670 et
3270 3609 3657 3687 pardorum,
3704 3611 3765 3666 et

690 3714 1023 3774 interdurn
1071 3727 1400 3771 venenum
1449 3711 1780 3787 aspidum;
1834 3711 1948 3769 sed
1999 3711 2267 3785 gladius
2309 3712 2426 3770 Dei
2478 3712 2630 3772 illos
2680 3715 2965 3789 occidet,
3015 3717 3082 3774 et
3129 3719 3364 3773 contra
3393 3707 3443 3792 ⁹)
3498 3712 3652 3772 illos
3698 3713 3767 3769 ut

679 3819 932 3894 probus
983 3817 1176 3876 miles
1225 3832 1486 3891 surges,
1536 3815 1722 3874 Nunc
1756 3831 1990 3874 moneo
2043 3821 2129 3889 te,
2181 3821 2255 3875 ut
2305 3815 2566 3876 frenum
2617 3818 2919 3892 imponas
2971 3818 3326 3893 discipulis
3375 3816 3542 3887 tuiS,
3592 3819 3659 3875 et
3687 3829 3767 3874 ne

680 3923 861 3980 sinas
910 3937 1027 3980 eos
1063 3921 1243 3996 loqui
1297 3921 1547 3979 malum
1587 3918 1946 3978 adversum
1982 3925 2067 3979 te.
2119 3919 2288 3978 Vera
2324 3921 2434 3978 lux
2483 3921 2606 3982 tibi
2645 3922 2829 3982 dicit:
2882 3923 3097 3994 Quare
3132 3939 3264 3983 non
3309 3921 3614 3998 percutis
3659 3935 3763 3978 ne-

679 4029 1050 4105 quissimos
1084 4041 1344 4101 servOS,
1382 4025 1496 4100 qui
1533 4024 1655 4083 tibi
1699 4023 1960 4083 occulte
1996 4022 2419 4097 insidiantur,
2458 4024 2633 4084 sicut
2670 4041 2953 4086 araneae
2979 4041 3149 4103 quae
3174 4025 3510 4103 pungunt?
3544 4022 3617 4102 (f.
3653 4020 3763 4097 32)

2271 4223 2387 4279 Vix
2413 4239 2525 4279 non
2552 4225 2753 4279 mutila
2782 4225 3007 4283 lacinia.
3043 4257 3111 4267 —-
3148 4227 3193 4292 ⁷)
3233 4227 3300 4281 ln
3324 4225 3449 4282 edd.
3493 4225 3760 4282 scribitur

2271 4308 2338 4363 ad
2382 4308 2455 4365 Η.
2498 4309 2567 4364 de
2603 4311 2898 4367 Flanheim
2937 4310 3345 4383 praepositum.
3386 4342 3437 4351 -
3477 4310 3523 4378 ⁸)
3566 4306 3759 4365 Mirari

756 4231 799 4283 ¹)
840 4231 903 4285 ln
953 4228 1076 4285 edd.
1121 4227 1420 4298 respondet
1461 4225 1822 4295 Hildegardis
1872 4240 2176 4296 anonymo.

689 4317 818 4374 sort.
861 4316 1136 4371 monacho
1173 4314 1241 4369 de
1279 4313 1471 4369 Monte
1509 4313 1566 4368 S.
1608 4311 1888 4368 Disibodi.
1916 4343 1985 4351 —
2020 4313 2070 4374 2)
2099 4309 2176 4364 H.

682 4405 850 4458 abbas
886 4407 950 4460 in
988 4401 1206 4457 Selboth
1243 4399 1558 4470 appellatur
1598 4397 1657 4452 in
1696 4397 1819 4452 edd.
1872 4396 2031 4453 Unde
2069 4412 2180 4451 non

686 4503 833 4543 unus
872 4503 1027 4542 error
1064 4486 1446 4543 emendandus
1478 4491 1585 4548 est,
1616 4485 1725 4540 nisi
1766 4486 1840 4541 ob
1870 4485 2059 4540 simile
2095 4501 2179 4539 ar-

683 4579 1017 4642 gumentum
1056 4572 1248 4627 eadem
1288 4570 1525 4642 epistola
1564 4569 1630 4624 ad
1677 4570 1853 4625 alium
1902 4570 2178 4626 Oldonem

687 4659 855 4715 missa
887 4657 1082 4720 fuerit.
1113 4657 1168 4713 id
1194 4658 1342 4727 quod
1370 4659 1438 4712 de
1465 4657 1725 4728 pluribus
1758 4658 1969 4714 litteris
1997 4660 2180 4731 suspi-

685 4744 799 4802 cari
837 4744 1015 4799 lubet.
1063 4773 1112 4780 ‹-·
1141 4740 1185 4806 ³)
1224 4742 1436 4796 Nomen
1475 4742 1742 4797 Richardi
1785 4743 2091 4814 praepositi
2121 4744 2178 4799 in

684 4832 808 4888 edd.
839 4829 1211 4886 desideratur.
1238 4859 1303 4868 —-
1323 4829 1368 4893 ⁴)
1394 4829 1454 4883 ln
1477 4828 1601 4886 edd.
1626 4830 1694 4884 ad
1716 4830 2003 4887 hominem
2028 4849 2176 4903 pror-

683 4933 780 4973 sus
819 4917 1077 4985 ignotum
1120 4912 1506 4986 respondetur.
1550 4946 1617 4954 -
1644 4916 1688 4970 5)
1736 4914 1986 4985 Epistola
2025 4917 2179 4972 edita

684 5002 958 5071 dirigitur
983 5002 1048 5056 ad
1093 5001 1503 5056 virdunensem
1544 4999 1868 5071 episcopum
1908 4999 2179 5058 Adalber-

689 5096 831 5151 tum,
871 5087 970 5157 qui
1013 5086 1160 5143 sedit
1204 5102 1253 5143 a.
1313 5089 1633 5140 11561163.
1686 5083 2047 5141 Hermannus
2093 5104 2181 5143 ve·

689 5191 750 5228 ro
789 5190 836 5228 a.
875 5177 1175 5228 11361166
1203 5171 1565 5226 Constantine
1593 5170 1776 5224 sedem
1811 5171 2012 5225 tenuit.
2048 5203 2110 5211 ——
2138 5173 2181 5234 θ)

2272 4395 2429 4451 subit
2473 4412 2585 4450 cur*
2613 4397 2848 4453 initium
2896 4398 3044 4454 idem
3095 4398 3174 4454 sit
3219 4414 3283 4455 ac
3336 4399 3397 4454 in
3447 4398 3618 4470 epist.
3672 4397 3756 4453 cd.

2269 4480 2490 4537 XXXV
2526 4483 2649 4538 col.·
2681 4487 2804 4545 199,
2848 4494 2967 4541 tum
3007 4490 3273 4556 pergatur
3307 4484 3364 4539 in
3395 4484 3596 4540 solitos
3633 4483 3761 4539 Hir-

2269 4569 2653 4638 saugiensium
2679 4573 2979 4635 tumultus,
3003 4571 3097 4628 sed
3122 4587 3251 4628 cum
3278 4570 3441 4627 novis
3460 4569 3762 4641 quaerelis:

2272 4661 2629 4731 postmodum
2659 4677 2789 4717 vero
2825 4662 3074 4718 clausula
3105 4664 3357 4717 recurrat
3381 4657 3449 4712 ad
3476 4657 3646 4727 epist.
3675 4655 3762 4712 ed.

2271 4745 2509 4802 XXXV.
2553 4746 2756 4802 Eadem
2799 4763 2928 4802 vero
2964 4744 3230 4801 refricare
3280 4741 3614 4810 Hildegardi
3654 4741 3762 4812 pla·

2271 4832 2479 4895 cuisse.
2521 4833 2579 4888 in
2618 4833 2909 4904 perpetuis
2941 4829 3280 4899 Hirsaugiae
3308 4828 3516 4890 turbis,
3544 4828 3762 4882 constat

2270 4933 2341 4972 ex
2386 4917 2613 4973 collatis
2649 4932 2777 4973 cum
2816 4916 2983 4988 epist.
3027 4920 3332 4972 memorata
3374 4913 3619 4975 XXXV.
3650 4918 3764 4966 tam

2271 5008 2459 5058 nostra
2511 5002 2763 5058 xxxtx
2803 5018 2974 5076 quam
3024 5003 3201 5059 altera
3230 5000 3378 5058 infra
3416 4999 3651 5061 cxxn‚
3702 4997 3764 5052 in

2267 5104 2375 5160 qua
2409 5087 2579 5144 tertio
2606 5088 2935 5159 recoquitur
2964 5087 3275 5161 symbolice
3311 5087 3504 5144 eadem
3533 5087 3644 5143 olla
3685 5083 3766 5140 in-

2276 5180 2611 5230 tumescens.
