4036 6117
678 481 764 539 80
1838 501 1886 543 s.
1943 500 2472 547 HILDEGARmS

1989 816 1993 820 ‚
2089 719 2221 782 XL.

1310 933 1635 1006 Antiquus
1687 949 1956 1006 serpens
2007 949 2228 990 omnes
2280 934 2363 990 ad
2414 951 2478 990 se
2530 937 2789 993 trahere
2842 935 2999 993 vult,

695 1142 799 1200 49.
836 1138 961 1200 Sed
997 1139 1174 1214 quod
1200 1138 1564 1214 'quamdam
1604 1139 1957 1213 imaginem
1993 1139 2203 1213 vides,
2253 1146 2322 1198 ut
2360 1143 2762 1213 serpentem,
2804 1142 2867 1199 in
2902 1142 3225 1216 praefatis
3263 1142 3555 1202 tenebris
3591 1159 3704 1201 su-

606 1248 829 1320 pinam
859 1244 1212 1320 jacentem,
1251 1241 1373 1301 hoc
1406 1246 1506 1302 est
1541 1242 1715 1317 quod
1751 1243 2090 1317 Diabolus,
2128 1245 2241 1302 ille
2274 1235 2587 1320 an'tiquus
2623 1242 2927 1320 Serpens,
2966 1246 3033 1304 in
3068 1247 3549 1306 tenebrositate
3584 1263 3699 1304 ne·-

605 1350 858 1426 quitiae
908 1363 1093 1421 suae,
1145 1348 1516 1422 appetitum
1564 1347 1952 1420 cupiditatis
2003 1365 2164 1406 suae
2216 1354 2448 1407 contra
2498 1349 2815 1408 coelestia
2865 1353 3109 1424 movet,
3161 1366 3309 1408 cum
3358 1350 3691 1410 hominem

603 1469 639 1511 a
674 1453 981 1525 supernis
1016 1449 1370 1509 desideriis
1407 1449 1488 1508 ad
1525 1456 1788 1509 terrena
1822 1450 2227 1510 descendere
2263 1451 2640 1526 persuadet.
2674 1453 2876 1527 Cujus
2911 1453 3088 1511 oculi
3116 1457 3187 1512 ut
3223 1454 3394 1527 ignis
3430 1453 3690 1524 ardent,

598 1554 915 1629 quoniam
952 1553 1226 1613 intentio
1259 1553 1516 1612 Diaboli
1554 1554 1618 1611 in
1652 1554 1801 1627 igne
1837 1554 1967 1612 odii
2007 1555 2310 1613 flammas
2343 1554 2760 1629 deceptionis
2809 1558 3073 1616 emittit.
3108 1558 3189 1615 Et
3237 1557 3426 1632 cujus
3461 1557 3691 1632 lingua

596 1676 676 1718 ex
710 1674 823 1718 ore
858 1659 1070 1733 ipsius
1119 1662 1391 1718 extensa
1423 1663 1546 1731 est,
1584 1659 1742 1733 quia
1792 1658 2211 1717 mendacium
2245 1675 2285 1717 a
2332 1660 2772 1720 mordacitate
2819 1662 2965 1735 ejus
3002 1660 3314 1722 ferociter
3360 1663 3683 1737 procedit.

594 1765 686 1821 Ac
735 1761 928 1837 cujus
978 1761 1191 1821 cauda
1236 1761 1304 1819 in
1355 1761 1480 1820 fine
1531 1762 1794 1820 abcissa
1841 1768 1967 1834 est,
2022 1763 2336 1837 quoniam
2386 1779 2551 1837 opus
2602 1780 2797 1823 suum
2857 1765 3222 1824 secundum
3272 1766 3687 1826 voluntatem

599 1883 789 1926 suam
824 1867 903 1925 ad
940 1866 1135 1925 finem
1170 1866 1533 1940 perducere
1567 1883 1698 1925 non
1741 1869 1980 1940 potest.
2020 1867 2179 1925 Nam
2220 1868 2359 1941 ipse
2397 1868 2460 1925 in
2511 1869 2731 1928 lacum
2764 1870 3154 1944 perditionis
3204 1886 3431 1930 omnes
3465 1871 3688 1929 adtra-

595 1972 753 2032 here
786 1972 1011 2046 vellet,
1050 1972 1104 2030 si
1138 1986 1289 2030 eum
1324 1970 1550 2029 divina
1583 1970 1899 2045 majestas
1933 1987 2066 2029 non
2098 1971 2539 2045 praeveniret.
2578 1973 2833 2046 Corpus
2867 1975 3089 2032 autem
3125 1974 3336 2048 ipsius
3370 1974 3544 2049 nigri
3577 1990 3690 2034 co·-

599 2078 758 2136 loris
792 2078 916 2150 est,
955 2075 1112 2152 quia
1163 2079 1299 2135 toto
1334 2075 1570 2133 annisu
1608 2075 2008 2133 oblivionem
2043 2074 2159 2133 Dei
2196 2075 2575 2134 hominibus
2612 2076 2866 2149 suadet,
2899 2077 2994 2135 ita
3026 2076 3201 2152 quod
3227 2078 3432 2136 etiam
3465 2078 3680 2136 lineae

589 2182 876 2257 pallidae
910 2186 976 2239 et
1009 2180 1324 2239 venenosi
1358 2179 1601 2237 coloris
1635 2195 1674 2236 a
1707 2179 1924 2252 capite
1967 2179 2113 2254 ejus
2146 2179 2459 2239 deorsum
2497 2181 2563 2238 in
2598 2180 3009 2255 longitudine
3053 2180 3486 2250 descendunt,
3516 2198 3681 2257 quo-

589 2286 765 2344 niam
801 2285 949 2343 viae
984 2281 1333 2355 Sathanae,
1372 2281 1694 2355 pallorem
1733 2281 1970 2340 mortis
2005 2284 2331 2354 tenente5‚
2361 2284 2427 2340 et
2460 2298 2869 2341 venenosam
2907 2282 3418 2341 commotionem
3447 2281 3680 2341 huma-

584 2388 816 2447 nitatis
865 2401 984 2462 per
1032 2384 1391 2459 ingluviem
1428 2386 1862 2458 excutienteS,
1900 2387 1973 2443 ut
2006 2385 2073 2443 in
2107 2385 2250 2458 ipso
2288 2386 2351 2442 in
2384 2385 2755 2459 perditione
2792 2386 3201 2458 inceperunt,
3241 2386 3338 2443 sic
3371 2385 3575 2443 etiam
3611 2386 3675 2444 in

583 2492 1094 2568 perversitatem
1145 2488 1440 2565 ejusdem
1490 2489 1884 2563 perditionis
1928 2491 1991 2548 in
2030 2492 2172 2565 ipso
2209 2491 2664 2565 prolongatae,
2703 2490 2783 2549 ad
2818 2491 3413 2587 pessimumjinem
3445 2506 3678 2565 perve-

589 2598 800 2671 niunt,
838 2595 995 2671 quia
1029 2601 1102 2655 ut
1138 2595 1396 2654 initium
1433 2594 1689 2654 Diaboli
1727 2596 1974 2654 malum
2009 2601 2133 2668 est,
2173 2596 2264 2654 ita
2297 2599 2363 2654 et
2397 2595 2545 2653 finis
2579 2594 2725 2669 ejus
2759 2600 2882 2654 est.

2041 2800 2204 2862 XLI.

1748 3016 1836 3075 De
1891 3020 2149 3076 ventris
2202 3018 2521 3093 Inyluvie.

661 3227 767 3289 50.
820 3226 1003 3298 Quod
1037 3228 1261 3286 autem
1300 3228 1536 3286 venter
1572 3225 1781 3300 ipsius
1815 3233 2088 3301 apertus
2122 3234 2247 3300 est,
2287 3227 2411 3286 hoc
2445 3232 2548 3285 est
2585 3225 2761 3301 quod
2799 3224 3024 3283 hiatus
3057 3223 3316 3283 Diaboli
3350 3223 3434 3282 ad
3466 3222 3669 3282 devo-

582 3335 907 3393 rationem
935 3332 1306 3391 animarum
1337 3334 1540 3407 patet,
1573 3333 1637 3390 in
1672 3348 1802 3407 quo
1840 3333 2057 3407 imago
2096 3332 2410 3407 hominiS,
2450 3332 2633 3390 velut
2669 3331 2733 3389 in
2768 3332 2981 3403 cuniS,
3021 3330 3262 3405 supina
3290 3329 3521 3404 Jacens
3553 3345 3667 3405 ap-

567 3442 780 3509 paret,
832 3449 1004 3511 quae
1038 3435 1290 3494 ventris
1341 3434 1700 3509 ingluviem
1737 3435 2065 3509 designat3
2106 3435 2419 3509 quoniam
2456 3435 2773 3492 Diabolus
2807 3435 3245 3493 voracitatem
3282 3432 3663 3492 hominibus

570 3539 860 3612 primum
892 3537 1328 3613 persuadenS,
1365 3539 1648 3597 caeteris
1685 3539 1869 3598 vitiis
1901 3554 2020 3597 eos
2057 3538 2322 3597 facilius
2358 3544 2423 3597 et
2457 3538 2721 3613 plenius
2758 3537 3071 3611 irretitat,
3108 3537 3267 3612 quia
3300 3535 3465 3595 haec
3499 3552 3663 3612 qua·-

563 3642 625 3700 si
659 3643 725 3700 in
759 3641 1136 3717 ignorantia
1167 3656 1287 3715 per
1321 3642 1688 3716 appetitum
1730 3643 2125 3701 voracitatis
2177 3644 2415 3718 supina
2464 3644 2843 3718 quiescenS‚
2898 3645 2970 3702 ut
3022 3643 3354 3701 hominem
3404 3659 3441 3701 a
3473 3642 3649 3701 desi-

563 3745 771 3805 deriis
802 3743 1099 3819 paradisi
1135 3743 1485 3803 abstrahat
1518 3745 1877 3820 decumbit;
1915 3747 2073 3822 quia
2108 3746 2306 3806 homo
2351 3746 2751 3823 serpentinis
2800 3746 3101 3805 moribus
3136 3762 3288 3805 cum
3337 3746 3485 3805 cibo
3519 3747 3655 3821 pri·-

560 3869 740 3912 mum
790 3853 1107 3912 seductus
1155 3858 1277 3911 est.
1329 3851 1507 3921 Quae
1558 3867 1759 3927 super
1805 3859 2004 3925 caput
2055 3869 2248 3911 suum
2293 3852 2492 3911 habet
2524 3852 2795 3927 pileum,
2834 3853 2905 3911 ut
2940 3852 3200 3925 galeam
3233 3851 3650 3926 aliquantum

558 3956 762 4016 altius
810 3962 1126 4030 erectam,
1179 3955 1337 4032 quia
1371 3956 1700 4031 ingluvies
1753 3956 1812 4014 in
1866 3958 2200 4016 mentibus
2252 3956 2594 4015 hominum
2642 3957 2981 4032 propriam
3032 3958 3447 4015 voluntatem
3499 3973 3650 4016 cum

558 4080 727 4122 vana
774 4068 1110 4139 potestate
1159 4078 1428 4121 sursum
1480 4062 1765 4119 inaniter
1812 4062 2033 4136 erigit,
2087 4062 2401 4136 quoniam
2438 4076 2589 4120 cum
2631 4061 2725 4119 illi
2758 4066 3058 4119 ventrem
3107 4071 3303 4119 suum
3339 4061 3691 4135 impleve-·

557 4170 712 4244 rint,
764 4168 958 4246 quasi
1008 4167 1316 4228 omnibus
1367 4167 1557 4227 bonis
1607 4168 1964 4242 abundent,
2020 4169 2369 4243 superbire
2420 4170 2761 4243 incipiunt.
2814 4169 2892 4227 Et
2943 4168 3132 4228 albos
3182 4169 3464 4244 capillos
3522 4168 3648 4228 sub

552 4271 786 4332 eodem
818 4272 995 4347 pileo
1045 4272 1128 4331 ad
1160 4270 1476 4331 humeros
1525 4271 2005 4331 descendentes
2042 4272 2263 4345 habet,
2302 4274 2458 4348 quia
2507 4273 2860 4332 candorem
2901 4273 3387 4348 superfluitatis
3435 4273 3496 4330 in
3532 4288 3648 4347 po-

562 4376 804 4435 testate
840 4372 1253 4434 fortitudinis
1287 4378 1655 4449 ostentanS,
1693 4391 1922 4435 omnes
1968 4376 2112 4435 sine
2147 4375 2547 4435 verecundia
2596 4376 2904 4450 despicit,
2944 4391 3065 4434 nec
3114 4376 3231 4435 ulli
3266 4371 3308 4453 ¹)
3362 4376 3644 4435 subesse

555 4479 720 4538 vult.
754 4477 1172 4554 Quapropter
1204 4484 1392 4538 veste
1426 4480 1629 4538 etiam
1659 4495 1740 4538 ex
1776 4480 1957 4539 tenui
1992 4485 2059 4539 et
2093 4480 2243 4540 albo
2281 4481 2498 4539 serico
2536 4481 2764 4538 induta
2813 4485 2940 4553 est,
2977 4480 3291 4554 quoniam
3340 4480 3644 4554 volupta-

553 4584 603 4641 ti
647 4583 1102 4659 pretiosorum
1140 4598 1227 4641 ac
1284 4583 1757 4644 deliciosorum
1813 4584 2276 4643 conviviorum
2334 4585 2735 4659 implicatur.
2798 4585 3057 4643 Amicta
3113 4600 3378 4659 quoque
3434 4583 3638 4659 pallio

545 4684 725 4761 quod
759 4686 966 4746 colori
1008 4685 1308 4761 ejusdem
1344 4688 1676 4761 serpentis
1723 4689 2159 4762 assimilatur,
2198 4689 2355 4764 quia
2404 4688 2533 4748 sibi
2569 4688 3014 4762 circumponit
3058 4687 3479 4763 latitudinem
3526 4702 3638 4745 cu-

543 4790 790 4865 pidinis
841 4790 909 4849 in
954 4789 1347 4851 diversitate
1381 4791 1722 4864 vitiorum,
1761 4808 1930 4867 quae
1963 4792 2296 4852 diabolica
2333 4792 2653 4868 iniquitas
2689 4792 3020 4868 producit,
3060 4799 3132 4851 ut
3166 4791 3471 4852 homines
3507 4793 3637 4851 sal-

542 4903 674 4953 tem
709 4911 830 4972 per
863 4896 1394 4973 superfluitatem
1445 4896 1746 4955 ciborum
1791 4902 1857 4957 et
1892 4903 2168 4972 potuum
2221 4897 2518 4969 seducat;
2560 4898 2735 4956 sicut
2788 4898 2991 4955 etiam
3030 4897 3201 4956 ide'm
3244 4898 3477 4955 vitium
3504 4902 3635 4964 ⁴,est

616 5141 655 5207 ¹)
688 5159 777 5194 nec
808 5142 899 5197 illi
923 5141 986 5196 Α.
