<?xml version="1.0" encoding="UTF-8"?>
<!DOCTYPE html PUBLIC "-//W3C//DTD XHTML 1.0 Transitional//EN"
    "http://www.w3.org/TR/xhtml1/DTD/xhtml1-transitional.dtd">
<html xmlns="http://www.w3.org/1999/xhtml" xml:lang="en" lang="en">
 <head>
  <title>
</title>
<meta http-equiv="Content-Type" content="text/html;charset=utf-8" />
  <meta name='ocr-system' content='tesseract 3.04.00' />
  <meta name='ocr-capabilities' content='ocr_page ocr_carea ocr_par ocr_line ocrx_word'/>
</head>
<body>
  <div class='ocr_page' id='page_1' title='image "analectasacrasp05pitrgoog_0546.png"; bbox 0 0 4036 6117; ppageno 0'>
   <div class='ocr_carea' id='block_1_1' title="bbox 700 403 2568 468">
    <p class='ocr_par' dir='ltr' id='par_1_1' title="bbox 700 403 2568 468">
     <span class='ocr_line' id='line_1_1' title="bbox 700 403 2568 468; baseline -0.002 -1"><span class='ocrx_word' id='word_1_1' title='bbox 700 403 836 468; x_wconf 70' lang='lat'>478</span> <span class='ocrx_word' id='word_1_2' title='bbox 1893 417 1945 464; x_wconf 88' lang='lat' dir='ltr'>s.</span> <span class='ocrx_word' id='word_1_3' title='bbox 2007 419 2568 465; x_wconf 61' lang='lat' dir='ltr'>nxcnsscxnms</span> 
     </span>
    </p>
   </div>
   <div class='ocr_carea' id='block_1_2' title="bbox 630 535 3743 1657">
    <p class='ocr_par' dir='ltr' id='par_1_2' title="bbox 630 535 3743 1657">
     <span class='ocr_line' id='line_1_2' title="bbox 630 535 3723 614; baseline -0.001 -15"><span class='ocrx_word' id='word_1_4' title='bbox 630 535 769 599; x_wconf 86' lang='lat' dir='ltr'>Eva</span> <span class='ocrx_word' id='word_1_5' title='bbox 803 538 1092 613; x_wconf 75' lang='lat' dir='ltr'>inspexit</span> <span class='ocrx_word' id='word_1_6' title='bbox 1126 536 1357 612; x_wconf 82' lang='lat' dir='ltr'>Adam,</span> <span class='ocrx_word' id='word_1_7' title='bbox 1394 538 1494 597; x_wconf 89' lang='lat' dir='ltr'>sic</span> <span class='ocrx_word' id='word_1_8' title='bbox 1527 555 1680 596; x_wconf 89' lang='lat' dir='ltr'>eum</span> <span class='ocrx_word' id='word_1_9' title='bbox 1717 538 2004 613; x_wconf 85' lang='lat' dir='ltr'>inspexit</span> <span class='ocrx_word' id='word_1_10' title='bbox 2040 539 2235 614; x_wconf 84' lang='lat' dir='ltr'>quasi</span> <span class='ocrx_word' id='word_1_11' title='bbox 2270 539 2335 598; x_wconf 89' lang='lat' dir='ltr'>in</span> <span class='ocrx_word' id='word_1_12' title='bbox 2368 540 2629 598; x_wconf 87' lang='lat' dir='ltr'>coelum</span> <span class='ocrx_word' id='word_1_13' title='bbox 2666 537 2947 612; x_wconf 85' lang='lat' dir='ltr'>videret,</span> <span class='ocrx_word' id='word_1_14' title='bbox 2982 543 3051 596; x_wconf 76' lang='lat' dir='ltr'>ct</span> <span class='ocrx_word' id='word_1_15' title='bbox 3087 543 3159 598; x_wconf 92' lang='lat' dir='ltr'>ut</span> <span class='ocrx_word' id='word_1_16' title='bbox 3194 537 3433 597; x_wconf 87' lang='lat' dir='ltr'>anima</span> <span class='ocrx_word' id='word_1_17' title='bbox 3477 550 3723 595; x_wconf 86' lang='lat' dir='ltr'>sursum</span> 
     </span>
     <span class='ocr_line' id='line_1_3' title="bbox 632 640 3729 718; baseline -0.001 -16"><span class='ocrx_word' id='word_1_18' title='bbox 632 642 868 718; x_wconf 89' lang='lat' dir='ltr'>tendit,</span> <span class='ocrx_word' id='word_1_19' title='bbox 919 657 1091 718; x_wconf 88' lang='lat' dir='ltr'>quae</span> <span class='ocrx_word' id='word_1_20' title='bbox 1138 641 1458 701; x_wconf 87' lang='lat' dir='ltr'>coelestia</span> <span class='ocrx_word' id='word_1_21' title='bbox 1490 640 1851 715; x_wconf 76' lang='lat' dir='ltr'><strong>desiderat,</strong></span> <span class='ocrx_word' id='word_1_22' title='bbox 1889 643 2205 717; x_wconf 82' lang='lat' dir='ltr'>quoniam</span> <span class='ocrx_word' id='word_1_23' title='bbox 2239 660 2395 718; x_wconf 85' lang='lat' dir='ltr'>spes</span> <span class='ocrx_word' id='word_1_24' title='bbox 2428 643 2575 718; x_wconf 91' lang='lat' dir='ltr'>ejus</span> <span class='ocrx_word' id='word_1_25' title='bbox 2608 649 2754 702; x_wconf 88' lang='lat' dir='ltr'>erat</span> <span class='ocrx_word' id='word_1_26' title='bbox 2788 642 2871 702; x_wconf 91' lang='lat' dir='ltr'>ad</span> <span class='ocrx_word' id='word_1_27' title='bbox 2906 643 3151 718; x_wconf 87' lang='lat' dir='ltr'>virum,</span> <span class='ocrx_word' id='word_1_28' title='bbox 3180 650 3249 703; x_wconf 95' lang='lat' dir='ltr'>et</span> <span class='ocrx_word' id='word_1_29' title='bbox 3284 645 3449 703; x_wconf 89' lang='lat' dir='ltr'>ideo</span> <span class='ocrx_word' id='word_1_30' title='bbox 3486 658 3619 701; x_wconf 90' lang='lat' dir='ltr'>una</span> <span class='ocrx_word' id='word_1_31' title='bbox 3645 641 3729 699; x_wconf 85' lang='lat' dir='ltr'>di·</span> 
     </span>
     <span class='ocr_line' id='line_1_4' title="bbox 633 746 3731 818; baseline 0 -12"><span class='ocrx_word' id='word_1_32' title='bbox 633 746 834 807; x_wconf 92' lang='lat' dir='ltr'>lectio</span> <span class='ocrx_word' id='word_1_33' title='bbox 884 747 1014 807; x_wconf 88' lang='lat' dir='ltr'>erit</span> <span class='ocrx_word' id='word_1_34' title='bbox 1061 753 1128 807; x_wconf 93' lang='lat' dir='ltr'>et</span> <span class='ocrx_word' id='word_1_35' title='bbox 1175 763 1342 807; x_wconf 89' lang='lat' dir='ltr'>esse·</span> <span class='ocrx_word' id='word_1_36' title='bbox 1375 748 1573 807; x_wconf 90' lang='lat' dir='ltr'>debet</span> <span class='ocrx_word' id='word_1_37' title='bbox 1606 748 1734 807; x_wconf 89' lang='lat' dir='ltr'>viri</span> <span class='ocrx_word' id='word_1_38' title='bbox 1768 751 1835 807; x_wconf 90' lang='lat' dir='ltr'>et</span> <span class='ocrx_word' id='word_1_39' title='bbox 1889 748 2199 818; x_wconf 79' lang='lat' dir='ltr'>feminae,</span> <span class='ocrx_word' id='word_1_40' title='bbox 2250 755 2318 807; x_wconf 90' lang='lat' dir='ltr'>et</span> <span class='ocrx_word' id='word_1_41' title='bbox 2351 765 2479 808; x_wconf 90' lang='lat' dir='ltr'>non</span> <span class='ocrx_word' id='word_1_42' title='bbox 2516 750 2754 809; x_wconf 90' lang='lat' dir='ltr'>aliena.</span> <span class='ocrx_word' id='word_1_43' title='bbox 2792 749 2918 810; x_wconf 85' lang='lat' dir='ltr'>Sed</span> <span class='ocrx_word' id='word_1_44' title='bbox 2952 751 3227 811; x_wconf 90' lang='lat' dir='ltr'>dilectio</span> <span class='ocrx_word' id='word_1_45' title='bbox 3274 752 3419 810; x_wconf 84' lang='lat' dir='ltr'>viri</span> <span class='ocrx_word' id='word_1_46' title='bbox 3473 750 3558 809; x_wconf 93' lang='lat' dir='ltr'>ad</span> <span class='ocrx_word' id='word_1_47' title='bbox 3589 749 3731 808; x_wconf 88' lang='lat' dir='ltr'>dile—</span> 
     </span>
     <span class='ocr_line' id='line_1_5' title="bbox 632 849 3730 930; baseline 0.001 -22"><span class='ocrx_word' id='word_1_48' title='bbox 632 849 924 910; x_wconf 83' lang='lat' dir='ltr'>ctionem</span> <span class='ocrx_word' id='word_1_49' title='bbox 961 850 1245 910; x_wconf 81' lang='lat' dir='ltr'>feminae</span> <span class='ocrx_word' id='word_1_50' title='bbox 1279 851 1347 910; x_wconf 90' lang='lat' dir='ltr'>in</span> <span class='ocrx_word' id='word_1_51' title='bbox 1380 852 1605 910; x_wconf 85' lang='lat' dir='ltr'>calore</span> <span class='ocrx_word' id='word_1_52' title='bbox 1638 851 1901 911; x_wconf 89' lang='lat' dir='ltr'>ardoris</span> <span class='ocrx_word' id='word_1_53' title='bbox 1935 855 2042 911; x_wconf 89' lang='lat' dir='ltr'>est</span> <span class='ocrx_word' id='word_1_54' title='bbox 2088 852 2272 911; x_wconf 83' lang='lat' dir='ltr'>velut</span> <span class='ocrx_word' id='word_1_55' title='bbox 2298 853 2473 927; x_wconf 86' lang='lat' dir='ltr'>ignis</span> <span class='ocrx_word' id='word_1_56' title='bbox 2508 853 2889 912; x_wconf 84' lang='lat' dir='ltr'>ardentium</span> <span class='ocrx_word' id='word_1_57' title='bbox 2926 854 3274 928; x_wconf 89' lang='lat' dir='ltr'>montium,</span> <span class='ocrx_word' id='word_1_58' title='bbox 3307 855 3437 930; x_wconf 88' lang='lat' dir='ltr'>qui</span> <span class='ocrx_word' id='word_1_59' title='bbox 3477 852 3730 912; x_wconf 85' lang='lat' dir='ltr'>difficile</span> 
     </span>
     <span class='ocr_line' id='line_1_6' title="bbox 635 956 3732 1034; baseline 0.001 -19"><span class='ocrx_word' id='word_1_60' title='bbox 635 956 936 1031; x_wconf 82' lang='lat' dir='ltr'>extingui</span> <span class='ocrx_word' id='word_1_61' title='bbox 967 963 1224 1033; x_wconf 88' lang='lat' dir='ltr'>posset,</span> <span class='ocrx_word' id='word_1_62' title='bbox 1262 957 1343 1017; x_wconf 88' lang='lat' dir='ltr'>ad</span> <span class='ocrx_word' id='word_1_63' title='bbox 1381 958 1599 1032; x_wconf 85' lang='lat' dir='ltr'>ignem</span> <span class='ocrx_word' id='word_1_64' title='bbox 1634 959 1967 1033; x_wconf 82' lang='lat' dir='ltr'>lignorum</span> <span class='ocrx_word' id='word_1_65' title='bbox 2002 958 2119 1033; x_wconf 84' lang='lat' dir='ltr'>qui</span> <span class='ocrx_word' id='word_1_66' title='bbox 2156 957 2351 1016; x_wconf 81' lang='lat' dir='ltr'>facile</span> <span class='ocrx_word' id='word_1_67' title='bbox 2393 958 2827 1034; x_wconf 84' lang='lat' dir='ltr'>extinguitur.</span> <span class='ocrx_word' id='word_1_68' title='bbox 2865 959 3149 1020; x_wconf 90' lang='lat' dir='ltr'>Dilectio</span> <span class='ocrx_word' id='word_1_69' title='bbox 3183 967 3426 1021; x_wconf 89' lang='lat' dir='ltr'>autem</span> <span class='ocrx_word' id='word_1_70' title='bbox 3466 961 3732 1019; x_wconf 85' lang='lat' dir='ltr'>feminae</span> 
     </span>
     <span class='ocr_line' id='line_1_7' title="bbox 636 1060 3734 1140; baseline 0 -20"><span class='ocrx_word' id='word_1_71' title='bbox 636 1060 722 1121; x_wconf 87' lang='lat' dir='ltr'>ad</span> <span class='ocrx_word' id='word_1_72' title='bbox 754 1060 1181 1121; x_wconf 89' lang='lat' dir='ltr'>dilectionem</span> <span class='ocrx_word' id='word_1_73' title='bbox 1231 1061 1390 1131; x_wconf 86' lang='lat' dir='ltr'>viri,</span> <span class='ocrx_word' id='word_1_74' title='bbox 1442 1067 1517 1121; x_wconf 90' lang='lat' dir='ltr'>ut</span> <span class='ocrx_word' id='word_1_75' title='bbox 1549 1062 1778 1122; x_wconf 87' lang='lat' dir='ltr'>suavis</span> <span class='ocrx_word' id='word_1_76' title='bbox 1826 1061 2012 1121; x_wconf 89' lang='lat' dir='ltr'>calor</span> <span class='ocrx_word' id='word_1_77' title='bbox 2045 1061 2127 1120; x_wconf 91' lang='lat' dir='ltr'>de</span> <span class='ocrx_word' id='word_1_78' title='bbox 2177 1063 2318 1121; x_wconf 89' lang='lat' dir='ltr'>sole</span> <span class='ocrx_word' id='word_1_79' title='bbox 2367 1062 2760 1138; x_wconf 87' lang='lat' dir='ltr'>procedens,</span> <span class='ocrx_word' id='word_1_80' title='bbox 2812 1064 2929 1138; x_wconf 89' lang='lat' dir='ltr'>qui</span> <span class='ocrx_word' id='word_1_81' title='bbox 2967 1063 3229 1124; x_wconf 85' lang='lat' dir='ltr'>fructus</span> <span class='ocrx_word' id='word_1_82' title='bbox 3262 1064 3619 1140; x_wconf 85' lang='lat' dir='ltr'>producit,</span> <span class='ocrx_word' id='word_1_83' title='bbox 3664 1062 3734 1121; x_wconf 88' lang='lat' dir='ltr'>ad</span> 
     </span>
     <span class='ocr_line' id='line_1_8' title="bbox 644 1164 3735 1243; baseline 0 -19"><span class='ocrx_word' id='word_1_84' title='bbox 644 1164 1193 1225; x_wconf 87' lang='lat' dir='ltr'>ardentissimum</span> <span class='ocrx_word' id='word_1_85' title='bbox 1233 1166 1453 1241; x_wconf 89' lang='lat' dir='ltr'>ignem</span> <span class='ocrx_word' id='word_1_86' title='bbox 1487 1166 1842 1238; x_wconf 87' lang='lat' dir='ltr'>lignorum,</span> <span class='ocrx_word' id='word_1_87' title='bbox 1880 1165 2194 1240; x_wconf 86' lang='lat' dir='ltr'>quoniam</span> <span class='ocrx_word' id='word_1_88' title='bbox 2229 1170 2295 1223; x_wconf 89' lang='lat' dir='ltr'>et</span> <span class='ocrx_word' id='word_1_89' title='bbox 2332 1165 2479 1240; x_wconf 86' lang='lat' dir='ltr'>ipsa</span> <span class='ocrx_word' id='word_1_90' title='bbox 2511 1167 2814 1226; x_wconf 87' lang='lat' dir='ltr'>suaviter</span> <span class='ocrx_word' id='word_1_91' title='bbox 2847 1168 2914 1225; x_wconf 91' lang='lat' dir='ltr'>in</span> <span class='ocrx_word' id='word_1_92' title='bbox 2946 1168 3137 1243; x_wconf 90' lang='lat' dir='ltr'>prole</span> <span class='ocrx_word' id='word_1_93' title='bbox 3171 1167 3449 1228; x_wconf 86' lang='lat' dir='ltr'>fructus</span> <span class='ocrx_word' id='word_1_94' title='bbox 3475 1167 3735 1243; x_wconf 85' lang='lat' dir='ltr'>profert.</span> 
     </span>
     <span class='ocr_line' id='line_1_9' title="bbox 645 1267 3741 1346; baseline 0.001 -20"><span class='ocrx_word' id='word_1_95' title='bbox 645 1267 883 1342; x_wconf 87' lang='lat' dir='ltr'>Magna</span> <span class='ocrx_word' id='word_1_96' title='bbox 915 1275 1140 1328; x_wconf 88' lang='lat' dir='ltr'>autem</span> <span class='ocrx_word' id='word_1_97' title='bbox 1186 1269 1481 1344; x_wconf 91' lang='lat' dir='ltr'>dilecti0,</span> <span class='ocrx_word' id='word_1_98' title='bbox 1518 1285 1689 1345; x_wconf 86' lang='lat' dir='ltr'>quae</span> <span class='ocrx_word' id='word_1_99' title='bbox 1723 1269 1789 1327; x_wconf 90' lang='lat' dir='ltr'>in</span> <span class='ocrx_word' id='word_1_100' title='bbox 1823 1268 2029 1327; x_wconf 87' lang='lat' dir='ltr'>Adam</span> <span class='ocrx_word' id='word_1_101' title='bbox 2065 1275 2233 1342; x_wconf 89' lang='lat' dir='ltr'>erat,</span> <span class='ocrx_word' id='word_1_102' title='bbox 2271 1284 2422 1328; x_wconf 87' lang='lat' dir='ltr'>curn</span> <span class='ocrx_word' id='word_1_103' title='bbox 2457 1269 2591 1330; x_wconf 86' lang='lat' dir='ltr'>Eva</span> <span class='ocrx_word' id='word_1_104' title='bbox 2623 1270 2705 1329; x_wconf 92' lang='lat' dir='ltr'>de</span> <span class='ocrx_word' id='word_1_105' title='bbox 2750 1272 2896 1346; x_wconf 86' lang='lat' dir='ltr'>ipso</span> <span class='ocrx_word' id='word_1_106' title='bbox 2932 1272 3161 1345; x_wconf 89' lang='lat' dir='ltr'>exivit,</span> <span class='ocrx_word' id='word_1_107' title='bbox 3199 1279 3267 1331; x_wconf 89' lang='lat' dir='ltr'>et</span> <span class='ocrx_word' id='word_1_108' title='bbox 3300 1269 3605 1330; x_wconf 83' lang='lat' dir='ltr'>dulcedo</span> <span class='ocrx_word' id='word_1_109' title='bbox 3650 1285 3741 1329; x_wconf 89' lang='lat' dir='ltr'>so-</span> 
     </span>
     <span class='ocr_line' id='line_1_10' title="bbox 647 1371 3742 1449; baseline -0 -19"><span class='ocrx_word' id='word_1_110' title='bbox 647 1371 837 1446; x_wconf 85' lang='lat' dir='ltr'>poris</span> <span class='ocrx_word' id='word_1_111' title='bbox 872 1371 1078 1447; x_wconf 86' lang='lat' dir='ltr'>illius,</span> <span class='ocrx_word' id='word_1_112' title='bbox 1114 1389 1245 1449; x_wconf 87' lang='lat' dir='ltr'>qua</span> <span class='ocrx_word' id='word_1_113' title='bbox 1278 1380 1437 1433; x_wconf 90' lang='lat' dir='ltr'>tunc</span> <span class='ocrx_word' id='word_1_114' title='bbox 1467 1373 1808 1447; x_wconf 85' lang='lat' dir='ltr'>dormivit,</span> <span class='ocrx_word' id='word_1_115' title='bbox 1836 1372 1904 1431; x_wconf 85' lang='lat' dir='ltr'>in</span> <span class='ocrx_word' id='word_1_116' title='bbox 1933 1373 2471 1446; x_wconf 78' lang='lat' dir='ltr'>transgressione</span> <span class='ocrx_word' id='word_1_117' title='bbox 2498 1373 2555 1449; x_wconf 91' lang='lat' dir='ltr'>ej</span> <span class='ocrx_word' id='word_1_118' title='bbox 2569 1390 2643 1432; x_wconf 89' lang='lat' dir='ltr'>us</span> <span class='ocrx_word' id='word_1_119' title='bbox 2678 1374 2744 1432; x_wconf 93' lang='lat' dir='ltr'>in</span> <span class='ocrx_word' id='word_1_120' title='bbox 2777 1376 3193 1435; x_wconf 87' lang='lat' dir='ltr'>contrarium</span> <span class='ocrx_word' id='word_1_121' title='bbox 3221 1374 3511 1434; x_wconf 89' lang='lat' dir='ltr'>modum</span> <span class='ocrx_word' id='word_1_122' title='bbox 3536 1372 3742 1431; x_wconf 86' lang='lat' dir='ltr'>dulce-</span> 
     </span>
     <span class='ocr_line' id='line_1_11' title="bbox 649 1472 3742 1553; baseline -0 -19"><span class='ocrx_word' id='word_1_123' title='bbox 649 1472 829 1534; x_wconf 87' lang='lat' dir='ltr'>dinis</span> <span class='ocrx_word' id='word_1_124' title='bbox 860 1491 1058 1535; x_wconf 87' lang='lat' dir='ltr'>versa</span> <span class='ocrx_word' id='word_1_125' title='bbox 1091 1483 1212 1537; x_wconf 87' lang='lat' dir='ltr'>est.</span> <span class='ocrx_word' id='word_1_126' title='bbox 1247 1478 1328 1537; x_wconf 87' lang='lat' dir='ltr'>Et</span> <span class='ocrx_word' id='word_1_127' title='bbox 1363 1477 1511 1537; x_wconf 89' lang='lat' dir='ltr'>ideo</span> <span class='ocrx_word' id='word_1_128' title='bbox 1544 1478 1703 1553; x_wconf 88' lang='lat' dir='ltr'>quia</span> <span class='ocrx_word' id='word_1_129' title='bbox 1751 1477 1858 1536; x_wconf 88' lang='lat' dir='ltr'>vir</span> <span class='ocrx_word' id='word_1_130' title='bbox 1891 1475 2064 1536; x_wconf 89' lang='lat' dir='ltr'>hanc</span> <span class='ocrx_word' id='word_1_131' title='bbox 2113 1493 2419 1552; x_wconf 88' lang='lat' dir='ltr'>magnam</span> <span class='ocrx_word' id='word_1_132' title='bbox 2456 1477 2879 1538; x_wconf 85' lang='lat' dir='ltr'>dulcedinem</span> <span class='ocrx_word' id='word_1_133' title='bbox 2914 1480 2983 1539; x_wconf 89' lang='lat' dir='ltr'>in</span> <span class='ocrx_word' id='word_1_134' title='bbox 3015 1494 3088 1539; x_wconf 88' lang='lat' dir='ltr'>se</span> <span class='ocrx_word' id='word_1_135' title='bbox 3124 1479 3353 1551; x_wconf 89' lang='lat' dir='ltr'>sentit,</span> <span class='ocrx_word' id='word_1_136' title='bbox 3412 1482 3489 1536; x_wconf 90' lang='lat' dir='ltr'>et</span> <span class='ocrx_word' id='word_1_137' title='bbox 3537 1474 3742 1548; x_wconf 87' lang='lat' dir='ltr'>habet,</span> 
     </span>
     <span class='ocr_line' id='line_1_12' title="bbox 646 1579 3743 1657; baseline -0.001 -18"><span class='ocrx_word' id='word_1_138' title='bbox 646 1580 725 1639; x_wconf 90' lang='lat' dir='ltr'>ut</span> <span class='ocrx_word' id='word_1_139' title='bbox 756 1595 997 1640; x_wconf 85' lang='lat' dir='ltr'>cervus</span> <span class='ocrx_word' id='word_1_140' title='bbox 1028 1581 1112 1640; x_wconf 85' lang='lat' dir='ltr'>ad</span> <span class='ocrx_word' id='word_1_141' title='bbox 1150 1580 1421 1655; x_wconf 88' lang='lat' dir='ltr'>fontem,</span> <span class='ocrx_word' id='word_1_142' title='bbox 1458 1583 1558 1642; x_wconf 89' lang='lat' dir='ltr'>sic</span> <span class='ocrx_word' id='word_1_143' title='bbox 1596 1582 1737 1657; x_wconf 89' lang='lat' dir='ltr'>ipse</span> <span class='ocrx_word' id='word_1_144' title='bbox 1773 1581 2096 1641; x_wconf 90' lang='lat' dir='ltr'>velociter</span> <span class='ocrx_word' id='word_1_145' title='bbox 2128 1581 2210 1640; x_wconf 91' lang='lat' dir='ltr'>ad</span> <span class='ocrx_word' id='word_1_146' title='bbox 2249 1581 2560 1641; x_wconf 85' lang='lat' dir='ltr'>feminam</span> <span class='ocrx_word' id='word_1_147' title='bbox 2596 1583 2833 1657; x_wconf 90' lang='lat' dir='ltr'>currit,</span> <span class='ocrx_word' id='word_1_148' title='bbox 2876 1589 2945 1643; x_wconf 91' lang='lat' dir='ltr'>et</span> <span class='ocrx_word' id='word_1_149' title='bbox 2986 1582 3231 1643; x_wconf 82' lang='lat' dir='ltr'>femina</span> <span class='ocrx_word' id='word_1_150' title='bbox 3266 1582 3353 1641; x_wconf 90' lang='lat' dir='ltr'>ad</span> <span class='ocrx_word' id='word_1_151' title='bbox 3401 1582 3654 1657; x_wconf 90' lang='lat' dir='ltr'>ipsum,</span> <span class='ocrx_word' id='word_1_152' title='bbox 3687 1579 3743 1635; x_wconf 88' lang='lat' dir='ltr'>in</span> 
     </span>
    </p>
   </div>
   <div class='ocr_carea' id='block_1_3' title="bbox 651 1682 3745 1865">
    <p class='ocr_par' dir='ltr' id='par_1_3' title="bbox 651 1682 3745 1865">
     <span class='ocr_line' id='line_1_13' title="bbox 651 1682 3745 1764; baseline 0 -23"><span class='ocrx_word' id='word_1_153' title='bbox 651 1682 1159 1745; x_wconf 89' lang='lat' dir='ltr'>similitudinem</span> <span class='ocrx_word' id='word_1_154' title='bbox 1193 1685 1418 1746; x_wconf 89' lang='lat' dir='ltr'>horrei</span> <span class='ocrx_word' id='word_1_155' title='bbox 1451 1702 1670 1759; x_wconf 86' lang='lat' dir='ltr'>areae,</span> <span class='ocrx_word' id='word_1_156' title='bbox 1709 1702 1880 1761; x_wconf 87' lang='lat' dir='ltr'>quae</span> <span class='ocrx_word' id='word_1_157' title='bbox 1915 1686 2147 1746; x_wconf 88' lang='lat' dir='ltr'>multis</span> <span class='ocrx_word' id='word_1_158' title='bbox 2184 1686 2429 1746; x_wconf 90' lang='lat' dir='ltr'>ictibus</span> <span class='ocrx_word' id='word_1_159' title='bbox 2463 1689 2861 1764; x_wconf 88' lang='lat' dir='ltr'>percutitur,</span> <span class='ocrx_word' id='word_1_160' title='bbox 2899 1694 2968 1749; x_wconf 90' lang='lat' dir='ltr'>et</span> <span class='ocrx_word' id='word_1_161' title='bbox 3002 1689 3085 1748; x_wconf 90' lang='lat' dir='ltr'>ad</span> <span class='ocrx_word' id='word_1_162' title='bbox 3120 1689 3428 1748; x_wconf 88' lang='lat' dir='ltr'>calorem</span> <span class='ocrx_word' id='word_1_163' title='bbox 3455 1684 3745 1763; x_wconf 89' lang='lat' dir='ltr'>perduci·</span> 
     </span>
     <span class='ocr_line' id='line_1_14' title="bbox 656 1791 1910 1865; baseline 0.002 -18"><span class='ocrx_word' id='word_1_164' title='bbox 656 1792 791 1864; x_wconf 89' lang='lat' dir='ltr'>tur,</span> <span class='ocrx_word' id='word_1_165' title='bbox 828 1804 978 1849; x_wconf 92' lang='lat' dir='ltr'>cum</span> <span class='ocrx_word' id='word_1_166' title='bbox 1011 1806 1219 1865; x_wconf 90' lang='lat' dir='ltr'>grana</span> <span class='ocrx_word' id='word_1_167' title='bbox 1254 1792 1321 1851; x_wconf 91' lang='lat' dir='ltr'>in</span> <span class='ocrx_word' id='word_1_168' title='bbox 1353 1807 1431 1851; x_wconf 94' lang='lat' dir='ltr'>eo</span> <span class='ocrx_word' id='word_1_169' title='bbox 1464 1791 1910 1852; x_wconf 87' lang='lat' dir='ltr'>excutiuntur.</span> 
     </span>
    </p>
   </div>
   <div class='ocr_carea' id='block_1_4' title="bbox 659 1932 3160 2870">
    <p class='ocr_par' dir='ltr' id='par_1_4' title="bbox 659 1932 3160 2870">
     <span class='ocr_line' id='line_1_15' title="bbox 732 1932 3069 2011; baseline 0.003 -22"><span class='ocrx_word' id='word_1_170' title='bbox 732 1932 813 1990; x_wconf 86' lang='lat' dir='ltr'>De</span> <span class='ocrx_word' id='word_1_171' title='bbox 837 1936 1315 2008; x_wconf 85' lang='lat' dir='ltr'>concupiscentia.</span> <span class='ocrx_word' id='word_1_172' title='bbox 2278 1939 2359 1993; x_wconf 86' lang='lat' dir='ltr'>De</span> <span class='ocrx_word' id='word_1_173' title='bbox 2384 1943 2661 1995; x_wconf 89' lang='lat' dir='ltr'>nocturna</span> <span class='ocrx_word' id='word_1_174' title='bbox 2688 1939 3069 2011; x_wconf 81' lang='lat' dir='ltr'>oppressione.</span> 
     </span>
     <span class='ocr_line' id='line_1_16' title="bbox 662 2019 2617 2092; baseline 0.004 -16"><span class='ocrx_word' id='word_1_175' title='bbox 662 2019 746 2077; x_wconf 84' lang='lat' dir='ltr'>De</span> <span class='ocrx_word' id='word_1_176' title='bbox 770 2022 1105 2092; x_wconf 79' lang='lat' dir='ltr'>pollutione.</span> <span class='ocrx_word' id='word_1_177' title='bbox 2281 2025 2361 2080; x_wconf 89' lang='lat' dir='ltr'>De</span> <span class='ocrx_word' id='word_1_178' title='bbox 2386 2025 2617 2083; x_wconf 88' lang='lat' dir='ltr'>somnis.</span> 
     </span>
     <span class='ocr_line' id='line_1_17' title="bbox 659 2107 2796 2184; baseline 0.002 -20"><span class='ocrx_word' id='word_1_179' title='bbox 659 2107 743 2164; x_wconf 83' lang='lat' dir='ltr'>De</span> <span class='ocrx_word' id='word_1_180' title='bbox 768 2109 1021 2181; x_wconf 75' lang='lat' dir='ltr'>coniugii</span> <span class='ocrx_word' id='word_1_181' title='bbox 1049 2117 1317 2184; x_wconf 86' lang='lat' dir='ltr'>tempore.</span> <span class='ocrx_word' id='word_1_182' title='bbox 2284 2110 2365 2165; x_wconf 88' lang='lat' dir='ltr'>De</span> <span class='ocrx_word' id='word_1_183' title='bbox 2388 2110 2796 2183; x_wconf 85' lang='lat' dir='ltr'>complexione.</span> 
     </span>
     <span class='ocr_line' id='line_1_18' title="bbox 661 2194 3160 2256; baseline 0.004 -10"><span class='ocrx_word' id='word_1_184' title='bbox 661 2195 745 2252; x_wconf 79' lang='lat' dir='ltr'>De</span> <span class='ocrx_word' id='word_1_185' title='bbox 769 2196 1035 2254; x_wconf 74' lang='lat' dir='ltr'>medulla,</span> <span class='ocrx_word' id='word_1_186' title='bbox 2286 2194 2367 2249; x_wconf 88' lang='lat' dir='ltr'>De</span> <span class='ocrx_word' id='word_1_187' title='bbox 2392 2194 2545 2252; x_wconf 78' lang='lat' dir='ltr'>Adae</span> <span class='ocrx_word' id='word_1_188' title='bbox 2570 2213 2699 2252; x_wconf 88' lang='lat' dir='ltr'>casu</span> <span class='ocrx_word' id='word_1_189' title='bbox 2727 2203 2785 2253; x_wconf 91' lang='lat' dir='ltr'>et</span> <span class='ocrx_word' id='word_1_190' title='bbox 2811 2198 3160 2256; x_wconf 76' lang='lat' dir='ltr'>melancolia.</span> 
     </span>
     <span class='ocr_line' id='line_1_19' title="bbox 663 2281 3008 2355; baseline 0.001 -15"><span class='ocrx_word' id='word_1_191' title='bbox 663 2283 747 2340; x_wconf 83' lang='lat' dir='ltr'>De</span> <span class='ocrx_word' id='word_1_192' title='bbox 770 2284 957 2341; x_wconf 84' lang='lat' dir='ltr'>tribus</span> <span class='ocrx_word' id='word_1_193' title='bbox 982 2284 1261 2341; x_wconf 81' lang='lat' dir='ltr'>medullae</span> <span class='ocrx_word' id='word_1_194' title='bbox 1289 2284 1524 2341; x_wconf 84' lang='lat' dir='ltr'>viribus.</span> <span class='ocrx_word' id='word_1_195' title='bbox 2289 2282 2370 2337; x_wconf 88' lang='lat' dir='ltr'>De</span> <span class='ocrx_word' id='word_1_196' title='bbox 2393 2281 2603 2338; x_wconf 89' lang='lat' dir='ltr'>mentis</span> <span class='ocrx_word' id='word_1_197' title='bbox 2628 2285 3008 2355; x_wconf 86' lang='lat' dir='ltr'>oppressione.</span> 
     </span>
     <span class='ocr_line' id='line_1_20' title="bbox 662 2367 2796 2427; baseline -0 -1"><span class='ocrx_word' id='word_1_198' title='bbox 662 2369 746 2426; x_wconf 85' lang='lat' dir='ltr'>De</span> <span class='ocrx_word' id='word_1_199' title='bbox 772 2369 1207 2427; x_wconf 83' lang='lat' dir='ltr'>incontinentia.</span> <span class='ocrx_word' id='word_1_200' title='bbox 2292 2368 2372 2423; x_wconf 89' lang='lat' dir='ltr'>De</span> <span class='ocrx_word' id='word_1_201' title='bbox 2396 2367 2623 2424; x_wconf 76' lang='lat' dir='ltr'>Diaboli</span> <span class='ocrx_word' id='word_1_202' title='bbox 2647 2369 2796 2425; x_wconf 90' lang='lat' dir='ltr'>odio.</span> 
     </span>
     <span class='ocr_line' id='line_1_21' title="bbox 662 2455 2800 2526; baseline 0.001 -15"><span class='ocrx_word' id='word_1_203' title='bbox 662 2456 747 2511; x_wconf 88' lang='lat' dir='ltr'>De</span> <span class='ocrx_word' id='word_1_204' title='bbox 771 2455 1147 2526; x_wconf 80' lang='lat' dir='ltr'>suggestione.</span> <span class='ocrx_word' id='word_1_205' title='bbox 2290 2459 2372 2513; x_wconf 86' lang='lat' dir='ltr'>De</span> <span class='ocrx_word' id='word_1_206' title='bbox 2396 2456 2800 2515; x_wconf 81' lang='lat' dir='ltr'>obstinatione.</span> 
     </span>
     <span class='ocr_line' id='line_1_22' title="bbox 668 2541 3158 2614; baseline 0.002 -16"><span class='ocrx_word' id='word_1_207' title='bbox 668 2541 752 2598; x_wconf 84' lang='lat' dir='ltr'>De</span> <span class='ocrx_word' id='word_1_208' title='bbox 777 2542 1054 2599; x_wconf 86' lang='lat' dir='ltr'>medullae</span> <span class='ocrx_word' id='word_1_209' title='bbox 1081 2542 1369 2614; x_wconf 84' lang='lat' dir='ltr'>temperie.</span> <span class='ocrx_word' id='word_1_210' title='bbox 2293 2545 2373 2599; x_wconf 87' lang='lat' dir='ltr'>De</span> <span class='ocrx_word' id='word_1_211' title='bbox 2400 2544 2779 2601; x_wconf 88' lang='lat' dir='ltr'>membrorum</span> <span class='ocrx_word' id='word_1_212' title='bbox 2809 2545 3158 2603; x_wconf 82' lang='lat' dir='ltr'>extensione.</span> 
     </span>
     <span class='ocr_line' id='line_1_23' title="bbox 670 2630 2645 2701; baseline 0 -14"><span class='ocrx_word' id='word_1_213' title='bbox 670 2630 754 2687; x_wconf 83' lang='lat' dir='ltr'>De</span> <span class='ocrx_word' id='word_1_214' title='bbox 778 2630 1022 2701; x_wconf 84' lang='lat' dir='ltr'>crapula.</span> <span class='ocrx_word' id='word_1_215' title='bbox 2293 2632 2373 2687; x_wconf 91' lang='lat' dir='ltr'>De</span> <span class='ocrx_word' id='word_1_216' title='bbox 2399 2630 2645 2700; x_wconf 86' lang='lat' dir='ltr'>litargia.</span> 
     </span>
     <span class='ocr_line' id='line_1_24' title="bbox 672 2714 2678 2786; baseline 0 -15"><span class='ocrx_word' id='word_1_217' title='bbox 672 2714 756 2771; x_wconf 85' lang='lat' dir='ltr'>De</span> <span class='ocrx_word' id='word_1_218' title='bbox 784 2714 934 2772; x_wconf 86' lang='lat' dir='ltr'>vino.</span> <span class='ocrx_word' id='word_1_219' title='bbox 2295 2718 2376 2772; x_wconf 90' lang='lat' dir='ltr'>De</span> <span class='ocrx_word' id='word_1_220' title='bbox 2401 2715 2678 2786; x_wconf 85' lang='lat' dir='ltr'>singultu.</span> 
     </span>
     <span class='ocr_line' id='line_1_25' title="bbox 672 2799 2754 2870; baseline 0 -14"><span class='ocrx_word' id='word_1_221' title='bbox 672 2799 756 2856; x_wconf 82' lang='lat' dir='ltr'>De</span> <span class='ocrx_word' id='word_1_222' title='bbox 781 2800 1144 2870; x_wconf 76' lang='lat' dir='ltr'>cogitatione.</span> <span class='ocrx_word' id='word_1_223' title='bbox 2297 2804 2377 2860; x_wconf 86' lang='lat' dir='ltr'>De</span> <span class='ocrx_word' id='word_1_224' title='bbox 2401 2799 2754 2859; x_wconf 86' lang='lat' dir='ltr'>melancolia.</span> 
     </span>
    </p>
   </div>
   <div class='ocr_carea' id='block_1_5' title="bbox 672 2941 3761 3747">
    <p class='ocr_par' dir='ltr' id='par_1_5' title="bbox 672 2941 3761 3747">
     <span class='ocr_line' id='line_1_26' title="bbox 766 2941 3749 3020; baseline -0.002 -14"><span class='ocrx_word' id='word_1_225' title='bbox 766 2947 863 3007; x_wconf 84' lang='lat' dir='ltr'>De</span> <span class='ocrx_word' id='word_1_226' title='bbox 893 2944 1056 3020; x_wconf 82' lang='lat' dir='ltr'>felle</span> <span class='ocrx_word' id='word_1_227' title='bbox 1091 2949 1152 3002; x_wconf 85' lang='lat' dir='ltr'>et</span> <span class='ocrx_word' id='word_1_228' title='bbox 1181 2961 1399 3019; x_wconf 80' lang='lat' dir='ltr'>poena</span> <span class='ocrx_word' id='word_1_229' title='bbox 1432 2944 1632 3002; x_wconf 81' lang='lat' dir='ltr'>Adae.</span> <span class='ocrx_word' id='word_1_230' title='bbox 1685 2944 2059 3019; x_wconf 81' lang='lat' dir='ltr'>Antequam</span> <span class='ocrx_word' id='word_1_231' title='bbox 2092 2942 2301 3002; x_wconf 83' lang='lat' dir='ltr'>Adam</span> <span class='ocrx_word' id='word_1_232' title='bbox 2335 2941 2638 3001; x_wconf 85' lang='lat' dir='ltr'>divinum</span> <span class='ocrx_word' id='word_1_233' title='bbox 2671 2943 3107 3014; x_wconf 89' lang='lat' dir='ltr'>praeceptum</span> <span class='ocrx_word' id='word_1_234' title='bbox 3157 2942 3749 3016; x_wconf 86' lang='lat' dir='ltr'>transgrederetur,</span> 
     </span>
     <span class='ocr_line' id='line_1_27' title="bbox 672 3043 3754 3130; baseline -0.002 -17"><span class='ocrx_word' id='word_1_235' title='bbox 672 3051 853 3130; x_wconf 91' lang='lat' dir='ltr'>quod</span> <span class='ocrx_word' id='word_1_236' title='bbox 890 3049 1084 3110; x_wconf 93' lang='lat' dir='ltr'>modo</span> <span class='ocrx_word' id='word_1_237' title='bbox 1121 3048 1208 3108; x_wconf 84' lang='lat' dir='ltr'>fel</span> <span class='ocrx_word' id='word_1_238' title='bbox 1242 3048 1307 3107; x_wconf 92' lang='lat' dir='ltr'>in</span> <span class='ocrx_word' id='word_1_239' title='bbox 1341 3047 1608 3108; x_wconf 89' lang='lat' dir='ltr'>homine</span> <span class='ocrx_word' id='word_1_240' title='bbox 1641 3052 1768 3121; x_wconf 90' lang='lat' dir='ltr'>est,</span> <span class='ocrx_word' id='word_1_241' title='bbox 1809 3047 1874 3106; x_wconf 89' lang='lat' dir='ltr'>in</span> <span class='ocrx_word' id='word_1_242' title='bbox 1906 3064 1985 3107; x_wconf 91' lang='lat' dir='ltr'>eo</span> <span class='ocrx_word' id='word_1_243' title='bbox 2022 3054 2096 3108; x_wconf 91' lang='lat' dir='ltr'>ut</span> <span class='ocrx_word' id='word_1_244' title='bbox 2128 3045 2494 3122; x_wconf 81' lang='lat' dir='ltr'>crystallus</span> <span class='ocrx_word' id='word_1_245' title='bbox 2532 3043 2823 3120; x_wconf 90' lang='lat' dir='ltr'>lucebat,</span> <span class='ocrx_word' id='word_1_246' title='bbox 2852 3049 2920 3104; x_wconf 91' lang='lat' dir='ltr'>et</span> <span class='ocrx_word' id='word_1_247' title='bbox 2945 3043 3221 3120; x_wconf 89' lang='lat' dir='ltr'>gustum</span> <span class='ocrx_word' id='word_1_248' title='bbox 3253 3043 3592 3106; x_wconf 85' lang='lat' dir='ltr'>bonorum</span> <span class='ocrx_word' id='word_1_249' title='bbox 3624 3060 3754 3122; x_wconf 80' lang='lat' dir='ltr'>ope-</span> 
     </span>
     <span class='ocr_line' id='line_1_28' title="bbox 675 3148 3751 3228; baseline -0.004 -9"><span class='ocrx_word' id='word_1_250' title='bbox 675 3173 827 3219; x_wconf 87' lang='lat' dir='ltr'>rum</span> <span class='ocrx_word' id='word_1_251' title='bbox 861 3156 928 3215; x_wconf 92' lang='lat' dir='ltr'>in</span> <span class='ocrx_word' id='word_1_252' title='bbox 960 3171 1033 3214; x_wconf 90' lang='lat' dir='ltr'>se</span> <span class='ocrx_word' id='word_1_253' title='bbox 1067 3152 1379 3227; x_wconf 89' lang='lat' dir='ltr'>habebat;</span> <span class='ocrx_word' id='word_1_254' title='bbox 1415 3159 1483 3212; x_wconf 90' lang='lat' dir='ltr'>et</span> <span class='ocrx_word' id='word_1_255' title='bbox 1517 3152 1692 3228; x_wconf 89' lang='lat' dir='ltr'>quod</span> <span class='ocrx_word' id='word_1_256' title='bbox 1729 3167 1902 3210; x_wconf 91' lang='lat' dir='ltr'>nunc</span> <span class='ocrx_word' id='word_1_257' title='bbox 1936 3152 2140 3210; x_wconf 89' lang='lat' dir='ltr'>etiam</span> <span class='ocrx_word' id='word_1_258' title='bbox 2178 3150 2579 3210; x_wconf 84' lang='lat' dir='ltr'>melancolia</span> <span class='ocrx_word' id='word_1_259' title='bbox 2610 3156 2716 3209; x_wconf 87' lang='lat' dir='ltr'>est</span> <span class='ocrx_word' id='word_1_260' title='bbox 2752 3150 2819 3208; x_wconf 90' lang='lat' dir='ltr'>in</span> <span class='ocrx_word' id='word_1_261' title='bbox 2852 3148 3144 3224; x_wconf 88' lang='lat' dir='ltr'>homine,</span> <span class='ocrx_word' id='word_1_262' title='bbox 3200 3150 3266 3209; x_wconf 89' lang='lat' dir='ltr'>in</span> <span class='ocrx_word' id='word_1_263' title='bbox 3301 3165 3382 3209; x_wconf 93' lang='lat' dir='ltr'>eo</span> <span class='ocrx_word' id='word_1_264' title='bbox 3418 3154 3502 3212; x_wconf 95' lang='lat' dir='ltr'>ut</span> <span class='ocrx_word' id='word_1_265' title='bbox 3533 3164 3751 3211; x_wconf 83' lang='lat' dir='ltr'>aurora</span> 
     </span>
     <span class='ocr_line' id='line_1_29' title="bbox 679 3254 3754 3338; baseline -0.004 -16"><span class='ocrx_word' id='word_1_266' title='bbox 679 3261 1002 3338; x_wconf 80' lang='lat' dir='ltr'>fulgebat,</span> <span class='ocrx_word' id='word_1_267' title='bbox 1053 3265 1119 3318; x_wconf 92' lang='lat' dir='ltr'>et</span> <span class='ocrx_word' id='word_1_268' title='bbox 1155 3258 1509 3317; x_wconf 87' lang='lat' dir='ltr'>scientiam</span> <span class='ocrx_word' id='word_1_269' title='bbox 1555 3263 1624 3317; x_wconf 94' lang='lat' dir='ltr'>et</span> <span class='ocrx_word' id='word_1_270' title='bbox 1655 3256 2137 3334; x_wconf 84' lang='lat' dir='ltr'>perfectionem</span> <span class='ocrx_word' id='word_1_271' title='bbox 2184 3256 2513 3316; x_wconf 89' lang='lat' dir='ltr'>bonorum</span> <span class='ocrx_word' id='word_1_272' title='bbox 2562 3271 2839 3330; x_wconf 89' lang='lat' dir='ltr'>operum</span> <span class='ocrx_word' id='word_1_273' title='bbox 2877 3256 2943 3314; x_wconf 90' lang='lat' dir='ltr'>in</span> <span class='ocrx_word' id='word_1_274' title='bbox 2977 3270 3051 3314; x_wconf 88' lang='lat' dir='ltr'>se</span> <span class='ocrx_word' id='word_1_275' title='bbox 3099 3254 3410 3315; x_wconf 88' lang='lat' dir='ltr'>habebat.</span> <span class='ocrx_word' id='word_1_276' title='bbox 3461 3257 3629 3317; x_wconf 90' lang='lat' dir='ltr'>Cum</span> <span class='ocrx_word' id='word_1_277' title='bbox 3660 3269 3754 3312; x_wconf 86' lang='lat' dir='ltr'>au·</span> 
     </span>
     <span class='ocr_line' id='line_1_30' title="bbox 680 3355 3751 3435; baseline -0.004 -10"><span class='ocrx_word' id='word_1_278' title='bbox 680 3368 818 3426; x_wconf 87' lang='lat' dir='ltr'>tem</span> <span class='ocrx_word' id='word_1_279' title='bbox 866 3363 1074 3423; x_wconf 89' lang='lat' dir='ltr'>Adam</span> <span class='ocrx_word' id='word_1_280' title='bbox 1123 3367 1590 3435; x_wconf 88' lang='lat' dir='ltr'>transgressus</span> <span class='ocrx_word' id='word_1_281' title='bbox 1639 3365 1766 3434; x_wconf 90' lang='lat' dir='ltr'>est,</span> <span class='ocrx_word' id='word_1_282' title='bbox 1819 3358 2137 3435; x_wconf 89' lang='lat' dir='ltr'>splendor</span> <span class='ocrx_word' id='word_1_283' title='bbox 2171 3358 2587 3418; x_wconf 86' lang='lat' dir='ltr'>innocentiae</span> <span class='ocrx_word' id='word_1_284' title='bbox 2622 3359 2690 3418; x_wconf 88' lang='lat' dir='ltr'>in</span> <span class='ocrx_word' id='word_1_285' title='bbox 2722 3374 2801 3418; x_wconf 94' lang='lat' dir='ltr'>eo</span> <span class='ocrx_word' id='word_1_286' title='bbox 2851 3357 3255 3418; x_wconf 88' lang='lat' dir='ltr'>obscuratus</span> <span class='ocrx_word' id='word_1_287' title='bbox 3302 3364 3433 3432; x_wconf 83' lang='lat' dir='ltr'>est3</span> <span class='ocrx_word' id='word_1_288' title='bbox 3490 3364 3560 3418; x_wconf 90' lang='lat' dir='ltr'>et</span> <span class='ocrx_word' id='word_1_289' title='bbox 3601 3355 3751 3417; x_wconf 89' lang='lat' dir='ltr'>oculi</span> 
     </span>
     <span class='ocr_line' id='line_1_31' title="bbox 679 3458 3754 3547; baseline -0.005 -17"><span class='ocrx_word' id='word_1_290' title='bbox 679 3470 829 3547; x_wconf 89' lang='lat' dir='ltr'>ejus</span> <span class='ocrx_word' id='word_1_291' title='bbox 861 3468 978 3543; x_wconf 86' lang='lat' dir='ltr'>qui</span> <span class='ocrx_word' id='word_1_292' title='bbox 1011 3467 1200 3542; x_wconf 86' lang='lat' dir='ltr'>prius</span> <span class='ocrx_word' id='word_1_293' title='bbox 1233 3465 1554 3523; x_wconf 88' lang='lat' dir='ltr'>coelestia</span> <span class='ocrx_word' id='word_1_294' title='bbox 1602 3462 1942 3537; x_wconf 85' lang='lat' dir='ltr'>videbant,</span> <span class='ocrx_word' id='word_1_295' title='bbox 1979 3462 2253 3521; x_wconf 87' lang='lat' dir='ltr'>extincti</span> <span class='ocrx_word' id='word_1_296' title='bbox 2290 3467 2467 3534; x_wconf 89' lang='lat' dir='ltr'>sunt;</span> <span class='ocrx_word' id='word_1_297' title='bbox 2520 3464 2589 3520; x_wconf 87' lang='lat' dir='ltr'>et</span> <span class='ocrx_word' id='word_1_298' title='bbox 2638 3459 2725 3520; x_wconf 89' lang='lat' dir='ltr'>fel</span> <span class='ocrx_word' id='word_1_299' title='bbox 2775 3466 3108 3520; x_wconf 88' lang='lat' dir='ltr'>mutatum</span> <span class='ocrx_word' id='word_1_300' title='bbox 3140 3464 3244 3521; x_wconf 88' lang='lat' dir='ltr'>est</span> <span class='ocrx_word' id='word_1_301' title='bbox 3279 3461 3346 3520; x_wconf 90' lang='lat' dir='ltr'>in</span> <span class='ocrx_word' id='word_1_302' title='bbox 3380 3458 3754 3521; x_wconf 88' lang='lat' dir='ltr'>amaritudi-</span> 
     </span>
     <span class='ocr_line' id='line_1_32' title="bbox 681 3566 3761 3646; baseline -0.003 -10"><span class='ocrx_word' id='word_1_303' title='bbox 681 3589 857 3646; x_wconf 91' lang='lat' dir='ltr'>nem,</span> <span class='ocrx_word' id='word_1_304' title='bbox 893 3577 959 3630; x_wconf 92' lang='lat' dir='ltr'>et</span> <span class='ocrx_word' id='word_1_305' title='bbox 992 3569 1388 3629; x_wconf 87' lang='lat' dir='ltr'>melancolia</span> <span class='ocrx_word' id='word_1_306' title='bbox 1439 3570 1504 3627; x_wconf 91' lang='lat' dir='ltr'>in</span> <span class='ocrx_word' id='word_1_307' title='bbox 1538 3567 1949 3643; x_wconf 88' lang='lat' dir='ltr'>nigredinem</span> <span class='ocrx_word' id='word_1_308' title='bbox 2002 3567 2394 3643; x_wconf 83' lang='lat' dir='ltr'>impietatis;</span> <span class='ocrx_word' id='word_1_309' title='bbox 2433 3568 2633 3642; x_wconf 86' lang='lat' dir='ltr'>atque</span> <span class='ocrx_word' id='word_1_310' title='bbox 2683 3571 2866 3625; x_wconf 91' lang='lat' dir='ltr'>totus</span> <span class='ocrx_word' id='word_1_311' title='bbox 2902 3566 2968 3625; x_wconf 91' lang='lat' dir='ltr'>in</span> <span class='ocrx_word' id='word_1_312' title='bbox 3002 3566 3210 3626; x_wconf 90' lang='lat' dir='ltr'>alium</span> <span class='ocrx_word' id='word_1_313' title='bbox 3245 3566 3523 3627; x_wconf 89' lang='lat' dir='ltr'>modum</span> <span class='ocrx_word' id='word_1_314' title='bbox 3568 3569 3761 3627; x_wconf 77' lang='lat' dir='ltr'>muta·</span> 
     </span>
     <span class='ocr_line' id='line_1_33' title="bbox 683 3670 3756 3747; baseline -0.005 -8"><span class='ocrx_word' id='word_1_315' title='bbox 683 3685 798 3739; x_wconf 89' lang='lat' dir='ltr'>tus</span> <span class='ocrx_word' id='word_1_316' title='bbox 831 3682 955 3736; x_wconf 86' lang='lat' dir='ltr'>est.</span> <span class='ocrx_word' id='word_1_317' title='bbox 991 3676 1070 3735; x_wconf 88' lang='lat' dir='ltr'>Et</span> <span class='ocrx_word' id='word_1_318' title='bbox 1103 3674 1203 3734; x_wconf 89' lang='lat' dir='ltr'>sic</span> <span class='ocrx_word' id='word_1_319' title='bbox 1236 3674 1457 3733; x_wconf 86' lang='lat' dir='ltr'>anima</span> <span class='ocrx_word' id='word_1_320' title='bbox 1488 3672 1634 3747; x_wconf 80' lang='lat' dir='ltr'>eJus</span> <span class='ocrx_word' id='word_1_321' title='bbox 1686 3672 2034 3731; x_wconf 85' lang='lat' dir='ltr'>tristitiam</span> <span class='ocrx_word' id='word_1_322' title='bbox 2081 3671 2436 3739; x_wconf 85' lang='lat' dir='ltr'>contraxit,</span> <span class='ocrx_word' id='word_1_323' title='bbox 2487 3676 2553 3729; x_wconf 89' lang='lat' dir='ltr'>et</span> <span class='ocrx_word' id='word_1_324' title='bbox 2587 3670 3088 3730; x_wconf 87' lang='lat' dir='ltr'>excusationem</span> <span class='ocrx_word' id='word_1_325' title='bbox 3138 3686 3290 3731; x_wconf 85' lang='lat' dir='ltr'>mox</span> <span class='ocrx_word' id='word_1_326' title='bbox 3324 3670 3393 3729; x_wconf 91' lang='lat' dir='ltr'>in</span> <span class='ocrx_word' id='word_1_327' title='bbox 3427 3670 3533 3730; x_wconf 88' lang='lat' dir='ltr'>ira</span> <span class='ocrx_word' id='word_1_328' title='bbox 3581 3681 3756 3745; x_wconf 86' lang='lat' dir='ltr'>quae-</span> 
     </span>
    </p>
   </div>
   <div class='ocr_carea' id='block_1_6' title="bbox 681 3773 3753 3959">
    <p class='ocr_par' dir='ltr' id='par_1_6' title="bbox 681 3773 3753 3959">
     <span class='ocr_line' id='line_1_34' title="bbox 686 3773 3753 3855; baseline -0.005 -12"><span class='ocrx_word' id='word_1_329' title='bbox 686 3781 871 3855; x_wconf 80' lang='lat' dir='ltr'>sivit3</span> <span class='ocrx_word' id='word_1_330' title='bbox 907 3796 1060 3840; x_wconf 90' lang='lat' dir='ltr'>nam</span> <span class='ocrx_word' id='word_1_331' title='bbox 1093 3779 1175 3838; x_wconf 92' lang='lat' dir='ltr'>de</span> <span class='ocrx_word' id='word_1_332' title='bbox 1210 3778 1490 3837; x_wconf 89' lang='lat' dir='ltr'>tristitia</span> <span class='ocrx_word' id='word_1_333' title='bbox 1527 3777 1626 3837; x_wconf 89' lang='lat' dir='ltr'>ira</span> <span class='ocrx_word' id='word_1_334' title='bbox 1673 3777 1910 3850; x_wconf 89' lang='lat' dir='ltr'>oritur;</span> <span class='ocrx_word' id='word_1_335' title='bbox 1964 3775 2137 3834; x_wconf 93' lang='lat' dir='ltr'>unde</span> <span class='ocrx_word' id='word_1_336' title='bbox 2169 3776 2371 3834; x_wconf 88' lang='lat' dir='ltr'>etiam</span> <span class='ocrx_word' id='word_1_337' title='bbox 2409 3775 2475 3834; x_wconf 90' lang='lat' dir='ltr'>in</span> <span class='ocrx_word' id='word_1_338' title='bbox 2508 3774 2725 3851; x_wconf 90' lang='lat' dir='ltr'>primo</span> <span class='ocrx_word' id='word_1_339' title='bbox 2776 3779 3052 3849; x_wconf 89' lang='lat' dir='ltr'>parente</span> <span class='ocrx_word' id='word_1_340' title='bbox 3086 3774 3393 3834; x_wconf 89' lang='lat' dir='ltr'>homines</span> <span class='ocrx_word' id='word_1_341' title='bbox 3427 3773 3753 3835; x_wconf 85' lang='lat' dir='ltr'>tristitiam</span> 
     </span>
     <span class='ocr_line' id='line_1_35' title="bbox 681 3881 2355 3959; baseline -0.005 -13"><span class='ocrx_word' id='word_1_342' title='bbox 681 3891 754 3947; x_wconf 90' lang='lat' dir='ltr'>et</span> <span class='ocrx_word' id='word_1_343' title='bbox 786 3884 953 3945; x_wconf 90' lang='lat' dir='ltr'>iram</span> <span class='ocrx_word' id='word_1_344' title='bbox 986 3890 1054 3944; x_wconf 90' lang='lat' dir='ltr'>et</span> <span class='ocrx_word' id='word_1_345' title='bbox 1086 3898 1391 3959; x_wconf 85' lang='lat' dir='ltr'>quaeque</span> <span class='ocrx_word' id='word_1_346' title='bbox 1424 3882 1554 3941; x_wconf 90' lang='lat' dir='ltr'>sibi</span> <span class='ocrx_word' id='word_1_347' title='bbox 1589 3881 1824 3940; x_wconf 87' lang='lat' dir='ltr'>nociva</span> <span class='ocrx_word' id='word_1_348' title='bbox 1860 3885 2355 3939; x_wconf 90' lang='lat' dir='ltr'>contraxerunt.</span> 
     </span>
    </p>
   </div>
   <div class='ocr_carea' id='block_1_7' title="bbox 691 4020 2797 4181">
    <p class='ocr_par' dir='ltr' id='par_1_7' title="bbox 691 4020 2797 4181">
     <span class='ocr_line' id='line_1_36' title="bbox 761 4020 2704 4093; baseline -0.006 -4"><span class='ocrx_word' id='word_1_349' title='bbox 761 4034 843 4089; x_wconf 88' lang='lat' dir='ltr'>De</span> <span class='ocrx_word' id='word_1_350' title='bbox 873 4029 1112 4088; x_wconf 88' lang='lat' dir='ltr'>tristitia</span> <span class='ocrx_word' id='word_1_351' title='bbox 1140 4034 1199 4086; x_wconf 87' lang='lat' dir='ltr'>et</span> <span class='ocrx_word' id='word_1_352' title='bbox 1226 4028 1328 4084; x_wconf 89' lang='lat' dir='ltr'>ira.</span> <span class='ocrx_word' id='word_1_353' title='bbox 2317 4022 2395 4077; x_wconf 89' lang='lat' dir='ltr'>De</span> <span class='ocrx_word' id='word_1_354' title='bbox 2422 4020 2704 4093; x_wconf 76' lang='lat' dir='ltr'>lacrymis.</span> 
     </span>
     <span class='ocr_line' id='line_1_37' title="bbox 691 4106 2797 4181; baseline -0.009 0"><span class='ocrx_word' id='word_1_355' title='bbox 691 4121 852 4181; x_wconf 85' lang='lat' dir='ltr'>Unde</span> <span class='ocrx_word' id='word_1_356' title='bbox 878 4121 953 4178; x_wconf 80' lang='lat' dir='ltr'>fel</span> <span class='ocrx_word' id='word_1_357' title='bbox 980 4126 1040 4178; x_wconf 88' lang='lat' dir='ltr'>et</span> <span class='ocrx_word' id='word_1_358' title='bbox 1063 4117 1395 4176; x_wconf 88' lang='lat' dir='ltr'>melancolia</span> <span class='ocrx_word' id='word_1_359' title='bbox 1422 4116 1708 4174; x_wconf 83' lang='lat' dir='ltr'>crescant?</span> <span class='ocrx_word' id='word_1_360' title='bbox 2316 4111 2396 4165; x_wconf 87' lang='lat' dir='ltr'>De</span> <span class='ocrx_word' id='word_1_361' title='bbox 2423 4106 2797 4181; x_wconf 88' lang='lat' dir='ltr'>poenitentia.</span> 
     </span>
    </p>
   </div>
   <div class='ocr_carea' id='block_1_8' title="bbox 693 4240 3762 4847">
    <p class='ocr_par' dir='ltr' id='par_1_8' title="bbox 693 4240 3762 4847">
     <span class='ocr_line' id='line_1_38' title="bbox 784 4240 3756 4338; baseline -0.008 -15"><span class='ocrx_word' id='word_1_362' title='bbox 784 4266 878 4324; x_wconf 86' lang='lat' dir='ltr'>De</span> <span class='ocrx_word' id='word_1_363' title='bbox 912 4262 1094 4323; x_wconf 82' lang='lat' dir='ltr'>Adae</span> <span class='ocrx_word' id='word_1_364' title='bbox 1122 4260 1507 4338; x_wconf 80' lang='lat' dir='ltr'>prudentia.</span> <span class='ocrx_word' id='word_1_365' title='bbox 1544 4255 1754 4315; x_wconf 89' lang='lat' dir='ltr'>Adam</span> <span class='ocrx_word' id='word_1_366' title='bbox 1788 4268 2053 4329; x_wconf 86' lang='lat' dir='ltr'>quoque</span> <span class='ocrx_word' id='word_1_367' title='bbox 2088 4257 2240 4310; x_wconf 87' lang='lat' dir='ltr'>ante</span> <span class='ocrx_word' id='word_1_368' title='bbox 2289 4247 2934 4325; x_wconf 84' lang='lat' dir='ltr'>praevaricationem</span> <span class='ocrx_word' id='word_1_369' title='bbox 2983 4244 3358 4319; x_wconf 84' lang='lat' dir='ltr'>angelicum</span> <span class='ocrx_word' id='word_1_370' title='bbox 3409 4256 3675 4301; x_wconf 88' lang='lat' dir='ltr'>carmen</span> <span class='ocrx_word' id='word_1_371' title='bbox 3703 4240 3756 4295; x_wconf 79' lang='lat' dir='ltr'>et</span> 
     </span>
     <span class='ocr_line' id='line_1_39' title="bbox 693 4338 3751 4441; baseline -0.008 -14"><span class='ocrx_word' id='word_1_372' title='bbox 693 4382 886 4429; x_wconf 91' lang='lat' dir='ltr'>omne</span> <span class='ocrx_word' id='word_1_373' title='bbox 920 4381 1129 4441; x_wconf 89' lang='lat' dir='ltr'>genus</span> <span class='ocrx_word' id='word_1_374' title='bbox 1179 4363 1589 4422; x_wconf 89' lang='lat' dir='ltr'>musicorum</span> <span class='ocrx_word' id='word_1_375' title='bbox 1640 4359 1918 4431; x_wconf 87' lang='lat' dir='ltr'>sciebat,</span> <span class='ocrx_word' id='word_1_376' title='bbox 1955 4358 2023 4416; x_wconf 89' lang='lat' dir='ltr'>et</span> <span class='ocrx_word' id='word_1_377' title='bbox 2054 4370 2285 4414; x_wconf 88' lang='lat' dir='ltr'>vocem</span> <span class='ocrx_word' id='word_1_378' title='bbox 2325 4352 2615 4412; x_wconf 88' lang='lat' dir='ltr'>habebat</span> <span class='ocrx_word' id='word_1_379' title='bbox 2663 4353 3008 4409; x_wconf 84' lang='lat' dir='ltr'>sonantem</span> <span class='ocrx_word' id='word_1_380' title='bbox 3057 4352 3132 4407; x_wconf 93' lang='lat' dir='ltr'>ut</span> <span class='ocrx_word' id='word_1_381' title='bbox 3164 4363 3295 4406; x_wconf 89' lang='lat' dir='ltr'>vox</span> <span class='ocrx_word' id='word_1_382' title='bbox 3339 4338 3751 4405; x_wconf 85' lang='lat' dir='ltr'>monochordi</span> 
     </span>
     <span class='ocr_line' id='line_1_40' title="bbox 697 4443 3757 4544; baseline -0.009 -12"><span class='ocrx_word' id='word_1_383' title='bbox 697 4476 913 4532; x_wconf 84' lang='lat' dir='ltr'>sonat.</span> <span class='ocrx_word' id='word_1_384' title='bbox 962 4470 1036 4529; x_wconf 89' lang='lat' dir='ltr'>In</span> <span class='ocrx_word' id='word_1_385' title='bbox 1084 4466 1659 4544; x_wconf 84' lang='lat' dir='ltr'>praevaricatione</span> <span class='ocrx_word' id='word_1_386' title='bbox 1694 4468 1915 4521; x_wconf 90' lang='lat' dir='ltr'>autem</span> <span class='ocrx_word' id='word_1_387' title='bbox 1953 4461 2156 4533; x_wconf 90' lang='lat' dir='ltr'>illius,</span> <span class='ocrx_word' id='word_1_388' title='bbox 2193 4459 2274 4517; x_wconf 93' lang='lat' dir='ltr'>de</span> <span class='ocrx_word' id='word_1_389' title='bbox 2323 4456 2574 4516; x_wconf 87' lang='lat' dir='ltr'>astutia</span> <span class='ocrx_word' id='word_1_390' title='bbox 2619 4454 2951 4530; x_wconf 87' lang='lat' dir='ltr'>serpentis</span> <span class='ocrx_word' id='word_1_391' title='bbox 3003 4451 3270 4511; x_wconf 88' lang='lat' dir='ltr'>intorsit</span> <span class='ocrx_word' id='word_1_392' title='bbox 3319 4450 3498 4509; x_wconf 86' lang='lat' dir='ltr'>sein</span> <span class='ocrx_word' id='word_1_393' title='bbox 3533 4443 3757 4507; x_wconf 89' lang='lat' dir='ltr'>medul-</span> 
     </span>
     <span class='ocr_line' id='line_1_41' title="bbox 699 4544 3758 4646; baseline -0.009 -11"><span class='ocrx_word' id='word_1_394' title='bbox 699 4577 837 4637; x_wconf 89' lang='lat' dir='ltr'>lam</span> <span class='ocrx_word' id='word_1_395' title='bbox 883 4579 950 4633; x_wconf 91' lang='lat' dir='ltr'>et</span> <span class='ocrx_word' id='word_1_396' title='bbox 1000 4573 1065 4632; x_wconf 91' lang='lat' dir='ltr'>in</span> <span class='ocrx_word' id='word_1_397' title='bbox 1115 4572 1329 4630; x_wconf 85' lang='lat' dir='ltr'>femur</span> <span class='ocrx_word' id='word_1_398' title='bbox 1362 4570 1508 4646; x_wconf 91' lang='lat' dir='ltr'>ejus</span> <span class='ocrx_word' id='word_1_399' title='bbox 1557 4567 1824 4644; x_wconf 88' lang='lat' dir='ltr'>quidam</span> <span class='ocrx_word' id='word_1_400' title='bbox 1863 4570 2126 4635; x_wconf 82' lang='lat' dir='ltr'>ventuS,</span> <span class='ocrx_word' id='word_1_401' title='bbox 2179 4562 2295 4637; x_wconf 87' lang='lat' dir='ltr'>qui</span> <span class='ocrx_word' id='word_1_402' title='bbox 2342 4560 2545 4620; x_wconf 87' lang='lat' dir='ltr'>etiam</span> <span class='ocrx_word' id='word_1_403' title='bbox 2580 4559 2855 4619; x_wconf 91' lang='lat' dir='ltr'>nuncin</span> <span class='ocrx_word' id='word_1_404' title='bbox 2901 4556 3081 4617; x_wconf 87' lang='lat' dir='ltr'>omni</span> <span class='ocrx_word' id='word_1_405' title='bbox 3131 4554 3399 4629; x_wconf 90' lang='lat' dir='ltr'>homine</span> <span class='ocrx_word' id='word_1_406' title='bbox 3432 4557 3561 4626; x_wconf 89' lang='lat' dir='ltr'>est,</span> <span class='ocrx_word' id='word_1_407' title='bbox 3610 4553 3671 4608; x_wconf 88' lang='lat' dir='ltr'>et</span> <span class='ocrx_word' id='word_1_408' title='bbox 3696 4544 3758 4604; x_wconf 83' lang='lat' dir='ltr'>de</span> 
     </span>
     <span class='ocr_line' id='line_1_42' title="bbox 697 4649 3762 4752; baseline -0.009 -10"><span class='ocrx_word' id='word_1_409' title='bbox 697 4686 900 4744; x_wconf 81' lang='lat' dir='ltr'>vento</span> <span class='ocrx_word' id='word_1_410' title='bbox 937 4679 1052 4738; x_wconf 94' lang='lat' dir='ltr'>illo</span> <span class='ocrx_word' id='word_1_411' title='bbox 1089 4677 1277 4752; x_wconf 87' lang='lat' dir='ltr'>splen</span> <span class='ocrx_word' id='word_1_412' title='bbox 1328 4674 1618 4733; x_wconf 88' lang='lat' dir='ltr'>hominis</span> <span class='ocrx_word' id='word_1_413' title='bbox 1653 4668 2154 4747; x_wconf 87' lang='lat' dir='ltr'>impinguescit,</span> <span class='ocrx_word' id='word_1_414' title='bbox 2206 4673 2272 4726; x_wconf 90' lang='lat' dir='ltr'>et</span> <span class='ocrx_word' id='word_1_415' title='bbox 2309 4666 2531 4739; x_wconf 86' lang='lat' dir='ltr'>inepta</span> <span class='ocrx_word' id='word_1_416' title='bbox 2566 4663 2844 4736; x_wconf 88' lang='lat' dir='ltr'>laetitia,</span> <span class='ocrx_word' id='word_1_417' title='bbox 2893 4668 2962 4722; x_wconf 90' lang='lat' dir='ltr'>et</span> <span class='ocrx_word' id='word_1_418' title='bbox 3011 4662 3190 4722; x_wconf 88' lang='lat' dir='ltr'>risus</span> <span class='ocrx_word' id='word_1_419' title='bbox 3222 4665 3427 4736; x_wconf 89' lang='lat' dir='ltr'>atque</span> <span class='ocrx_word' id='word_1_420' title='bbox 3476 4649 3762 4718; x_wconf 86' lang='lat' dir='ltr'>cachinni</span> 
     </span>
     <span class='ocr_line' id='line_1_43' title="bbox 700 4779 1551 4847; baseline -0.014 0"><span class='ocrx_word' id='word_1_421' title='bbox 700 4787 770 4847; x_wconf 89' lang='lat' dir='ltr'>in</span> <span class='ocrx_word' id='word_1_422' title='bbox 803 4783 1068 4843; x_wconf 89' lang='lat' dir='ltr'>homine</span> <span class='ocrx_word' id='word_1_423' title='bbox 1103 4779 1551 4838; x_wconf 84' lang='lat' dir='ltr'>excutiuntur.</span> 
     </span>
    </p>
   </div>
   <div class='ocr_carea' id='block_1_9' title="bbox 671 4899 3003 5163">
    <p class='ocr_par' dir='ltr' id='par_1_9' title="bbox 671 4899 3003 5163">
     <span class='ocr_line' id='line_1_44' title="bbox 775 4899 3003 4973; baseline -0.008 0"><span class='ocrx_word' id='word_1_424' title='bbox 775 4918 856 4973; x_wconf 85' lang='lat' dir='ltr'>De</span> <span class='ocrx_word' id='word_1_425' title='bbox 880 4913 1158 4971; x_wconf 84' lang='lat' dir='ltr'>cachinno</span> <span class='ocrx_word' id='word_1_426' title='bbox 1182 4920 1239 4970; x_wconf 88' lang='lat' dir='ltr'>et</span> <span class='ocrx_word' id='word_1_427' title='bbox 1268 4913 1405 4969; x_wconf 92' lang='lat' dir='ltr'>risu.</span> <span class='ocrx_word' id='word_1_428' title='bbox 2336 4904 2417 4958; x_wconf 90' lang='lat' dir='ltr'>De</span> <span class='ocrx_word' id='word_1_429' title='bbox 2443 4899 2692 4956; x_wconf 86' lang='lat' dir='ltr'>bominis</span> <span class='ocrx_word' id='word_1_430' title='bbox 2718 4899 3003 4956; x_wconf 87' lang='lat' dir='ltr'>ariditate.</span> 
     </span>
     <span class='ocr_line' id='line_1_45' title="bbox 671 4987 2594 5061; baseline -0.009 1"><span class='ocrx_word' id='word_1_431' title='bbox 671 5024 674 5029; x_wconf 86' lang='lat'>·</span> <span class='ocrx_word' id='word_1_432' title='bbox 708 5005 790 5061; x_wconf 83' lang='lat' dir='ltr'>De</span> <span class='ocrx_word' id='word_1_433' title='bbox 815 5001 1036 5058; x_wconf 85' lang='lat' dir='ltr'>laetitia</span> <span class='ocrx_word' id='word_1_434' title='bbox 1061 5007 1120 5057; x_wconf 91' lang='lat' dir='ltr'>et</span> <span class='ocrx_word' id='word_1_435' title='bbox 1146 5000 1283 5058; x_wconf 88' lang='lat' dir='ltr'>risu.</span> <span class='ocrx_word' id='word_1_436' title='bbox 1703 5024 1710 5031; x_wconf 93' lang='lat'><strong>·</strong></span> <span class='ocrx_word' id='word_1_437' title='bbox 2330 4991 2410 5045; x_wconf 88' lang='lat' dir='ltr'>De</span> <span class='ocrx_word' id='word_1_438' title='bbox 2438 4987 2594 5044; x_wconf 86' lang='lat' dir='ltr'>vino.</span> 
     </span>
     <span class='ocr_line' id='line_1_46' title="bbox 709 5071 2695 5163; baseline -0.01 -16"><span class='ocrx_word' id='word_1_439' title='bbox 709 5091 791 5147; x_wconf 83' lang='lat' dir='ltr'>De</span> <span class='ocrx_word' id='word_1_440' title='bbox 817 5088 1176 5163; x_wconf 87' lang='lat' dir='ltr'>pinguedine.</span> <span class='ocrx_word' id='word_1_441' title='bbox 2334 5076 2414 5130; x_wconf 87' lang='lat' dir='ltr'>De</span> <span class='ocrx_word' id='word_1_442' title='bbox 2439 5071 2695 5131; x_wconf 77' lang='lat' dir='ltr'>cervisia.</span> 
     </span>
    </p>
   </div>
   <div class='ocr_carea' id='block_1_10' title="bbox 3936 3322 3961 4503">
    <p class='ocr_par' dir='ltr' id='par_1_10' title="bbox 3936 3322 3961 4503">
     <span class='ocr_line' id='line_1_47' title="bbox 3936 3322 3961 4503; baseline 0 0"><span class='ocrx_word' id='word_1_443' title='bbox 3936 3322 3961 4503; x_wconf 95' lang='lat' dir='ltr'> </span> 
     </span>
    </p>
   </div>
  </div>
 </body>
</html>
