4036 6117
709 471 843 536 434
1877 490 1928 535 S.
1980 489 2522 537 mant-:cannis

726 616 852 674 Sed
900 615 1218 690 quoniam
1268 611 1675 673 abstinentia
1725 611 1868 673 sive
1911 613 2277 688 jejunium,
2328 614 2460 673 nisi
2510 613 2776 672 aliunde
2830 612 3281 688 impinguetur
3328 609 3431 673 vel
3480 607 3743 688 rigetur

638 718 789 797 (per
820 736 896 779 se
930 720 1194 779 aridum
1228 721 1476 796 quippe
1509 719 1640 797 est)
1677 736 1808 779 non
1841 720 2057 778 solum
2088 720 2393 795 J‘ejuniiS,
2431 719 2546 778 sed
2582 723 2649 777 et
2681 718 3149 793 eleemosyniS,
3187 719 3359 778 unde
3392 726 3585 794 potes
3626 724 3742 778 aut

637 825 826 898 licet,
881 822 1228 897 faciendiS‚
1266 825 1520 899 vigiliis
1554 840 1819 899 quoque
1853 831 1920 883 et
1955 824 2373 884 orationibus
2410 825 2705 883 intentus
2741 826 2907 884 esto:
2944 826 3100 900 quia
3135 826 3249 900 qui
3285 839 3357 883 se
3392 823 3746 900 hujusmo-

634 931 702 990 di
753 933 999 992 studiis
1033 931 1331 991 exterius
1380 936 1668 1003 exercet,
1706 928 1887 987 intus
1937 929 2112 986 sicut
2146 928 2340 1002 adipe
2388 933 2453 986 et
2488 928 2888 1004 pinguedine
2938 930 3259 1005 repletae,
3296 929 3599 988 suaviter
3638 944 3743 987 re-

633 1036 892 1109 ficitur,
943 1038 1010 1095 et
1042 1034 1305 1093 cunctis
1356 1031 1667 1091 hostibus
1704 1032 1846 1091 suis
1901 1032 2137 1090 sortior
2168 1030 2477 1091 efficitur.
2532 1032 2714 1091 Licet
2748 1040 2971 1091 autem
3023 1032 3129 1091 vel
3163 1048 3425 1107 servuS,
3460 1032 3569 1091 vel
3605 1032 3742 1091 asi-

631 1158 796 1215 nuS,
849 1146 1123 1216 propter
1171 1137 1567 1197 domandam
1619 1141 1685 1197 et
1719 1138 1900 1197 illius
1951 1138 2480 1210 contumaciam,
2532 1143 2600 1196 et
2651 1138 2849 1197 istius
2897 1140 3373 1215 petulantiam,
3439 1139 3738 1199 dulciter

628 1245 967 1304 nutriendi
1020 1260 1146 1303 non
1182 1250 1370 1315 sunt,
1423 1249 1645 1301 tamen
1694 1242 2064 1301 cavendum
2114 1258 2193 1300 ne
2228 1243 2637 1300 correctoria
2687 1243 2964 1301 astlictio
3019 1244 3152 1302 illis
3200 1244 3315 1303 fiat
3354 1244 3572 1303 exitus
3626 1243 3738 1301 vel

626 1349 1130 1421 exterminium,
1183 1353 1249 1405 et
1283 1346 1581 1422 patiatur
1631 1345 2033 1404 indiscretus
2067 1352 2408 1404 corrector
2453 1345 2659 1405 debiti
2712 1348 2972 1406 servitii
3022 1347 3464 1422 dispendium.
3499 1347 3739 1407 Proin-

631 1456 747 1530 de,
806 1457 894 1516 fili
930 1457 1058 1529 mi,
1112 1471 1357 1530 corpus
1395 1460 1581 1514 tuum
1632 1452 1806 1530 quod
1843 1453 2248 1529 mancipium
2293 1453 2553 1512 animae
2588 1456 2713 1526 est,
2750 1460 2815 1512 et
2853 1460 2989 1512 tam
3024 1455 3479 1514 necessarium
3513 1460 3585 1514 ut
3621 1469 3739 1512 ex-

628 1567 732 1619 tra
768 1560 874 1618 vel
924 1565 1192 1635 praeter
1229 1560 1444 1634 ipsum
1486 1559 1597 1617 illa
1633 1558 1796 1616 nihil
1833 1558 2050 1630 possit
2088 1557 2363 1630 mereri,
2402 1557 2682 1632 imperio
2720 1558 3002 1617 rationis
3034 1559 3132 1616 sic
3166 1559 3378 1633 exige,
3414 1564 3489 1617 ut
3519 1574 3738 1633 quan-

628 1674 772 1726 tum
820 1665 960 1725 fieri
999 1671 1250 1739 potest,
1306 1664 1596 1721 immune
1629 1664 1695 1720 et
1745 1662 2033 1720 alienum
2073 1661 2156 1720 ab
2206 1662 2385 1721 omni
2423 1661 2742 1720 reddatur
2790 1662 3095 1735 lascivia,
3132 1669 3198 1721 et
3245 1662 3428 1720 vires
3474 1660 3732 1737 quibus

622 1770 759 1831 Deo
791 1771 1052 1831 servire
1086 1776 1153 1829 et
1189 1770 1500 1827 meritum
1539 1767 1803 1827 futurae
1838 1766 2277 1825 beatitudinis
2313 1767 2378 1824 in
2412 1767 2748 1841 praesenti
2786 1767 2990 1826 debes
3041 1767 3387 1841 colligere,
3426 1782 3630 1826 carne
3663 1773 3734 1826 et

625 1874 948 1949 sanguine
996 1889 1115 1948 per
1149 1873 1580 1932 indiscretam
1631 1871 2108 1929 abstinentiam
2158 1870 2511 1944 arefactiS,
2563 1886 2693 1928 non
2741 1871 3072 1930 deficiant:
3124 1872 3498 1946 spiritualis
3544 1870 3729 1930 enim

627 1980 822 2040 homo
855 1979 1064 2039 fortes
1097 1979 1312 2050 cibOS,
1344 1977 1457 2052 qui
1494 1976 1786 2036 fomenta
1821 1975 2004 2034 vitiis
2042 1975 2573 2048 subministrant,
2611 1976 2851 2048 vitare,
2887 1981 2953 2034 et
2988 1975 3302 2035 mollibus
3338 1976 3404 2034 in
3437 1975 3732 2035 charita-

624 2093 686 2146 te
738 2087 987 2147 Christi
1020 2085 1205 2143 velut
1256 2083 1498 2155 insanS,
1535 2082 1781 2157 quibus
1833 2084 2250 2140 sustentetur
2300 2079 2665 2139 secundum
2715 2080 2981 2138 modum
3028 2079 3156 2138 sibi
3205 2084 3726 2155 competentem,

626 2191 724 2250 uti
758 2190 976 2249 debet.

715 2295 1152 2370 Omnipotens
1202 2295 1377 2352 Deus
1412 2300 1515 2366 te,
1568 2309 1605 2351 o
1641 2292 1855 2351 fidelis
1905 2308 2100 2349 serve
2135 2292 2316 2365 eju3‚
2372 2307 2583 2366 usque
2619 2290 2683 2349 in
2734 2297 3074 2349 senectam
3109 2295 3177 2348 et
3224 2289 3484 2349 senium
3533 2306 3729 2349 num-

620 2415 821 2474 quam
871 2398 1315 2474 derelinquat,
1355 2397 1470 2456 scd
1524 2397 1586 2455 in
1621 2397 2126 2472 perseverantia
2175 2395 2557 2454 sanctitatis
2592 2401 2657 2453 et
2702 2395 3008 2468 justitiae
3045 2395 3350 2454 ultimum
3386 2394 3563 2452 diem
3599 2394 3723 2452 tibi

619 2504 937 2562 alacriter
981 2507 1336 2576 expectare
1385 2500 1742 2574 concedat,
1795 2507 2128 2576 quatenus
2179 2499 2245 2557 in
2278 2514 2699 2573 quacumque
2732 2497 2839 2556 die
2875 2504 3155 2573 quartae
3205 2498 3513 2572 vigiliae,
3549 2513 3726 2574 quae

621 2611 842 2670 tribus
886 2609 1023 2685 jam
1064 2608 1201 2667 fere
1249 2608 1561 2682 evolutiS,
1615 2607 1759 2666 sola
1811 2607 1932 2666 tibi
1983 2611 2319 2680 superest,
2375 2612 2437 2664 te
2487 2612 2794 2664 vocatum
2847 2605 3222 2678 advenerit,
3274 2605 3478 2664 etiam
3531 2602 3724 2679 sequi

619 2719 930 2790 paratum
979 2713 1296 2786 inveniat,
1335 2717 1400 2770 et
1448 2728 1568 2787 pro
1603 2713 1830 2786 parvis
1881 2712 2045 2770 bene
2080 2710 2513 2785 dispensatiS,
2557 2711 2619 2768 in
2655 2727 2855 2782 regno
2906 2709 3239 2769 claritatis
3274 2724 3480 2785 super
3513 2708 3720 2768 multa

622 2829 686 2882 te
721 2822 1109 2880 constituat.

2042 3053 2296 3131 XXX.

1665 3285 1738 3343 1η
1785 3287 1954 3362 festo
2007 3284 2069 3341 S.
2124 3281 2565 3356 Hildeqardis.
2616 3277 2664 3357 ¹)

1997 3488 2280 3565 (Lectio)
2320 3488 2364 3547 1.

708 3714 870 3772 Cum
907 3706 1247 3785 profectus
1300 3719 1579 3779 magnus
1619 3704 1706 3760 sit
1741 3700 1822 3760 ad
1872 3699 2199 3757 virtutum
2250 3698 2561 3772 gratiam,
2616 3702 2688 3754 ut
2722 3694 3011 3754 fidelium
3052 3696 3306 3755 mentes
3357 3693 3713 3753 vehemen-

615 3820 750 3878 tius
786 3812 1231 3875 aemulatione
1281 3810 1600 3868 bonorum
1637 3805 2109 3877 accendantur,
2163 3801 2426 3878 quando
2461 3802 2699 3860 merita
2734 3806 2802 3858 et
2848 3801 3136 3859 virtutes
3169 3814 3402 3860 eorum
3451 3798 3534 3858 ad
3570 3798 3709 3857 lau·

615 3927 762 3985 dem
812 3924 928 3983 Dei
980 3923 1047 3980 in
1097 3925 1329 3979 sancta
1381 3915 1677 3975 Ecclesia
1729 3913 2119 3982 recitantur,
2172 3915 2352 3968 recte
2403 3907 2721 3966 hodierna
2770 3906 2878 3965 die
2928 3906 3090 3967 totis
3137 3903 3454 3964 cordibus
3502 3909 3571 3961 et
3622 3901 3711 3959 fe-

613 4031 810 4091 stivis
846 4026 1157 4088 laudibus
1205 4029 1476 4084 sanctae
1514 4017 1968 4093 HildegardiS,
2005 4014 2138 4073 Deo
2175 4015 2462 4073 dilectae
2502 4013 2805 4087 virgime,
2843 4025 3131 4070 annuam
3166 4010 3542 4068 recolentes
3574 4021 3709 4065 me-

612 4136 917 4208 moriam,
969 4148 1089 4209 pro
1139 4132 1283 4206 ejus
1333 4125 1841 4203 glorificatione,
1888 4122 2171 4197 juvenes
2213 4135 2361 4176 cum
2415 4116 2814 4191 virginibus,
2869 4130 3066 4175 senes
3100 4129 3249 4173 cum
3294 4111 3699 4188 junioribuS,

610 4242 1008 4320 propensius
1043 4238 1317 4298 laudare
1350 4241 1416 4293 et
1451 4231 1877 4306 magnificare
1904 4226 2215 4286 convenit
2239 4224 2498 4282 Domini
2529 4222 3087 4297 magnificentiam
3116 4226 3185 4280 et
3218 4218 3525 4295 gloriam.
3555 4217 3702 4293 Ipse

618 4348 794 4407 enim
818 4346 1013 4404 Jesus
1051 4342 1383 4412 Christus,
1415 4338 1531 4396 Dei
1560 4337 1776 4395 virtus
1804 4341 1870 4392 et
1899 4331 2251 4409 sapientia,
2284 4345 2590 4403 magnam
2620 4328 2936 4386 virtutem
2965 4340 3155 4384 suam
3184 4329 3251 4382 et
3277 4321 3700 4398 sapientiam,

609 4451 803 4527 cujus
835 4465 966 4509 non
1000 4454 1104 4506 est
1139 4461 1479 4517 numerus,
1516 4443 1859 4501 evidenter
1893 4438 2208 4510 ostendit,
2240 4452 2388 4494 cum
2422 4434 2780 4494 femineum
2808 4447 3041 4492 sexum
3068 4429 3378 4505 fragilem
3406 4428 3488 4488 ad
3515 4442 3704 4487 enar-

612 4555 888 4616 randam
921 4553 1240 4610 virtutem
1293 4548 1692 4609 terribilium
1731 4560 2002 4604 suorum
2055 4558 2173 4617 per
2220 4539 2541 4613 Spiritum
2577 4536 2890 4597 Sanctum
2938 4540 3075 4594 tam
3125 4532 3560 4593 vehementer
3592 4545 3701 4590 ac-

608 4659 848 4719 cendit.
887 4656 1334 4716 Praeveniens
1371 4654 1614 4728 quippe
1650 4655 1975 4721 sanctam,
2014 4647 2095 4705 de
2130 4662 2260 4721 qua
2299 4660 2518 4703 sermo
2544 4647 2671 4715 est,
2704 4640 3177 4715 Hildegardem
3205 4640 3273 4698 in
3297 4635 3704 4698 benedictio-

609 4767 808 4827 nibus
841 4761 1237 4836 dulcediniS,
1275 4775 1425 4817 cum
1463 4755 1800 4832 spiraculo
1836 4752 2014 4812 vitae
2050 4749 2483 4819 animaretur,
2523 4748 2587 4806 in
2622 4751 2810 4804 utero
2847 4744 3086 4804 matris
3135 4743 3383 4803 lumine
3433 4739 3701 4801 clarita-

681 4984 725 5048 ¹)
755 4983 818 5037 In
846 4981 1038 5037 eodem
1067 4978 1188 5033 cod.
1222 4975 1259 5032 t'.
1291 4980 1417 5035 209.
1444 4979 1567 5045 post
1608 4973 1782 5027 vitam
1810 4971 1865 5027 S.
1912 4967 2112 5025 Hilde·
2199 4971 2542 5027 consecrata,
2586 4971 2650 5019 ut
2672 4965 2789 5035 jam
2831 4964 2890 5019 in
2918 4964 3141 5019 saeculo
3177 4961 3316 5017 xln
3348 4959 3497 5032 apud
3535 4960 3701 5017 Gem-

612 5068 799 5135 gardis
838 5083 865 5120 a
893 5063 1199 5123 Godesrido
1236 5068 1291 5117 et
1331 5059 1678 5115 Theodorico
1715 5057 2005 5128 scriptam,
2037 5058 2113 5111 le·
2198 5057 2485 5111 blacenses
2556 5053 2677 5109 dies
2729 5052 2826 5107 itte
2873 5050 3050 5105 festus
3101 5048 3500 5103 institueretur
3525 5088 3540 5111 ,
3597 5043 3699 5116 qui

610 5155 764 5223 gitur
803 5153 935 5208 haec
962 5151 1159 5212 altera,
1201 5146 1463 5221 publico,
1516 5152 1581 5201 ut
1621 5144 1874 5206 videtur,
1928 5141 2112 5199 officio
2201 5140 2566 5198 Bollandistis
2605 5136 2743 5194 satis
2771 5152 2882 5191 nou
2930 5133 3042 5190 suit
3067 5139 3407 5205 compertus.
