<?xml version="1.0" encoding="UTF-8"?>
<!DOCTYPE html PUBLIC "-//W3C//DTD XHTML 1.0 Transitional//EN"
    "http://www.w3.org/TR/xhtml1/DTD/xhtml1-transitional.dtd">
<html xmlns="http://www.w3.org/1999/xhtml" xml:lang="en" lang="en">
 <head>
  <title>
</title>
<meta http-equiv="Content-Type" content="text/html;charset=utf-8" />
  <meta name='ocr-system' content='tesseract 3.04.00' />
  <meta name='ocr-capabilities' content='ocr_page ocr_carea ocr_par ocr_line ocrx_word'/>
</head>
<body>
  <div class='ocr_page' id='page_1' title='image "analectasacrasp05pitrgoog_0505.png"; bbox 0 0 4036 6117; ppageno 0'>
   <div class='ocr_carea' id='block_1_1' title="bbox 1595 536 3311 600">
    <p class='ocr_par' dir='ltr' id='par_1_1' title="bbox 1595 536 3311 600">
     <span class='ocr_line' id='line_1_1' title="bbox 1595 536 3311 600; baseline 0.002 -4"><span class='ocrx_word' id='word_1_1' title='bbox 1595 551 2064 598; x_wconf 74' lang='lat' dir='ltr'><strong>EPISTOLAE.</strong></span> <span class='ocrx_word' id='word_1_2' title='bbox 3178 536 3311 600; x_wconf 77' lang='lat'>437</span> 
     </span>
    </p>
   </div>
   <div class='ocr_carea' id='block_1_2' title="bbox 277 669 3376 1586">
    <p class='ocr_par' dir='ltr' id='par_1_2' title="bbox 277 669 3376 1586">
     <span class='ocr_line' id='line_1_2' title="bbox 277 669 3373 750; baseline 0.003 -23"><span class='ocrx_word' id='word_1_3' title='bbox 277 680 453 742; x_wconf 89' lang='lat' dir='ltr'>nem,</span> <span class='ocrx_word' id='word_1_4' title='bbox 507 672 658 742; x_wconf 88' lang='lat' dir='ltr'>post</span> <span class='ocrx_word' id='word_1_5' title='bbox 693 683 963 742; x_wconf 84' lang='lat' dir='ltr'>gravem</span> <span class='ocrx_word' id='word_1_6' title='bbox 1016 669 1501 744; x_wconf 82' lang='lat' dir='ltr'>aegritudinem</span> <span class='ocrx_word' id='word_1_7' title='bbox 1554 689 1690 732; x_wconf 90' lang='lat' dir='ltr'>rem</span> <span class='ocrx_word' id='word_1_8' title='bbox 1725 673 1992 733; x_wconf 78' lang='lat' dir='ltr'>effectui</span> <span class='ocrx_word' id='word_1_9' title='bbox 2046 674 2492 749; x_wconf 81' lang='lat' dir='ltr'>mancipatam</span> <span class='ocrx_word' id='word_1_10' title='bbox 2532 676 2593 733; x_wconf 88' lang='lat' dir='ltr'>in</span> <span class='ocrx_word' id='word_1_11' title='bbox 2644 677 2822 735; x_wconf 92' lang='lat' dir='ltr'>omni</span> <span class='ocrx_word' id='word_1_12' title='bbox 2857 676 3208 750; x_wconf 79' lang='lat' dir='ltr'>charitate,</span> <span class='ocrx_word' id='word_1_13' title='bbox 3238 677 3373 735; x_wconf 87' lang='lat' dir='ltr'>Mo-</span> 
     </span>
     <span class='ocr_line' id='line_1_3' title="bbox 278 772 3376 849; baseline 0.004 -20"><span class='ocrx_word' id='word_1_14' title='bbox 278 773 534 847; x_wconf 80' lang='lat' dir='ltr'>guntini</span> <span class='ocrx_word' id='word_1_15' title='bbox 582 772 1073 848; x_wconf 88' lang='lat' dir='ltr'>archiepiscopi</span> <span class='ocrx_word' id='word_1_16' title='bbox 1107 773 1556 849; x_wconf 79' lang='lat' dir='ltr'>sigillatarum</span> <span class='ocrx_word' id='word_1_17' title='bbox 1608 777 1985 836; x_wconf 86' lang='lat' dir='ltr'>litterarum</span> <span class='ocrx_word' id='word_1_18' title='bbox 2024 778 2328 837; x_wconf 89' lang='lat' dir='ltr'>roborari</span> <span class='ocrx_word' id='word_1_19' title='bbox 2380 778 2535 838; x_wconf 87' lang='lat' dir='ltr'>fecit</span> <span class='ocrx_word' id='word_1_20' title='bbox 2568 783 2992 842; x_wconf 88' lang='lat' dir='ltr'>auctoritate.</span> <span class='ocrx_word' id='word_1_21' title='bbox 3044 782 3223 841; x_wconf 90' lang='lat' dir='ltr'>Haec</span> <span class='ocrx_word' id='word_1_22' title='bbox 3257 782 3376 841; x_wconf 88' lang='lat' dir='ltr'>bo-</span> 
     </span>
     <span class='ocr_line' id='line_1_4' title="bbox 279 876 3370 958; baseline 0.004 -25"><span class='ocrx_word' id='word_1_23' title='bbox 279 892 401 934; x_wconf 90' lang='lat' dir='ltr'>nos</span> <span class='ocrx_word' id='word_1_24' title='bbox 435 881 502 934; x_wconf 90' lang='lat' dir='ltr'>et</span> <span class='ocrx_word' id='word_1_25' title='bbox 537 876 747 935; x_wconf 86' lang='lat' dir='ltr'>malos</span> <span class='ocrx_word' id='word_1_26' title='bbox 784 878 1056 952; x_wconf 77' lang='lat' dir='ltr'>angelos</span> <span class='ocrx_word' id='word_1_27' title='bbox 1092 876 1474 953; x_wconf 84' lang='lat' dir='ltr'>frequenter</span> <span class='ocrx_word' id='word_1_28' title='bbox 1512 881 1805 951; x_wconf 86' lang='lat' dir='ltr'>videbat,</span> <span class='ocrx_word' id='word_1_29' title='bbox 1859 884 2029 941; x_wconf 89' lang='lat' dir='ltr'>inter</span> <span class='ocrx_word' id='word_1_30' title='bbox 2066 899 2231 958; x_wconf 87' lang='lat' dir='ltr'>quos</span> <span class='ocrx_word' id='word_1_31' title='bbox 2266 898 2417 941; x_wconf 89' lang='lat' dir='ltr'>cum</span> <span class='ocrx_word' id='word_1_32' title='bbox 2451 885 2570 957; x_wconf 85' lang='lat' dir='ltr'>per</span> <span class='ocrx_word' id='word_1_33' title='bbox 2609 886 2965 945; x_wconf 87' lang='lat' dir='ltr'>triennium</span> <span class='ocrx_word' id='word_1_34' title='bbox 3002 887 3370 946; x_wconf 87' lang='lat' dir='ltr'>infirmare-</span> 
     </span>
     <span class='ocr_line' id='line_1_5' title="bbox 281 981 3370 1065; baseline 0.003 -25"><span class='ocrx_word' id='word_1_35' title='bbox 281 986 415 1055; x_wconf 85' lang='lat' dir='ltr'>tur,</span> <span class='ocrx_word' id='word_1_36' title='bbox 455 981 811 1041; x_wconf 79' lang='lat' dir='ltr'>Cherubim</span> <span class='ocrx_word' id='word_1_37' title='bbox 847 982 1034 1056; x_wconf 84' lang='lat' dir='ltr'>igneo</span> <span class='ocrx_word' id='word_1_38' title='bbox 1060 983 1282 1058; x_wconf 84' lang='lat' dir='ltr'>gladio</span> <span class='ocrx_word' id='word_1_39' title='bbox 1318 1001 1560 1059; x_wconf 87' lang='lat' dir='ltr'>pravos</span> <span class='ocrx_word' id='word_1_40' title='bbox 1589 1004 1625 1044; x_wconf 88' lang='lat' dir='ltr'>a</span> <span class='ocrx_word' id='word_1_41' title='bbox 1655 1002 1726 1044; x_wconf 89' lang='lat' dir='ltr'>se</span> <span class='ocrx_word' id='word_1_42' title='bbox 1761 987 2241 1061; x_wconf 84' lang='lat' dir='ltr'>propellentem</span> <span class='ocrx_word' id='word_1_43' title='bbox 2279 987 2560 1063; x_wconf 83' lang='lat' dir='ltr'>spiritus</span> <span class='ocrx_word' id='word_1_44' title='bbox 2587 990 3060 1065; x_wconf 80' lang='lat' dir='ltr'>prospiciebat.</span> <span class='ocrx_word' id='word_1_45' title='bbox 3096 991 3229 1050; x_wconf 90' lang='lat' dir='ltr'>Nec</span> <span class='ocrx_word' id='word_1_46' title='bbox 3262 1006 3370 1049; x_wconf 91' lang='lat' dir='ltr'>so-</span> 
     </span>
     <span class='ocr_line' id='line_1_6' title="bbox 279 1084 3374 1170; baseline 0.004 -28"><span class='ocrx_word' id='word_1_47' title='bbox 279 1084 414 1142; x_wconf 89' lang='lat' dir='ltr'>lum</span> <span class='ocrx_word' id='word_1_48' title='bbox 452 1101 652 1158; x_wconf 81' lang='lat' dir='ltr'>quum</span> <span class='ocrx_word' id='word_1_49' title='bbox 709 1085 1024 1160; x_wconf 83' lang='lat' dir='ltr'>languore</span> <span class='ocrx_word' id='word_1_50' title='bbox 1075 1087 1178 1144; x_wconf 85' lang='lat' dir='ltr'>vel</span> <span class='ocrx_word' id='word_1_51' title='bbox 1228 1087 1623 1147; x_wconf 86' lang='lat' dir='ltr'>daemonum</span> <span class='ocrx_word' id='word_1_52' title='bbox 1675 1095 1932 1149; x_wconf 90' lang='lat' dir='ltr'>terrore</span> <span class='ocrx_word' id='word_1_53' title='bbox 1982 1093 2423 1162; x_wconf 83' lang='lat' dir='ltr'>cruciaretur,</span> <span class='ocrx_word' id='word_1_54' title='bbox 2462 1109 2587 1151; x_wconf 88' lang='lat' dir='ltr'>non</span> <span class='ocrx_word' id='word_1_55' title='bbox 2629 1094 3099 1170; x_wconf 85' lang='lat' dir='ltr'>superabatur,</span> <span class='ocrx_word' id='word_1_56' title='bbox 3152 1094 3269 1154; x_wconf 90' lang='lat' dir='ltr'>sed</span> <span class='ocrx_word' id='word_1_57' title='bbox 3305 1097 3374 1154; x_wconf 84' lang='lat' dir='ltr'>et</span> 
     </span>
     <span class='ocr_line' id='line_1_7' title="bbox 283 1188 3368 1273; baseline 0.003 -26"><span class='ocrx_word' id='word_1_58' title='bbox 283 1190 585 1263; x_wconf 84' lang='lat' dir='ltr'>angelica</span> <span class='ocrx_word' id='word_1_59' title='bbox 611 1188 990 1249; x_wconf 82' lang='lat' dir='ltr'>defensione</span> <span class='ocrx_word' id='word_1_60' title='bbox 1026 1189 1545 1264; x_wconf 83' lang='lat' dir='ltr'>glorificabatur.</span> <span class='ocrx_word' id='word_1_61' title='bbox 1583 1193 1876 1269; x_wconf 90' lang='lat' dir='ltr'>Denique</span> <span class='ocrx_word' id='word_1_62' title='bbox 1913 1195 2085 1253; x_wconf 88' lang='lat' dir='ltr'>inter</span> <span class='ocrx_word' id='word_1_63' title='bbox 2112 1213 2437 1269; x_wconf 87' lang='lat' dir='ltr'>supernos</span> <span class='ocrx_word' id='word_1_64' title='bbox 2464 1202 2529 1255; x_wconf 89' lang='lat' dir='ltr'>et</span> <span class='ocrx_word' id='word_1_65' title='bbox 2559 1196 2810 1256; x_wconf 88' lang='lat' dir='ltr'>inferos</span> <span class='ocrx_word' id='word_1_66' title='bbox 2845 1197 3124 1273; x_wconf 87' lang='lat' dir='ltr'>spiritus</span> <span class='ocrx_word' id='word_1_67' title='bbox 3159 1199 3368 1258; x_wconf 91' lang='lat' dir='ltr'>athle-</span> 
     </span>
     <span class='ocr_line' id='line_1_8' title="bbox 284 1295 3368 1379; baseline 0.003 -26"><span class='ocrx_word' id='word_1_68' title='bbox 284 1301 350 1354; x_wconf 88' lang='lat' dir='ltr'>ta</span> <span class='ocrx_word' id='word_1_69' title='bbox 398 1295 515 1354; x_wconf 91' lang='lat' dir='ltr'>Dei</span> <span class='ocrx_word' id='word_1_70' title='bbox 566 1296 969 1368; x_wconf 88' lang='lat' dir='ltr'>luctabatur,</span> <span class='ocrx_word' id='word_1_71' title='bbox 1029 1298 1578 1374; x_wconf 80' lang='lat' dir='ltr'>propulsatisque</span> <span class='ocrx_word' id='word_1_72' title='bbox 1635 1301 2070 1376; x_wconf 88' lang='lat' dir='ltr'>adversariis,</span> <span class='ocrx_word' id='word_1_73' title='bbox 2110 1303 2286 1362; x_wconf 84' lang='lat' dir='ltr'>laeta</span> <span class='ocrx_word' id='word_1_74' title='bbox 2320 1319 2586 1379; x_wconf 89' lang='lat' dir='ltr'>semper</span> <span class='ocrx_word' id='word_1_75' title='bbox 2633 1304 2918 1363; x_wconf 90' lang='lat' dir='ltr'>victoria</span> <span class='ocrx_word' id='word_1_76' title='bbox 2968 1302 3368 1378; x_wconf 89' lang='lat' dir='ltr'>potiebatur.</span> 
     </span>
     <span class='ocr_line' id='line_1_9' title="bbox 278 1399 3372 1480; baseline 0.001 -22"><span class='ocrx_word' id='word_1_77' title='bbox 278 1399 654 1460; x_wconf 88' lang='lat' dir='ltr'>Laborabat</span> <span class='ocrx_word' id='word_1_78' title='bbox 702 1400 991 1475; x_wconf 83' lang='lat' dir='ltr'>quadam</span> <span class='ocrx_word' id='word_1_79' title='bbox 1041 1401 1187 1460; x_wconf 89' lang='lat' dir='ltr'>vice</span> <span class='ocrx_word' id='word_1_80' title='bbox 1238 1401 1560 1476; x_wconf 78' lang='lat' dir='ltr'>febribuS,</span> <span class='ocrx_word' id='word_1_81' title='bbox 1611 1419 1762 1461; x_wconf 92' lang='lat' dir='ltr'>cum</span> <span class='ocrx_word' id='word_1_82' title='bbox 1797 1404 1964 1463; x_wconf 88' lang='lat' dir='ltr'>vidit</span> <span class='ocrx_word' id='word_1_83' title='bbox 2015 1412 2287 1465; x_wconf 88' lang='lat' dir='ltr'>sanctos</span> <span class='ocrx_word' id='word_1_84' title='bbox 2338 1406 2661 1480; x_wconf 89' lang='lat' dir='ltr'>quosdam</span> <span class='ocrx_word' id='word_1_85' title='bbox 2713 1409 3061 1466; x_wconf 88' lang='lat' dir='ltr'>cantantes</span> <span class='ocrx_word' id='word_1_86' title='bbox 3110 1403 3372 1480; x_wconf 79' lang='lat' dir='ltr'>magnis</span> 
     </span>
     <span class='ocr_line' id='line_1_10' title="bbox 279 1503 3363 1586; baseline 0.001 -25"><span class='ocrx_word' id='word_1_87' title='bbox 279 1505 582 1563; x_wconf 82' lang='lat' dir='ltr'>vocibus:</span> <span class='ocrx_word' id='word_1_88' title='bbox 639 1523 670 1561; x_wconf 76' lang='lat' dir='ltr'>c&lt;</span> <span class='ocrx_word' id='word_1_89' title='bbox 725 1503 998 1562; x_wconf 82' lang='lat' dir='ltr'>vindica</span> <span class='ocrx_word' id='word_1_90' title='bbox 1028 1551 1043 1578; x_wconf 90' lang='lat'>,</span> <span class='ocrx_word' id='word_1_91' title='bbox 1095 1504 1369 1563; x_wconf 85' lang='lat' dir='ltr'>Domine</span> <span class='ocrx_word' id='word_1_92' title='bbox 1400 1552 1415 1579; x_wconf 92' lang='lat'>,</span> <span class='ocrx_word' id='word_1_93' title='bbox 1469 1508 1859 1580; x_wconf 83' lang='lat' dir='ltr'>sanguinem</span> <span class='ocrx_word' id='word_1_94' title='bbox 1911 1515 2297 1569; x_wconf 88' lang='lat' dir='ltr'>sanctorum</span> <span class='ocrx_word' id='word_1_95' title='bbox 2347 1516 2616 1569; x_wconf 89' lang='lat' dir='ltr'>tuorum</span> <span class='ocrx_word' id='word_1_96' title='bbox 2666 1510 2781 1586; x_wconf 90' lang='lat' dir='ltr'>qui</span> <span class='ocrx_word' id='word_1_97' title='bbox 2830 1510 3087 1570; x_wconf 78' lang='lat' dir='ltr'>effusus</span> <span class='ocrx_word' id='word_1_98' title='bbox 3135 1514 3259 1568; x_wconf 89' lang='lat' dir='ltr'>est.</span> <span class='ocrx_word' id='word_1_99' title='bbox 3332 1524 3363 1564; x_wconf 69' lang='lat'>1&gt;</span> 
     </span>
    </p>
   </div>
   <div class='ocr_carea' id='block_1_3' title="bbox 277 1616 3375 1783">
    <p class='ocr_par' dir='ltr' id='par_1_3' title="bbox 277 1616 3375 1783">
     <span class='ocr_line' id='line_1_11' title="bbox 277 1616 3375 1695; baseline -0.001 -17"><span class='ocrx_word' id='word_1_100' title='bbox 277 1619 402 1690; x_wconf 88' lang='lat' dir='ltr'>Qui</span> <span class='ocrx_word' id='word_1_101' title='bbox 450 1634 599 1677; x_wconf 89' lang='lat' dir='ltr'>cum</span> <span class='ocrx_word' id='word_1_102' title='bbox 635 1619 695 1675; x_wconf 90' lang='lat' dir='ltr'>ei</span> <span class='ocrx_word' id='word_1_103' title='bbox 740 1616 1086 1692; x_wconf 84' lang='lat' dir='ltr'>dixissent,</span> <span class='ocrx_word' id='word_1_104' title='bbox 1141 1621 1213 1678; x_wconf 90' lang='lat' dir='ltr'>ut</span> <span class='ocrx_word' id='word_1_105' title='bbox 1245 1634 1415 1693; x_wconf 83' lang='lat' dir='ltr'>quae</span> <span class='ocrx_word' id='word_1_106' title='bbox 1467 1624 1809 1692; x_wconf 81' lang='lat' dir='ltr'>pateretur</span> <span class='ocrx_word' id='word_1_107' title='bbox 1857 1618 2173 1678; x_wconf 84' lang='lat' dir='ltr'>sufferret</span> <span class='ocrx_word' id='word_1_108' title='bbox 2220 1620 2393 1679; x_wconf 88' lang='lat' dir='ltr'>bona</span> <span class='ocrx_word' id='word_1_109' title='bbox 2442 1621 2811 1695; x_wconf 87' lang='lat' dir='ltr'>voluntate,</span> <span class='ocrx_word' id='word_1_110' title='bbox 2865 1620 3093 1681; x_wconf 88' lang='lat' dir='ltr'>statim</span> <span class='ocrx_word' id='word_1_111' title='bbox 3129 1633 3375 1678; x_wconf 89' lang='lat' dir='ltr'>conva-</span> 
     </span>
     <span class='ocr_line' id='line_1_12' title="bbox 285 1722 969 1783; baseline -0.001 -2"><span class='ocrx_word' id='word_1_112' title='bbox 285 1724 412 1783; x_wconf 86' lang='lat' dir='ltr'>luit</span> <span class='ocrx_word' id='word_1_113' title='bbox 443 1722 524 1781; x_wconf 90' lang='lat' dir='ltr'>de</span> <span class='ocrx_word' id='word_1_114' title='bbox 564 1722 969 1780; x_wconf 87' lang='lat' dir='ltr'>infirmitate.</span> 
     </span>
    </p>
   </div>
   <div class='ocr_carea' id='block_1_4' title="bbox 1753 1933 1879 1994">
    <p class='ocr_par' dir='ltr' id='par_1_4' title="bbox 1753 1933 1879 1994">
     <span class='ocr_line' id='line_1_13' title="bbox 1753 1933 1879 1994; baseline 0.024 -3"><span class='ocrx_word' id='word_1_115' title='bbox 1753 1933 1879 1994; x_wconf 81' lang='lat' dir='ltr'>vll.</span> 
     </span>
    </p>
   </div>
   <div class='ocr_carea' id='block_1_5' title="bbox 272 2139 3378 3993">
    <p class='ocr_par' dir='ltr' id='par_1_5' title="bbox 272 2139 3378 3993">
     <span class='ocr_line' id='line_1_14' title="bbox 373 2139 3378 2219; baseline 0 -19"><span class='ocrx_word' id='word_1_116' title='bbox 373 2141 617 2200; x_wconf 86' lang='lat' dir='ltr'>Contra</span> <span class='ocrx_word' id='word_1_117' title='bbox 655 2139 1126 2199; x_wconf 88' lang='lat' dir='ltr'>insectationes</span> <span class='ocrx_word' id='word_1_118' title='bbox 1163 2157 1429 2216; x_wconf 84' lang='lat' dir='ltr'>quoque</span> <span class='ocrx_word' id='word_1_119' title='bbox 1467 2141 1805 2201; x_wconf 88' lang='lat' dir='ltr'>hominum</span> <span class='ocrx_word' id='word_1_120' title='bbox 1843 2142 2121 2203; x_wconf 85' lang='lat' dir='ltr'>assuisse</span> <span class='ocrx_word' id='word_1_121' title='bbox 2162 2143 2293 2202; x_wconf 91' lang='lat' dir='ltr'>sibi</span> <span class='ocrx_word' id='word_1_122' title='bbox 2329 2143 2708 2219; x_wconf 90' lang='lat' dir='ltr'>Dominum,</span> <span class='ocrx_word' id='word_1_123' title='bbox 2756 2141 3199 2219; x_wconf 91' lang='lat' dir='ltr'>philosophus</span> <span class='ocrx_word' id='word_1_124' title='bbox 3234 2141 3378 2219; x_wconf 82' lang='lat' dir='ltr'>qui-</span> 
     </span>
     <span class='ocr_line' id='line_1_15' title="bbox 278 2243 3376 2321; baseline 0 -20"><span class='ocrx_word' id='word_1_125' title='bbox 278 2243 429 2303; x_wconf 89' lang='lat' dir='ltr'>dam</span> <span class='ocrx_word' id='word_1_126' title='bbox 466 2244 888 2318; x_wconf 82' lang='lat' dir='ltr'>Moguntinus</span> <span class='ocrx_word' id='word_1_127' title='bbox 922 2244 1036 2301; x_wconf 88' lang='lat' dir='ltr'>dat</span> <span class='ocrx_word' id='word_1_128' title='bbox 1064 2244 1544 2318; x_wconf 88' lang='lat' dir='ltr'>testimonium,</span> <span class='ocrx_word' id='word_1_129' title='bbox 1574 2246 1686 2320; x_wconf 89' lang='lat' dir='ltr'>qui</span> <span class='ocrx_word' id='word_1_130' title='bbox 1725 2246 1940 2321; x_wconf 89' lang='lat' dir='ltr'>primo</span> <span class='ocrx_word' id='word_1_131' title='bbox 1991 2246 2191 2305; x_wconf 85' lang='lat' dir='ltr'>dictis</span> <span class='ocrx_word' id='word_1_132' title='bbox 2226 2246 2371 2321; x_wconf 92' lang='lat' dir='ltr'>ejus</span> <span class='ocrx_word' id='word_1_133' title='bbox 2414 2254 2480 2306; x_wconf 89' lang='lat' dir='ltr'>et</span> <span class='ocrx_word' id='word_1_134' title='bbox 2515 2247 2786 2321; x_wconf 91' lang='lat' dir='ltr'>scriptis</span> <span class='ocrx_word' id='word_1_135' title='bbox 2822 2247 3166 2320; x_wconf 81' lang='lat' dir='ltr'>resistenS,</span> <span class='ocrx_word' id='word_1_136' title='bbox 3205 2245 3376 2303; x_wconf 90' lang='lat' dir='ltr'>acri-</span> 
     </span>
     <span class='ocr_line' id='line_1_16' title="bbox 279 2348 3369 2425; baseline 0 -19"><span class='ocrx_word' id='word_1_137' title='bbox 279 2353 385 2406; x_wconf 87' lang='lat' dir='ltr'>ter</span> <span class='ocrx_word' id='word_1_138' title='bbox 416 2364 562 2406; x_wconf 89' lang='lat' dir='ltr'>eam</span> <span class='ocrx_word' id='word_1_139' title='bbox 595 2348 1024 2422; x_wconf 89' lang='lat' dir='ltr'>vituperavit;</span> <span class='ocrx_word' id='word_1_140' title='bbox 1064 2348 1181 2406; x_wconf 89' lang='lat' dir='ltr'>sed</span> <span class='ocrx_word' id='word_1_141' title='bbox 1214 2349 1638 2423; x_wconf 90' lang='lat' dir='ltr'>postmodum</span> <span class='ocrx_word' id='word_1_142' title='bbox 1675 2351 2042 2409; x_wconf 82' lang='lat' dir='ltr'>mutatione</span> <span class='ocrx_word' id='word_1_143' title='bbox 2079 2351 2391 2409; x_wconf 83' lang='lat' dir='ltr'>dexterae</span> <span class='ocrx_word' id='word_1_144' title='bbox 2426 2351 2687 2410; x_wconf 82' lang='lat' dir='ltr'>Excelsi</span> <span class='ocrx_word' id='word_1_145' title='bbox 2736 2355 3057 2425; x_wconf 82' lang='lat' dir='ltr'>mutatuS,</span> <span class='ocrx_word' id='word_1_146' title='bbox 3112 2351 3203 2410; x_wconf 89' lang='lat' dir='ltr'>ita</span> <span class='ocrx_word' id='word_1_147' title='bbox 3245 2349 3369 2408; x_wconf 91' lang='lat' dir='ltr'>Do-</span> 
     </span>
     <span class='ocr_line' id='line_1_17' title="bbox 278 2455 3369 2533; baseline -0.002 -18"><span class='ocrx_word' id='word_1_148' title='bbox 278 2457 530 2515; x_wconf 90' lang='lat' dir='ltr'>minum</span> <span class='ocrx_word' id='word_1_149' title='bbox 568 2456 632 2514; x_wconf 89' lang='lat' dir='ltr'>in</span> <span class='ocrx_word' id='word_1_150' title='bbox 667 2472 745 2514; x_wconf 89' lang='lat' dir='ltr'>ea</span> <span class='ocrx_word' id='word_1_151' title='bbox 784 2455 1099 2529; x_wconf 86' lang='lat' dir='ltr'>laudavit,</span> <span class='ocrx_word' id='word_1_152' title='bbox 1152 2462 1225 2514; x_wconf 91' lang='lat' dir='ltr'>ut</span> <span class='ocrx_word' id='word_1_153' title='bbox 1273 2461 1339 2514; x_wconf 89' lang='lat' dir='ltr'>et</span> <span class='ocrx_word' id='word_1_154' title='bbox 1378 2457 1437 2514; x_wconf 91' lang='lat' dir='ltr'>in</span> <span class='ocrx_word' id='word_1_155' title='bbox 1491 2458 1898 2516; x_wconf 88' lang='lat' dir='ltr'>monasterio</span> <span class='ocrx_word' id='word_1_156' title='bbox 1949 2457 2289 2516; x_wconf 87' lang='lat' dir='ltr'>condendo</span> <span class='ocrx_word' id='word_1_157' title='bbox 2340 2458 2402 2516; x_wconf 86' lang='lat' dir='ltr'>ei</span> <span class='ocrx_word' id='word_1_158' title='bbox 2451 2460 2947 2533; x_wconf 89' lang='lat' dir='ltr'>cooperaretur,</span> <span class='ocrx_word' id='word_1_159' title='bbox 2999 2460 3067 2514; x_wconf 93' lang='lat' dir='ltr'>et</span> <span class='ocrx_word' id='word_1_160' title='bbox 3102 2458 3369 2528; x_wconf 82' lang='lat' dir='ltr'>rogaret</span> 
     </span>
     <span class='ocr_line' id='line_1_18' title="bbox 277 2558 3369 2635; baseline -0.001 -17"><span class='ocrx_word' id='word_1_161' title='bbox 277 2576 352 2618; x_wconf 88' lang='lat' dir='ltr'>se</span> <span class='ocrx_word' id='word_1_162' title='bbox 403 2560 493 2618; x_wconf 90' lang='lat' dir='ltr'>ibi</span> <span class='ocrx_word' id='word_1_163' title='bbox 545 2560 840 2635; x_wconf 89' lang='lat' dir='ltr'>sepeliri,</span> <span class='ocrx_word' id='word_1_164' title='bbox 894 2560 1157 2635; x_wconf 86' lang='lat' dir='ltr'>quando</span> <span class='ocrx_word' id='word_1_165' title='bbox 1210 2566 1603 2620; x_wconf 85' lang='lat' dir='ltr'>moreretur.</span> <span class='ocrx_word' id='word_1_166' title='bbox 1655 2561 1786 2619; x_wconf 89' lang='lat' dir='ltr'>Nec</span> <span class='ocrx_word' id='word_1_167' title='bbox 1834 2562 2169 2621; x_wconf 86' lang='lat' dir='ltr'>desiderio</span> <span class='ocrx_word' id='word_1_168' title='bbox 2222 2580 2343 2621; x_wconf 91' lang='lat' dir='ltr'>suo</span> <span class='ocrx_word' id='word_1_169' title='bbox 2394 2561 2522 2621; x_wconf 85' lang='lat' dir='ltr'>fuit</span> <span class='ocrx_word' id='word_1_170' title='bbox 2574 2562 2956 2635; x_wconf 76' lang='lat' dir='ltr'>fraudatu5‚</span> <span class='ocrx_word' id='word_1_171' title='bbox 3009 2558 3166 2635; x_wconf 86' lang='lat' dir='ltr'>quia</span> <span class='ocrx_word' id='word_1_172' title='bbox 3215 2561 3369 2632; x_wconf 87' lang='lat' dir='ltr'>post</span> 
     </span>
     <span class='ocr_line' id='line_1_19' title="bbox 275 2662 3370 2743; baseline -0.001 -21"><span class='ocrx_word' id='word_1_173' title='bbox 275 2662 442 2722; x_wconf 91' lang='lat' dir='ltr'>haec</span> <span class='ocrx_word' id='word_1_174' title='bbox 479 2663 719 2723; x_wconf 89' lang='lat' dir='ltr'>ibidem</span> <span class='ocrx_word' id='word_1_175' title='bbox 758 2663 1240 2724; x_wconf 87' lang='lat' dir='ltr'>honorabiliter</span> <span class='ocrx_word' id='word_1_176' title='bbox 1273 2672 1378 2724; x_wconf 87' lang='lat' dir='ltr'>est</span> <span class='ocrx_word' id='word_1_177' title='bbox 1411 2668 1802 2726; x_wconf 70' lang='lat' dir='ltr'>tumulatus</span> <span class='ocrx_word' id='word_1_178' title='bbox 1839 2667 1912 2726; x_wconf 92' lang='lat' dir='ltr'>In</span> <span class='ocrx_word' id='word_1_179' title='bbox 1945 2667 2050 2726; x_wconf 88' lang='lat' dir='ltr'>his</span> <span class='ocrx_word' id='word_1_180' title='bbox 2086 2667 2393 2727; x_wconf 91' lang='lat' dir='ltr'>omnibus</span> <span class='ocrx_word' id='word_1_181' title='bbox 2429 2674 2662 2727; x_wconf 89' lang='lat' dir='ltr'>sancta</span> <span class='ocrx_word' id='word_1_182' title='bbox 2706 2667 2897 2743; x_wconf 82' lang='lat' dir='ltr'>virgo</span> <span class='ocrx_word' id='word_1_183' title='bbox 2930 2680 3053 2724; x_wconf 87' lang='lat' dir='ltr'>nec</span> <span class='ocrx_word' id='word_1_184' title='bbox 3096 2677 3370 2739; x_wconf 86' lang='lat' dir='ltr'>prospe-</span> 
     </span>
     <span class='ocr_line' id='line_1_20' title="bbox 278 2751 3364 2848; baseline 0 -22"><span class='ocrx_word' id='word_1_185' title='bbox 278 2768 376 2826; x_wconf 87' lang='lat' dir='ltr'>ris</span> <span class='ocrx_word' id='word_1_186' title='bbox 409 2767 820 2842; x_wconf 85' lang='lat' dir='ltr'>elevabatur,</span> <span class='ocrx_word' id='word_1_187' title='bbox 873 2784 994 2828; x_wconf 90' lang='lat' dir='ltr'>nec</span> <span class='ocrx_word' id='word_1_188' title='bbox 1043 2769 1349 2828; x_wconf 83' lang='lat' dir='ltr'>adversis</span> <span class='ocrx_word' id='word_1_189' title='bbox 1401 2751 1922 2846; x_wconf 84' lang='lat' dir='ltr'>deprimebatur;</span> <span class='ocrx_word' id='word_1_190' title='bbox 1975 2772 2091 2830; x_wconf 88' lang='lat' dir='ltr'>sed</span> <span class='ocrx_word' id='word_1_191' title='bbox 2140 2772 2208 2830; x_wconf 88' lang='lat' dir='ltr'>in</span> <span class='ocrx_word' id='word_1_192' title='bbox 2241 2788 2371 2830; x_wconf 90' lang='lat' dir='ltr'>uno</span> <span class='ocrx_word' id='word_1_193' title='bbox 2407 2773 2772 2848; x_wconf 85' lang='lat' dir='ltr'>eodemque</span> <span class='ocrx_word' id='word_1_194' title='bbox 2822 2770 3065 2831; x_wconf 87' lang='lat' dir='ltr'>mentis</span> <span class='ocrx_word' id='word_1_195' title='bbox 3110 2769 3364 2843; x_wconf 84' lang='lat' dir='ltr'>vigore,</span> 
     </span>
     <span class='ocr_line' id='line_1_21' title="bbox 272 2872 3371 2948; baseline 0 -19"><span class='ocrx_word' id='word_1_196' title='bbox 272 2886 396 2929; x_wconf 90' lang='lat' dir='ltr'>nec</span> <span class='ocrx_word' id='word_1_197' title='bbox 453 2872 847 2930; x_wconf 84' lang='lat' dir='ltr'>movebatur</span> <span class='ocrx_word' id='word_1_198' title='bbox 906 2873 1418 2948; x_wconf 89' lang='lat' dir='ltr'>vituperatione,</span> <span class='ocrx_word' id='word_1_199' title='bbox 1471 2891 1592 2933; x_wconf 88' lang='lat' dir='ltr'>nec</span> <span class='ocrx_word' id='word_1_200' title='bbox 1641 2875 2089 2934; x_wconf 86' lang='lat' dir='ltr'>seducebatur</span> <span class='ocrx_word' id='word_1_201' title='bbox 2138 2875 2356 2934; x_wconf 88' lang='lat' dir='ltr'>laudis</span> <span class='ocrx_word' id='word_1_202' title='bbox 2406 2876 2848 2936; x_wconf 83' lang='lat' dir='ltr'>affectatione.</span> <span class='ocrx_word' id='word_1_203' title='bbox 2902 2874 3203 2934; x_wconf 88' lang='lat' dir='ltr'>Habebat</span> <span class='ocrx_word' id='word_1_204' title='bbox 3252 2887 3371 2931; x_wconf 83' lang='lat' dir='ltr'>au·-</span> 
     </span>
     <span class='ocr_line' id='line_1_22' title="bbox 275 2976 3369 3055; baseline 0 -23"><span class='ocrx_word' id='word_1_205' title='bbox 275 2980 410 3033; x_wconf 88' lang='lat' dir='ltr'>tem</span> <span class='ocrx_word' id='word_1_206' title='bbox 461 2991 726 3051; x_wconf 90' lang='lat' dir='ltr'>semper</span> <span class='ocrx_word' id='word_1_207' title='bbox 776 2976 842 3035; x_wconf 91' lang='lat' dir='ltr'>in</span> <span class='ocrx_word' id='word_1_208' title='bbox 890 2977 1201 3036; x_wconf 87' lang='lat' dir='ltr'>omnibus</span> <span class='ocrx_word' id='word_1_209' title='bbox 1252 2995 1480 3037; x_wconf 88' lang='lat' dir='ltr'>sanam</span> <span class='ocrx_word' id='word_1_210' title='bbox 1532 2979 1929 3052; x_wconf 87' lang='lat' dir='ltr'>doctrinam,</span> <span class='ocrx_word' id='word_1_211' title='bbox 1983 2980 2160 3038; x_wconf 89' lang='lat' dir='ltr'>sicut</span> <span class='ocrx_word' id='word_1_212' title='bbox 2208 2995 2357 3038; x_wconf 90' lang='lat' dir='ltr'>eam</span> <span class='ocrx_word' id='word_1_213' title='bbox 2392 2980 2689 3055; x_wconf 87' lang='lat' dir='ltr'>percepit</span> <span class='ocrx_word' id='word_1_214' title='bbox 2722 2995 2842 3053; x_wconf 89' lang='lat' dir='ltr'>per</span> <span class='ocrx_word' id='word_1_215' title='bbox 2891 2976 3369 3042; x_wconf 80' lang='lat' dir='ltr'>revelationem</span> 
     </span>
     <span class='ocr_line' id='line_1_23' title="bbox 274 3081 3371 3160; baseline -0 -20"><span class='ocrx_word' id='word_1_216' title='bbox 274 3081 591 3142; x_wconf 87' lang='lat' dir='ltr'>divinam.</span> <span class='ocrx_word' id='word_1_217' title='bbox 629 3082 808 3143; x_wconf 90' lang='lat' dir='ltr'>Unde</span> <span class='ocrx_word' id='word_1_218' title='bbox 842 3089 908 3141; x_wconf 91' lang='lat' dir='ltr'>et</span> <span class='ocrx_word' id='word_1_219' title='bbox 943 3084 1202 3158; x_wconf 88' lang='lat' dir='ltr'>puellas</span> <span class='ocrx_word' id='word_1_220' title='bbox 1240 3100 1399 3142; x_wconf 87' lang='lat' dir='ltr'>suas</span> <span class='ocrx_word' id='word_1_221' title='bbox 1437 3102 1474 3142; x_wconf 89' lang='lat' dir='ltr'>a</span> <span class='ocrx_word' id='word_1_222' title='bbox 1510 3085 1922 3144; x_wconf 84' lang='lat' dir='ltr'>vanitatibus</span> <span class='ocrx_word' id='word_1_223' title='bbox 1958 3102 2128 3160; x_wconf 80' lang='lat' dir='ltr'>quas</span> <span class='ocrx_word' id='word_1_224' title='bbox 2164 3086 2520 3144; x_wconf 88' lang='lat' dir='ltr'>daemones</span> <span class='ocrx_word' id='word_1_225' title='bbox 2556 3086 2653 3144; x_wconf 87' lang='lat' dir='ltr'>eis</span> <span class='ocrx_word' id='word_1_226' title='bbox 2704 3083 3174 3156; x_wconf 89' lang='lat' dir='ltr'>immittebant,</span> <span class='ocrx_word' id='word_1_227' title='bbox 3226 3095 3371 3140; x_wconf 88' lang='lat' dir='ltr'>sae-</span> 
     </span>
     <span class='ocr_line' id='line_1_24' title="bbox 276 3182 3370 3261; baseline -0.001 -17"><span class='ocrx_word' id='word_1_228' title='bbox 276 3187 427 3260; x_wconf 88' lang='lat' dir='ltr'>pius</span> <span class='ocrx_word' id='word_1_229' title='bbox 464 3185 843 3261; x_wconf 82' lang='lat' dir='ltr'>castigavit,</span> <span class='ocrx_word' id='word_1_230' title='bbox 896 3187 1053 3245; x_wconf 88' lang='lat' dir='ltr'>dum</span> <span class='ocrx_word' id='word_1_231' title='bbox 1105 3194 1367 3246; x_wconf 86' lang='lat' dir='ltr'>secreta</span> <span class='ocrx_word' id='word_1_232' title='bbox 1415 3188 1714 3247; x_wconf 85' lang='lat' dir='ltr'>cordium</span> <span class='ocrx_word' id='word_1_233' title='bbox 1768 3206 2044 3247; x_wconf 88' lang='lat' dir='ltr'>suorum</span> <span class='ocrx_word' id='word_1_234' title='bbox 2094 3195 2349 3249; x_wconf 86' lang='lat' dir='ltr'>secrete</span> <span class='ocrx_word' id='word_1_235' title='bbox 2400 3191 2498 3247; x_wconf 90' lang='lat' dir='ltr'>eis</span> <span class='ocrx_word' id='word_1_236' title='bbox 2548 3188 2894 3247; x_wconf 85' lang='lat' dir='ltr'>revelavit.</span> <span class='ocrx_word' id='word_1_237' title='bbox 2946 3185 3156 3260; x_wconf 87' lang='lat' dir='ltr'>Super</span> <span class='ocrx_word' id='word_1_238' title='bbox 3205 3182 3370 3241; x_wconf 88' lang='lat' dir='ltr'>haec</span> 
     </span>
     <span class='ocr_line' id='line_1_25' title="bbox 278 3285 3372 3368; baseline -0.002 -19"><span class='ocrx_word' id='word_1_239' title='bbox 278 3290 499 3349; x_wconf 89' lang='lat' dir='ltr'>omnia</span> <span class='ocrx_word' id='word_1_240' title='bbox 535 3291 687 3365; x_wconf 85' lang='lat' dir='ltr'>quis</span> <span class='ocrx_word' id='word_1_241' title='bbox 720 3291 1018 3366; x_wconf 81' lang='lat' dir='ltr'>ambigat</span> <span class='ocrx_word' id='word_1_242' title='bbox 1049 3307 1195 3350; x_wconf 88' lang='lat' dir='ltr'>eam</span> <span class='ocrx_word' id='word_1_243' title='bbox 1231 3292 1454 3350; x_wconf 90' lang='lat' dir='ltr'>sedem</span> <span class='ocrx_word' id='word_1_244' title='bbox 1495 3292 1704 3351; x_wconf 85' lang='lat' dir='ltr'>fuisse</span> <span class='ocrx_word' id='word_1_245' title='bbox 1741 3299 2051 3351; x_wconf 87' lang='lat' dir='ltr'>aeternae</span> <span class='ocrx_word' id='word_1_246' title='bbox 2102 3294 2503 3368; x_wconf 73' lang='lat' dir='ltr'>sapientiae?</span> <span class='ocrx_word' id='word_1_247' title='bbox 2537 3292 2640 3351; x_wconf 92' lang='lat' dir='ltr'>cui</span> <span class='ocrx_word' id='word_1_248' title='bbox 2691 3291 2903 3350; x_wconf 88' lang='lat' dir='ltr'>voluit</span> <span class='ocrx_word' id='word_1_249' title='bbox 2934 3288 3111 3346; x_wconf 89' lang='lat' dir='ltr'>Deus</span> <span class='ocrx_word' id='word_1_250' title='bbox 3161 3285 3372 3344; x_wconf 88' lang='lat' dir='ltr'>mani-</span> 
     </span>
     <span class='ocr_line' id='line_1_26' title="bbox 283 3388 3368 3468; baseline -0.002 -19"><span class='ocrx_word' id='word_1_251' title='bbox 283 3391 530 3452; x_wconf 87' lang='lat' dir='ltr'>festare</span> <span class='ocrx_word' id='word_1_252' title='bbox 566 3397 823 3452; x_wconf 89' lang='lat' dir='ltr'>tantum</span> <span class='ocrx_word' id='word_1_253' title='bbox 859 3393 1250 3452; x_wconf 86' lang='lat' dir='ltr'>thesaurum</span> <span class='ocrx_word' id='word_1_254' title='bbox 1304 3394 1602 3453; x_wconf 89' lang='lat' dir='ltr'>internae</span> <span class='ocrx_word' id='word_1_255' title='bbox 1653 3395 1996 3468; x_wconf 88' lang='lat' dir='ltr'>scientiae,</span> <span class='ocrx_word' id='word_1_256' title='bbox 2052 3401 2123 3454; x_wconf 91' lang='lat' dir='ltr'>ut</span> <span class='ocrx_word' id='word_1_257' title='bbox 2157 3395 2449 3454; x_wconf 86' lang='lat' dir='ltr'>disceret</span> <span class='ocrx_word' id='word_1_258' title='bbox 2499 3396 2563 3453; x_wconf 89' lang='lat' dir='ltr'>in</span> <span class='ocrx_word' id='word_1_259' title='bbox 2597 3410 2757 3453; x_wconf 89' lang='lat' dir='ltr'>vera</span> <span class='ocrx_word' id='word_1_260' title='bbox 2790 3392 3049 3452; x_wconf 87' lang='lat' dir='ltr'>visione</span> <span class='ocrx_word' id='word_1_261' title='bbox 3094 3388 3368 3447; x_wconf 88' lang='lat' dir='ltr'>Joannis</span> 
     </span>
     <span class='ocr_line' id='line_1_27' title="bbox 279 3492 3367 3575; baseline -0.001 -22"><span class='ocrx_word' id='word_1_262' title='bbox 279 3494 732 3569; x_wconf 86' lang='lat' dir='ltr'>Evangelium:</span> <span class='ocrx_word' id='word_1_263' title='bbox 773 3514 805 3554; x_wconf 77' lang='lat' dir='ltr'>c&lt;</span> <span class='ocrx_word' id='word_1_264' title='bbox 843 3497 916 3554; x_wconf 90' lang='lat' dir='ltr'>In</span> <span class='ocrx_word' id='word_1_265' title='bbox 949 3498 1275 3573; x_wconf 89' lang='lat' dir='ltr'>principio</span> <span class='ocrx_word' id='word_1_266' title='bbox 1316 3502 1464 3558; x_wconf 86' lang='lat' dir='ltr'>erat</span> <span class='ocrx_word' id='word_1_267' title='bbox 1497 3499 1807 3573; x_wconf 87' lang='lat' dir='ltr'>Verbum,</span> <span class='ocrx_word' id='word_1_268' title='bbox 1845 3506 1911 3557; x_wconf 90' lang='lat' dir='ltr'>et</span> <span class='ocrx_word' id='word_1_269' title='bbox 1947 3500 2233 3559; x_wconf 90' lang='lat' dir='ltr'>Verbum</span> <span class='ocrx_word' id='word_1_270' title='bbox 2269 3502 2413 3558; x_wconf 91' lang='lat' dir='ltr'>erat</span> <span class='ocrx_word' id='word_1_271' title='bbox 2447 3499 2620 3575; x_wconf 89' lang='lat' dir='ltr'>apud</span> <span class='ocrx_word' id='word_1_272' title='bbox 2653 3498 2880 3557; x_wconf 92' lang='lat' dir='ltr'>Deum.</span> <span class='ocrx_word' id='word_1_273' title='bbox 2922 3514 2953 3553; x_wconf 75' lang='lat'>1&gt;</span> <span class='ocrx_word' id='word_1_274' title='bbox 3006 3495 3227 3553; x_wconf 89' lang='lat' dir='ltr'>Penna</span> <span class='ocrx_word' id='word_1_275' title='bbox 3277 3492 3367 3551; x_wconf 88' lang='lat' dir='ltr'>si-</span> 
     </span>
     <span class='ocr_line' id='line_1_28' title="bbox 280 3598 3367 3681; baseline -0.001 -23"><span class='ocrx_word' id='word_1_276' title='bbox 280 3601 549 3676; x_wconf 87' lang='lat' dir='ltr'>quidem</span> <span class='ocrx_word' id='word_1_277' title='bbox 585 3601 883 3661; x_wconf 88' lang='lat' dir='ltr'>iuternae</span> <span class='ocrx_word' id='word_1_278' title='bbox 919 3604 1505 3679; x_wconf 87' lang='lat' dir='ltr'>contemplationis</span> <span class='ocrx_word' id='word_1_279' title='bbox 1539 3605 1832 3664; x_wconf 87' lang='lat' dir='ltr'>evolavit</span> <span class='ocrx_word' id='word_1_280' title='bbox 1866 3604 1932 3663; x_wconf 88' lang='lat' dir='ltr'>in</span> <span class='ocrx_word' id='word_1_281' title='bbox 1967 3605 2115 3679; x_wconf 84' lang='lat' dir='ltr'>ipsa</span> <span class='ocrx_word' id='word_1_282' title='bbox 2166 3605 2394 3665; x_wconf 87' lang='lat' dir='ltr'>abdita</span> <span class='ocrx_word' id='word_1_283' title='bbox 2442 3620 2769 3681; x_wconf 84' lang='lat' dir='ltr'>supernae</span> <span class='ocrx_word' id='word_1_284' title='bbox 2802 3601 3106 3662; x_wconf 67' lang='lat' dir='ltr'>visionis</span> <span class='ocrx_word' id='word_1_285' title='bbox 3143 3598 3367 3674; x_wconf 89' lang='lat' dir='ltr'>Ipsius</span> 
     </span>
     <span class='ocr_line' id='line_1_29' title="bbox 277 3706 3361 3787; baseline -0.002 -19"><span class='ocrx_word' id='word_1_286' title='bbox 277 3725 544 3785; x_wconf 87' lang='lat' dir='ltr'>quoque</span> <span class='ocrx_word' id='word_1_287' title='bbox 577 3707 836 3767; x_wconf 91' lang='lat' dir='ltr'>Domini</span> <span class='ocrx_word' id='word_1_288' title='bbox 872 3709 1096 3769; x_wconf 88' lang='lat' dir='ltr'>Nostri</span> <span class='ocrx_word' id='word_1_289' title='bbox 1128 3710 1283 3769; x_wconf 88' lang='lat' dir='ltr'>Jesu</span> <span class='ocrx_word' id='word_1_290' title='bbox 1321 3711 1568 3771; x_wconf 89' lang='lat' dir='ltr'>Christi</span> <span class='ocrx_word' id='word_1_291' title='bbox 1604 3711 1889 3787; x_wconf 89' lang='lat' dir='ltr'>quadam</span> <span class='ocrx_word' id='word_1_292' title='bbox 1929 3712 2074 3771; x_wconf 89' lang='lat' dir='ltr'>vice</span> <span class='ocrx_word' id='word_1_293' title='bbox 2111 3728 2261 3771; x_wconf 85' lang='lat' dir='ltr'>cum</span> <span class='ocrx_word' id='word_1_294' title='bbox 2299 3716 2700 3787; x_wconf 83' lang='lat' dir='ltr'>aegrotaret,</span> <span class='ocrx_word' id='word_1_295' title='bbox 2731 3708 2976 3769; x_wconf 89' lang='lat' dir='ltr'>meruit</span> <span class='ocrx_word' id='word_1_296' title='bbox 3009 3706 3361 3776; x_wconf 88' lang='lat' dir='ltr'>visionem,</span> 
     </span>
     <span class='ocr_line' id='line_1_30' title="bbox 281 3807 3371 3889; baseline -0.002 -18"><span class='ocrx_word' id='word_1_297' title='bbox 281 3829 412 3888; x_wconf 88' lang='lat' dir='ltr'>qua</span> <span class='ocrx_word' id='word_1_298' title='bbox 446 3817 701 3872; x_wconf 88' lang='lat' dir='ltr'>tantam</span> <span class='ocrx_word' id='word_1_299' title='bbox 736 3812 1033 3887; x_wconf 90' lang='lat' dir='ltr'>percepit</span> <span class='ocrx_word' id='word_1_300' title='bbox 1066 3814 1612 3889; x_wconf 89' lang='lat' dir='ltr'>consolationem,</span> <span class='ocrx_word' id='word_1_301' title='bbox 1651 3821 1723 3874; x_wconf 93' lang='lat' dir='ltr'>ut</span> <span class='ocrx_word' id='word_1_302' title='bbox 1759 3816 2273 3874; x_wconf 86' lang='lat' dir='ltr'>inaestimabilis</span> <span class='ocrx_word' id='word_1_303' title='bbox 2317 3814 2541 3889; x_wconf 83' lang='lat' dir='ltr'>gaudii</span> <span class='ocrx_word' id='word_1_304' title='bbox 2578 3811 3090 3889; x_wconf 84' lang='lat' dir='ltr'>perfunderetur</span> <span class='ocrx_word' id='word_1_305' title='bbox 3114 3807 3371 3866; x_wconf 87' lang='lat' dir='ltr'>exulta·-</span> 
     </span>
     <span class='ocr_line' id='line_1_31' title="bbox 282 3894 2137 3993; baseline 0.002 -17"><span class='ocrx_word' id='word_1_306' title='bbox 282 3894 481 3991; x_wconf 82' lang='lat' dir='ltr'>tione,</span> <span class='ocrx_word' id='word_1_307' title='bbox 519 3921 587 3976; x_wconf 93' lang='lat' dir='ltr'>et</span> <span class='ocrx_word' id='word_1_308' title='bbox 619 3915 1014 3975; x_wconf 89' lang='lat' dir='ltr'>daemonum</span> <span class='ocrx_word' id='word_1_309' title='bbox 1049 3916 1362 3993; x_wconf 91' lang='lat' dir='ltr'>deinceps</span> <span class='ocrx_word' id='word_1_310' title='bbox 1396 3922 1658 3979; x_wconf 90' lang='lat' dir='ltr'>careret</span> <span class='ocrx_word' id='word_1_311' title='bbox 1693 3920 2137 3979; x_wconf 85' lang='lat' dir='ltr'>infestatione.</span> 
     </span>
    </p>
   </div>
   <div class='ocr_carea' id='block_1_6' title="bbox 1743 4130 1906 4189">
    <p class='ocr_par' dir='ltr' id='par_1_6' title="bbox 1743 4130 1906 4189">
     <span class='ocr_line' id='line_1_32' title="bbox 1743 4130 1906 4189; baseline 0.012 -2"><span class='ocrx_word' id='word_1_312' title='bbox 1743 4130 1906 4189; x_wconf 89' lang='lat' dir='ltr'>VIII.</span> 
     </span>
    </p>
   </div>
   <div class='ocr_carea' id='block_1_7' title="bbox 277 4332 3370 5053">
    <p class='ocr_par' dir='ltr' id='par_1_7' title="bbox 277 4332 3370 5053">
     <span class='ocr_line' id='line_1_33' title="bbox 373 4332 3370 4414; baseline -0.003 -17"><span class='ocrx_word' id='word_1_313' title='bbox 373 4337 495 4397; x_wconf 88' lang='lat' dir='ltr'>His</span> <span class='ocrx_word' id='word_1_314' title='bbox 529 4343 729 4413; x_wconf 87' lang='lat' dir='ltr'>atque</span> <span class='ocrx_word' id='word_1_315' title='bbox 764 4338 918 4397; x_wconf 89' lang='lat' dir='ltr'>aliis</span> <span class='ocrx_word' id='word_1_316' title='bbox 951 4339 1320 4414; x_wconf 81' lang='lat' dir='ltr'>gratiarum</span> <span class='ocrx_word' id='word_1_317' title='bbox 1358 4339 1748 4399; x_wconf 86' lang='lat' dir='ltr'>muneribus</span> <span class='ocrx_word' id='word_1_318' title='bbox 1784 4356 2073 4414; x_wconf 88' lang='lat' dir='ltr'>sponsus</span> <span class='ocrx_word' id='word_1_319' title='bbox 2108 4339 2447 4412; x_wconf 81' lang='lat' dir='ltr'>coelestis„</span> <span class='ocrx_word' id='word_1_320' title='bbox 2486 4337 2600 4414; x_wconf 85' lang='lat' dir='ltr'>qui</span> <span class='ocrx_word' id='word_1_321' title='bbox 2639 4337 2706 4395; x_wconf 91' lang='lat' dir='ltr'>in</span> <span class='ocrx_word' id='word_1_322' title='bbox 2740 4333 2994 4395; x_wconf 89' lang='lat' dir='ltr'>sanctis</span> <span class='ocrx_word' id='word_1_323' title='bbox 3021 4332 3163 4392; x_wconf 90' lang='lat' dir='ltr'>suis</span> <span class='ocrx_word' id='word_1_324' title='bbox 3198 4345 3370 4391; x_wconf 90' lang='lat' dir='ltr'>sem-</span> 
     </span>
     <span class='ocr_line' id='line_1_34' title="bbox 283 4427 3366 4523; baseline -0.003 -19"><span class='ocrx_word' id='word_1_325' title='bbox 283 4460 404 4523; x_wconf 87' lang='lat' dir='ltr'>per</span> <span class='ocrx_word' id='word_1_326' title='bbox 435 4450 540 4504; x_wconf 89' lang='lat' dir='ltr'>est</span> <span class='ocrx_word' id='word_1_327' title='bbox 589 4445 940 4517; x_wconf 79' lang='lat' dir='ltr'>mirabiliS‚</span> <span class='ocrx_word' id='word_1_328' title='bbox 994 4439 1309 4521; x_wconf 67' lang='lat' dir='ltr'>sponsam</span> <span class='ocrx_word' id='word_1_329' title='bbox 1360 4463 1548 4505; x_wconf 87' lang='lat' dir='ltr'>suam</span> <span class='ocrx_word' id='word_1_330' title='bbox 1603 4446 2003 4506; x_wconf 85' lang='lat' dir='ltr'>mirabiliter</span> <span class='ocrx_word' id='word_1_331' title='bbox 2050 4427 2456 4521; x_wconf 75' lang='lat' dir='ltr'>glorificanS,</span> <span class='ocrx_word' id='word_1_332' title='bbox 2514 4444 2669 4503; x_wconf 87' lang='lat' dir='ltr'>fecit</span> <span class='ocrx_word' id='word_1_333' title='bbox 2721 4449 2790 4502; x_wconf 87' lang='lat' dir='ltr'>ut</span> <span class='ocrx_word' id='word_1_334' title='bbox 2825 4440 3131 4501; x_wconf 85' lang='lat' dir='ltr'>omnibus</span> <span class='ocrx_word' id='word_1_335' title='bbox 3173 4438 3366 4498; x_wconf 86' lang='lat' dir='ltr'>bonis</span> 
     </span>
     <span class='ocr_line' id='line_1_35' title="bbox 283 4546 3364 4629; baseline -0.003 -16"><span class='ocrx_word' id='word_1_336' title='bbox 283 4568 549 4629; x_wconf 86' lang='lat' dir='ltr'>semper</span> <span class='ocrx_word' id='word_1_337' title='bbox 581 4552 669 4611; x_wconf 91' lang='lat' dir='ltr'>sit</span> <span class='ocrx_word' id='word_1_338' title='bbox 701 4553 1050 4612; x_wconf 75' lang='lat' dir='ltr'>mirabilis</span> <span class='ocrx_word' id='word_1_339' title='bbox 1102 4553 1310 4624; x_wconf 87' lang='lat' dir='ltr'>Quam</span> <span class='ocrx_word' id='word_1_340' title='bbox 1360 4569 1490 4612; x_wconf 89' lang='lat' dir='ltr'>non</span> <span class='ocrx_word' id='word_1_341' title='bbox 1525 4553 1743 4612; x_wconf 89' lang='lat' dir='ltr'>solum</span> <span class='ocrx_word' id='word_1_342' title='bbox 1792 4553 1969 4612; x_wconf 90' lang='lat' dir='ltr'>omni</span> <span class='ocrx_word' id='word_1_343' title='bbox 2024 4568 2283 4611; x_wconf 87' lang='lat' dir='ltr'>morum</span> <span class='ocrx_word' id='word_1_344' title='bbox 2334 4552 2714 4624; x_wconf 87' lang='lat' dir='ltr'>sanctitate,</span> <span class='ocrx_word' id='word_1_345' title='bbox 2750 4550 2857 4608; x_wconf 89' lang='lat' dir='ltr'>vel</span> <span class='ocrx_word' id='word_1_346' title='bbox 2892 4546 3364 4623; x_wconf 85' lang='lat' dir='ltr'>mysteriorum</span> 
     </span>
     <span class='ocr_line' id='line_1_36' title="bbox 277 4650 3366 4732; baseline -0.003 -15"><span class='ocrx_word' id='word_1_347' title='bbox 277 4656 397 4717; x_wconf 91' lang='lat' dir='ltr'>Dei</span> <span class='ocrx_word' id='word_1_348' title='bbox 433 4657 692 4717; x_wconf 87' lang='lat' dir='ltr'>interna</span> <span class='ocrx_word' id='word_1_349' title='bbox 724 4658 1307 4731; x_wconf 88' lang='lat' dir='ltr'>contemplatione,</span> <span class='ocrx_word' id='word_1_350' title='bbox 1353 4674 1581 4717; x_wconf 89' lang='lat' dir='ltr'>verum</span> <span class='ocrx_word' id='word_1_351' title='bbox 1614 4659 1817 4717; x_wconf 88' lang='lat' dir='ltr'>etiam</span> <span class='ocrx_word' id='word_1_352' title='bbox 1868 4658 2305 4732; x_wconf 85' lang='lat' dir='ltr'>spectabilem</span> <span class='ocrx_word' id='word_1_353' title='bbox 2356 4657 2643 4715; x_wconf 88' lang='lat' dir='ltr'>reddidit</span> <span class='ocrx_word' id='word_1_354' title='bbox 2676 4656 3155 4715; x_wconf 89' lang='lat' dir='ltr'>miraculorum</span> <span class='ocrx_word' id='word_1_355' title='bbox 3204 4650 3366 4710; x_wconf 89' lang='lat' dir='ltr'>insi-</span> 
     </span>
     <span class='ocr_line' id='line_1_37' title="bbox 278 4757 3358 4839; baseline -0.002 -18"><span class='ocrx_word' id='word_1_356' title='bbox 278 4763 505 4838; x_wconf 82' lang='lat' dir='ltr'>guium</span> <span class='ocrx_word' id='word_1_357' title='bbox 539 4763 872 4838; x_wconf 74' lang='lat' dir='ltr'>opinione,</span> <span class='ocrx_word' id='word_1_358' title='bbox 911 4779 1192 4839; x_wconf 86' lang='lat' dir='ltr'>quorum</span> <span class='ocrx_word' id='word_1_359' title='bbox 1230 4767 1412 4824; x_wconf 87' lang='lat' dir='ltr'>tanta</span> <span class='ocrx_word' id='word_1_360' title='bbox 1464 4765 1745 4824; x_wconf 86' lang='lat' dir='ltr'>habetur</span> <span class='ocrx_word' id='word_1_361' title='bbox 1779 4781 2131 4824; x_wconf 89' lang='lat' dir='ltr'>numerum</span> <span class='ocrx_word' id='word_1_362' title='bbox 2178 4764 2503 4823; x_wconf 81' lang='lat' dir='ltr'>excedens</span> <span class='ocrx_word' id='word_1_363' title='bbox 2539 4765 2752 4839; x_wconf 90' lang='lat' dir='ltr'>copia,</span> <span class='ocrx_word' id='word_1_364' title='bbox 2806 4768 2879 4821; x_wconf 92' lang='lat' dir='ltr'>ut</span> <span class='ocrx_word' id='word_1_365' title='bbox 2912 4762 3023 4822; x_wconf 81' lang='lat' dir='ltr'>vix</span> <span class='ocrx_word' id='word_1_366' title='bbox 3067 4757 3358 4819; x_wconf 88' lang='lat' dir='ltr'>describi</span> 
     </span>
     <span class='ocr_line' id='line_1_38' title="bbox 277 4864 3363 4943; baseline -0.003 -16"><span class='ocrx_word' id='word_1_367' title='bbox 277 4868 543 4943; x_wconf 84' lang='lat' dir='ltr'>possint</span> <span class='ocrx_word' id='word_1_368' title='bbox 575 4868 816 4933; x_wconf 86' lang='lat' dir='ltr'>omnia.</span> <span class='ocrx_word' id='word_1_369' title='bbox 852 4868 1189 4939; x_wconf 90' lang='lat' dir='ltr'>Quomodo</span> <span class='ocrx_word' id='word_1_370' title='bbox 1239 4876 1459 4929; x_wconf 87' lang='lat' dir='ltr'>autem</span> <span class='ocrx_word' id='word_1_371' title='bbox 1509 4869 1920 4929; x_wconf 86' lang='lat' dir='ltr'>infirmantes</span> <span class='ocrx_word' id='word_1_372' title='bbox 1971 4870 2245 4929; x_wconf 86' lang='lat' dir='ltr'>sanitati</span> <span class='ocrx_word' id='word_1_373' title='bbox 2297 4869 2693 4941; x_wconf 86' lang='lat' dir='ltr'>restituerit,</span> <span class='ocrx_word' id='word_1_374' title='bbox 2732 4866 3066 4943; x_wconf 87' lang='lat' dir='ltr'>quomodo</span> <span class='ocrx_word' id='word_1_375' title='bbox 3119 4864 3363 4936; x_wconf 89' lang='lat' dir='ltr'>impor-</span> 
     </span>
     <span class='ocr_line' id='line_1_39' title="bbox 279 4966 3361 5053; baseline -0.003 -20"><span class='ocrx_word' id='word_1_376' title='bbox 279 4972 604 5033; x_wconf 87' lang='lat' dir='ltr'>tunitates</span> <span class='ocrx_word' id='word_1_377' title='bbox 640 4973 993 5033; x_wconf 89' lang='lat' dir='ltr'>illusorum</span> <span class='ocrx_word' id='word_1_378' title='bbox 1044 4973 1403 5050; x_wconf 89' lang='lat' dir='ltr'>spirituum</span> <span class='ocrx_word' id='word_1_379' title='bbox 1455 4981 1762 5051; x_wconf 89' lang='lat' dir='ltr'>potenter</span> <span class='ocrx_word' id='word_1_380' title='bbox 1810 4975 2325 5053; x_wconf 88' lang='lat' dir='ltr'>compescuerit,</span> <span class='ocrx_word' id='word_1_381' title='bbox 2376 4979 2443 5034; x_wconf 91' lang='lat' dir='ltr'>et</span> <span class='ocrx_word' id='word_1_382' title='bbox 2493 4974 2575 5034; x_wconf 90' lang='lat' dir='ltr'>ab</span> <span class='ocrx_word' id='word_1_383' title='bbox 2624 4973 2926 5034; x_wconf 88' lang='lat' dir='ltr'>obsessis</span> <span class='ocrx_word' id='word_1_384' title='bbox 2970 4966 3361 5043; x_wconf 88' lang='lat' dir='ltr'>corporibus</span> 
     </span>
    </p>
   </div>
  </div>
 </body>
</html>
