4036 6117
1334 525 1566 572 Lmen
1621 524 1830 572 vius
1884 522 2345 571 nemromm
3231 510 3316 568 45

280 646 448 718 rant,
504 655 749 721 magno
800 644 1022 705 studio
1070 644 1480 720 petulantiae
1516 644 2014 718 insudaverant,
2057 645 2120 703 in
2156 642 2522 703 rubicundo
2558 644 2707 718 igne
2742 644 3086 718 ardebant;
3123 650 3191 704 et
3223 646 3381 721 quia

277 761 395 822 per
430 747 609 808 idem
643 749 882 810 vitium
925 748 1253 825 volanteS,
1291 765 1512 810 mores
1545 748 1969 809 diversarum
2004 748 2350 824 regionum
2384 749 2683 807 imitatae
2716 755 2929 823 erant,
2967 748 3034 807 in
3065 763 3144 808 eo
3180 746 3382 808 suffo-

277 853 616 913 cationem
662 870 906 931 passae
956 860 1133 930 sunt;
1184 862 1251 915 et
1301 856 1615 932 quoniam
1663 855 1876 914 latera
1925 860 1991 913 et
2032 854 2235 929 pedes
2276 869 2629 930 corporum
2665 870 2939 913 suorum
2971 851 3100 912 hac
3128 857 3195 911 et
3228 851 3383 912 illac

276 957 625 1019 multoties
658 942 1039 1036 petulanter
1071 962 1502 1033 intorserant,
1530 977 1569 1019 a
1595 958 1920 1034 praefatis
1953 958 2344 1017 vermiculis
2371 960 2618 1018 acriter
2645 960 2710 1018 in
2735 959 2836 1017 eis
2867 957 3377 1017 infestabantur.

1650 1165 2007 1227 LXXXIIII.

925 1381 1208 1442 Peccata
1231 1380 1689 1457 petulantium
1713 1396 1839 1455 per
1882 1380 2367 1456 poenitentiam
2398 1380 2729 1439 delentur.

353 1586 464 1648 98.
516 1587 603 1648 Et
642 1588 781 1649 vidi
811 1593 881 1648 et
914 1587 1208 1648 intellexi
1242 1588 1427 1648 haec.
1465 1587 1839 1664 Audivique
1872 1587 1953 1647 de
1986 1587 2290 1664 praefata
2323 1582 2368 1667 ¹)
2404 1588 2560 1647 viva
2594 1588 2742 1647 luce
2775 1600 3010 1646 vocem
3041 1585 3373 1645 dicentem

273 1692 351 1754 ad
385 1709 515 1754 me:
548 1693 730 1753 Haec
763 1709 925 1754 vera
944 1682 1124 1754 sunt.
1153 1692 1275 1764 Qui
1300 1694 1479 1752 enim
1506 1694 1571 1752 in
1598 1692 1868 1753 saeculo
1900 1710 2022 1769 per
2047 1693 2485 1770 petulantiam
2512 1696 2975 1769 peccaverant,
3001 1688 3052 1769 ²)
3083 1690 3190 1749 his
3221 1705 3376 1766 poe-

269 1798 368 1857 nis
416 1798 792 1875 purgandis
840 1798 1391 1859 examinabantur
1432 1793 1504 1877 ⁸).
1559 1798 1684 1857 Sed
1733 1797 2038 1858 homines
2088 1799 2202 1874 qui
2252 1798 2379 1858 hoc
2426 1798 2593 1858 vitio
2635 1798 2845 1857 dediti
2878 1803 3056 1873 sunt,
3093 1797 3152 1856 si
3186 1797 3379 1856 mali-

270 1916 433 1979 gnos
482 1905 773 1980 spiritus
820 1918 937 1963 eos
979 1903 1063 1963 ad
1095 1903 1259 1964 illud
1293 1903 1725 1963 exhortantes
1759 1903 2059 1963 devitare
2094 1903 2495 1978 studuerint,
2532 1909 2600 1962 et
2634 1903 2694 1963 si
2727 1902 3071 1962 cruciatus
3104 1900 3250 1960 eius
3282 1898 3378 1959 ef-

272 2005 499 2081 fugere
533 2007 1090 2082 desideraverint,
1120 2006 1595 2068 abstinentiam
1627 2008 1929 2068 ciborum
1964 2014 2032 2068 et
2064 2014 2342 2084 potuum
2375 2008 2724 2083 arripiant,
2762 2011 2829 2066 et
2863 2005 3374 2080 castigationem

274 2109 695 2186 flagellorum
737 2113 803 2172 in
834 2127 910 2171 se
942 2112 1246 2188 diligant,
1282 2118 1349 2172 et
1384 2112 1509 2172 hoc
1536 2114 1725 2189 Juxta
1759 2114 2153 2191 qualitatem
2186 2112 2573 2173 eorumdem
2605 2116 3059 2189 peccatorum,
3093 2116 3162 2170 et
3188 2109 3378 2187 juxta

269 2212 646 2287 jussionem
679 2217 1128 2291 praesidentis
1162 2218 1294 2278 sibi
1321 2217 1569 2292 judicis
1606 2217 1873 2278 saciant.

1670 2426 1961 2487 LXXXV.

1183 2637 1574 2697 Petulantia
1621 2638 1877 2698 vanitas
1924 2639 2296 2699 vanitatum
2345 2647 2461 2699 est.
2515 2657 2523 2663 ·

353 2839 462 2902 99.
516 2840 684 2901 Nam
735 2844 1105 2919 petulantia
1153 2844 1595 2906 stabilitatem
1643 2862 1774 2906 non
1821 2846 2045 2922 habet,
2085 2847 2199 2908 sed
2234 2847 2701 2924 quodcumque
2732 2846 2900 2920 vult,
2941 2845 3006 2905 in
3037 2844 3163 2905 hoc
3197 2859 3377 2905 men-

277 2947 406 3005 tem
456 2960 654 3005 suam
702 2946 867 3023 figit,
918 2962 1039 3008 nec
1086 2947 1294 3011 Deum
1330 2952 1397 3010 in
1431 2950 1680 3011 honore
1713 2952 2110 3027 gaudiorum
2145 2956 2348 3027 tenet3
2387 2953 2503 3012 sed
2537 2951 2860 3029 quidquid
2897 2950 3027 3012 sibi
3060 2950 3271 3027 eligit,
3308 2950 3375 3009 in

274 3050 391 3114 hoc
440 3053 838 3115 delectatur.
891 3056 1072 3117 Unde
1110 3057 1254 3134 ipsa
1288 3058 1552 3118 vanitas
1586 3061 1961 3119 vanitatum
1994 3060 2264 3136 dicitur,
2303 3077 2423 3119 nec
2459 3058 2639 3120 aliud
2673 3058 2753 3120 de
2788 3060 3104 3120 universo
3140 3057 3371 3119 labore

277 3170 392 3216 suo
420 3156 722 3233 habebit,
759 3161 1073 3236 quoniam
1106 3177 1258 3220 cum
1291 3164 1556 3223 vanitas
1591 3163 1723 3223 alia
1755 3165 1818 3223 ei
1852 3165 2198 3240 praeterit,
2236 3165 2367 3224 alia
2401 3164 2464 3223 ei
2499 3164 2819 3238 succedit;
2859 3164 2972 3223 illa
3005 3179 3166 3222 vero
3199 3177 3372 3240 quae

280 3265 510 3319 secuta
545 3267 724 3336 sunt,
755 3262 822 3322 in
854 3268 1199 3324 aeternum
1233 3265 1526 3326 stabunt.
1565 3267 1729 3326 Cum
1763 3268 1940 3354 enirn
1966 3267 2165 3327 homo
2200 3268 2468 3327 carnale
2493 3267 2902 3328 desiderium
2934 3266 3219 3343 perficit,
3248 3264 3378 3325 hoc

275 3362 447 3437 quod
499 3363 569 3422 in
617 3362 742 3424 hoc
789 3366 1074 3426 libenter
1121 3373 1459 3445 operatur,
1513 3371 1776 3430 vanitas
1824 3371 2094 3446 dicitur;
2146 3370 2462 3448 quoniam
2511 3371 2577 3430 in
2618 3370 2835 3447 prima
2873 3367 3118 3446 puerili
3155 3373 3375 3428 aetate

275 3482 390 3526 sua
439 3467 638 3529 ludos
686 3475 887 3545 amat,
940 3477 1008 3531 et
1054 3479 1289 3548 postea
1340 3473 1404 3534 in
1448 3473 1798 3549 J‘uventute
1841 3492 1964 3534 sua
2000 3475 2349 3535 lasciviam
2385 3476 2833 3552 amplectitur,
2870 3471 3108 3533 deinde
3142 3477 3369 3532 autem

278 3572 642 3647 perfectius
690 3575 819 3635 scit
848 3582 916 3636 et
949 3578 1295 3653 cognoscit
1326 3594 1498 3655 quae
1532 3578 1704 3640 bona
1737 3583 1805 3639 et
1837 3595 2008 3655 quae
2044 3580 2219 3640 mala
2253 3580 2408 3655 sint3
2444 3585 2512 3639 et
2543 3585 2701 3640 tunc
2734 3594 3013 3656 operum
3043 3576 3375 3653 pueritiae

287 3691 360 3735 ac
385 3675 764 3753 juventutis
795 3696 947 3740 eum
979 3681 1295 3758 taedebit,
1332 3683 1527 3759 quasi
1559 3699 1898 3760 nunquam
1933 3685 1999 3743 in
2033 3685 2133 3744 eis
2165 3685 2468 3746 vixisset.
2508 3685 2807 3761 Cumque
2840 3683 2922 3743 ad
2950 3686 3369 3742 senectutem

281 3782 680 3856 pervenerit,
732 3784 798 3842 in
850 3785 964 3845 illa
1004 3791 1266 3845 arescet
1297 3791 1365 3846 et
1397 3791 1554 3846 tunc
1588 3785 1986 3862 suspirando
2022 3792 2091 3847 et
2121 3788 2517 3864 plangendO,
2553 3788 2851 3864 priorum
2885 3792 3181 3847 aetatum
3215 3803 3368 3846 sua-

290 3901 431 3946 rum
481 3888 971 3964 recordabitur,
1022 3906 1191 3966 quas
1241 3895 1463 3949 tamen
1512 3890 1760 3950 habere
1806 3905 1938 3950 non
1985 3892 2254 3967 poterit.
2306 3891 2540 3951 Omnia
2572 3890 2748 3950 enim
2782 3889 2947 3950 haec
2980 3905 3133 3949 cum
3167 3879 3376 3950 homi-

279 4007 354 4053 ne
397 3999 466 4054 et
516 3994 583 4053 in
634 3993 899 4055 homine
945 3997 1212 4057 vanitas
1266 4003 1440 4058 sunt.
1485 3996 1650 4057 Nam
1685 3998 1897 4058 silvae
1930 3999 2153 4058 virent
2184 4005 2252 4059 et
2284 4003 2621 4072 arescunt,
2662 3998 2862 4058 flores
2897 3996 3135 4057 florent
3165 4001 3234 4056 et
3266 4011 3375 4056 ca-

287 4095 467 4172 dunt,
518 4112 799 4174 gramen
844 4101 1093 4161 crescit
1139 4108 1208 4161 et
1249 4102 1641 4163 absciditur.
1685 4103 1855 4175 Quid
1889 4104 2097 4179 igitur
2130 4103 2419 4180 amplius
2450 4102 2590 4163 est?
2623 4101 2808 4175 Quod
2842 4101 3039 4161 homo
3071 4116 3247 4160 nunc
3276 4100 3377 4159 vi·-

284 4196 412 4276 det,
448 4200 683 4261 statim
717 4217 846 4263 non
874 4203 1153 4281 videbit;
1190 4206 1366 4283 quod
1401 4221 1575 4267 nunc
1607 4207 1831 4283 habet,
1861 4207 2093 4268 statim
2126 4224 2257 4268 non
2290 4204 2584 4283 habebit;
2614 4222 2766 4266 cum
2798 4220 2974 4266 nunc
3006 4204 3202 4269 ridet.
3238 4210 3376 4265 sta-

292 4303 408 4362 tim
456 4301 664 4380 flebit3
714 4312 784 4366 et
830 4307 915 4368 ob
963 4305 1090 4369 boc
1136 4309 1358 4370 omnia
1398 4327 1571 4371 vana
1613 4316 1791 4384 sunt,
1828 4313 2146 4389 quoniam
2188 4312 2440 4372 caduca
2474 4317 2652 4386 sunt,
2688 4310 3031 4370 moriendo
3064 4308 3382 4368 videlicet

291 4411 355 4466 et
395 4407 781 4471 deficiendo.
835 4409 1208 4475 Moriuntur
1253 4415 1431 4475 enim
1483 4421 1555 4476 ut
1606 4416 1671 4475 in
1715 4414 1842 4476 hoc
1877 4417 2148 4476 saeculo
2183 4431 2314 4476 non
2346 4417 2597 4477 vivant.
2634 4415 2964 4476 Deficiunt
2996 4430 3262 4493 quoque
3297 4414 3379 4473 de

292 4509 636 4572 nobilitate
672 4514 739 4573 in
775 4516 1287 4591 ignobilitatem,
1323 4525 1391 4578 et
1421 4518 1505 4579 de
1537 4519 1795 4579 divitiis
1833 4520 1898 4578 in
1930 4525 2416 4596 paupertatem.

365 4742 404 4806 ¹)
423 4747 704 4816 praedicta
731 4746 794 4801 A.
831 4778 894 4787 -
920 4749 965 4812 ²)
985 4754 1321 4820 peccaverint
1346 4751 1409 4805 Α.
1444 4784 1510 4792 -·
1538 4752 1581 4817 ³)
1608 4755 2070 4810 examinabuntur
2095 4754 2160 4808 Α.
