4036 6117
568 409 697 471 198
1724 423 1776 469 s.
1828 420 2367 470 HILDEGARDIS

499 544 643 622 ejus
699 543 1130 620 adipiscitur,
1191 557 1269 602 ac
1315 557 1436 619 per
1483 540 1779 617 suspiria
1828 541 1910 601 ad
1959 557 2113 601 eum
2161 542 2339 602 trahi
2388 544 2694 617 exoptat,
2752 540 3083 616 quatenus
3133 537 3201 597 in
3249 537 3589 597 suavitate

498 648 714 724 ipsius
750 652 1020 708 strenue
1053 652 1300 707 currat.
1352 647 1559 717 Quem
1592 644 1749 706 dum
1783 646 2020 706 umbra
2055 647 2312 722 peccati
2361 644 2688 720 denigrat,
2738 645 3149 719 poenitentia
3198 648 3420 702 tamen
3459 642 3590 701 for-

498 767 758 811 mosum
811 752 1049 827 reddit,
1103 751 1196 810 ita
1243 750 1422 826 quod
1465 750 1547 810 ab
1598 750 1743 825 ipso
1795 748 1876 809 ad
1910 749 2085 809 filias
2120 750 2437 809 coelestis
2472 748 2893 808 Hierusalem
2942 748 3155 807 bonus
3204 751 3271 804 et
3315 750 3590 803 sanctus

502 854 668 915 odor
724 857 791 915 in
839 857 1011 916 bona
1079 855 1255 914 fama
1303 853 1626 929 procedit,
1686 869 1837 911 cum
1887 854 1967 912 de
2015 854 2314 928 peccatis
2363 854 2507 912 suis
2554 868 2676 928 per
2722 851 3017 911 divinam
3066 850 3584 910 admonitionem

500 973 778 1033 surgere
813 959 1086 1033 appetit.
1124 958 1542 1032 Quapropter
1575 957 1777 1015 etiam
1812 962 1879 1016 et
1915 956 2184 1017 Christo
2221 956 2625 1032 redemptori
2662 972 2783 1014 suo
2819 960 2961 1013 tum
3001 954 3298 1029 loquitur
3329 952 3581 1012 dicens:

493 1061 620 1121 Per
651 1062 1167 1138 pulcritudinem
1205 1061 1671 1121 mandatorum
1706 1067 1973 1121 tuorum
2006 1060 2283 1121 ostende
2317 1061 2505 1133 mihi,
2543 1075 2738 1135 quem
2775 1065 2918 1119 tota
2950 1059 3311 1119 dilectione
3344 1059 3413 1117 in
3445 1058 3583 1117 ani-

497 1183 604 1226 ma
638 1182 786 1227 mea
833 1169 1048 1239 teneo,
1102 1167 1260 1243 quia
1295 1166 1361 1224 in
1410 1165 1865 1224 incarnatione
1914 1169 2029 1223 tua
2063 1179 2169 1223 me
2203 1163 2572 1238 redemisti,
2608 1168 2676 1222 et
2708 1162 2790 1222 de
2822 1164 3037 1221 morte
3070 1176 3175 1220 me
3209 1161 3579 1231 suscitasti,

498 1270 611 1331 ubi
657 1286 898 1346 pascas
946 1271 1014 1330 in
1060 1270 1363 1344 virginea
1411 1274 1675 1343 natura,
1710 1268 1778 1327 in
1827 1285 1959 1344 qua
2007 1283 2275 1327 carnem
2326 1267 2781 1343 assumpsisti,
2833 1271 2900 1325 et
2946 1282 3067 1342 per
3113 1281 3315 1341 quam
3363 1265 3586 1325 omnia

499 1388 702 1447 opera
738 1379 851 1432 tua
898 1372 1268 1449 perfecisti,
1305 1372 1864 1448 quemadmodum
1914 1372 2088 1431 bona
2136 1376 2438 1431 aromata
2489 1372 2554 1431 in
2597 1371 2790 1430 horto
2840 1375 3214 1429 aromatum
3265 1369 3583 1429 redolent.

505 1476 669 1534 Nam
718 1475 1060 1536 humilitas
1095 1478 1162 1536 in
1211 1476 1627 1536 humanitate
1674 1479 1789 1536 tua
1823 1475 2045 1535 omnia
2091 1490 2296 1549 opera
2329 1480 2444 1534 tua
2478 1475 2745 1549 rigavit,
2786 1466 2975 1533 'sicut
3008 1490 3121 1532 ros
3154 1472 3236 1532 de
3283 1473 3467 1533 coelo
3502 1473 3583 1532 ad

493 1578 950 1652 irrigationem
985 1594 1187 1654 super
1221 1585 1470 1638 terram
1502 1579 1700 1638 cadit.
1735 1577 2024 1638 Ostende
2058 1579 2261 1637 etiam
2295 1578 2408 1636 ubi
2443 1577 2778 1653 quiescaS‚
2829 1578 2894 1635 in
2929 1577 3277 1651 sepultura
3311 1577 3574 1649 mortiS,

495 1681 807 1758 quoniam
847 1681 911 1740 in
944 1681 1354 1757 plenitudine
1381 1681 1533 1741 fidei
1559 1682 1990 1758 plenissimus
2024 1683 2210 1741 calor
2243 1681 2430 1755 soliS,
2469 1680 2729 1740 scilicet
2755 1678 3043 1754 Spiritus
3070 1679 3315 1753 Sancti,
3351 1678 3582 1738 fideles

494 1786 816 1861 replevit,
867 1802 1019 1845 cum
1068 1793 1223 1863 post
1270 1788 1830 1846 resurrectionem
1880 1786 1962 1845 ad
2010 1786 2474 1845 ascensionem
2521 1790 2707 1843 tuam
2754 1800 2873 1857 per
2904 1783 3210 1843 eumdem
3260 1782 3579 1857 Spiritum

491 1887 805 1948 Sanctum
836 1897 1032 1950 vetus
1067 1891 1194 1949 Lex
1231 1891 1297 1949 in
1331 1890 1653 1965 majorem
1688 1889 2213 1965 profunditatem
2246 1903 2572 1948 conversa
2620 1894 2747 1962 est;
2784 1904 2866 1946 ne
2907 1888 3147 1946 itinera
3196 1903 3341 1948 mea
3375 1889 3441 1947 in
3476 1904 3579 1947 er-

491 2011 709 2055 rorem
748 1996 935 2057 illum
970 1998 1257 2072 mittam,
1294 1997 1470 2073 quod
1504 2013 1772 2056 rursum
1808 1995 2184 2054 discurram
2213 2010 2332 2070 per
2366 1999 2595 2052 vetera
2631 1993 2872 2067 legalia
2899 1998 3279 2068 praecepta,
3318 1993 3421 2051 vel
3458 2008 3578 2067 per

491 2102 805 2178 antiquos
839 2102 1301 2177 philosophos,
1331 2104 1445 2178 qui
1481 2103 1548 2161 in
1581 2103 1902 2160 societate
1939 2106 2053 2159 tua
2079 2105 2290 2174 erant,
2320 2099 2584 2175 quando
2611 2114 2729 2173 per
2754 2099 3048 2158 divinam
3075 2100 3579 2173 inspirationem

492 2221 570 2264 ea
604 2221 776 2280 quae
807 2204 1116 2266 dixerunt
1153 2208 1494 2282 sapienter
1526 2205 1968 2280 protulerunt.
2002 2200 2048 2283 ¹)
2086 2204 2270 2275 Quod
2308 2209 2530 2263 tamen
2566 2202 2784 2261 facere
2811 2202 3099 2278 negligo,
3128 2219 3209 2262 ne
3237 2203 3582 2278 squalidos

490 2324 714 2367 mores
763 2316 830 2368 et
863 2310 1278 2370 otiositatem
1325 2325 1602 2386 operum
1652 2308 2010 2382 incurram,
2062 2322 2215 2367 cum
2252 2307 2498 2383 quibus
2548 2306 2632 2366 ab
2666 2306 2844 2367 omni
2894 2307 3183 2365 utilitate
3235 2307 3579 2366 felicitatis

496 2418 850 2488 separatus
885 2428 1054 2473 sum.
1088 2409 1139 2489 ²)

1912 2624 2157 2684 XXXII.

1798 2835 1891 2895 De
1941 2836 2281 2914 maleficia

583 3042 690 3106 41.
728 3044 850 3106 Sed
884 3046 1087 3106 tertia
1136 3045 1353 3121 imago
1390 3045 1789 3105 maleficium
1824 3044 2290 3121 praetendens,
2329 3043 2438 3103 hic
2471 3043 2895 3118 vagationem
2929 3044 3386 3121 subsequitur,
3424 3064 3587 3124 quo-

499 3148 679 3209 niam
714 3167 864 3210 cum
901 3149 1204 3210 homines
1238 3150 1565 3225 plurimas
1599 3150 2039 3209 alienationes
2074 3151 2289 3209 otiose
2322 3153 2705 3224 peragrant,
2742 3148 3067 3223 plurimas
3101 3150 3305 3208 etiam
3331 3153 3590 3210 vanita-

495 3260 601 3314 tes
636 3257 701 3314 in
736 3256 1065 3315 creaturis
1095 3272 1214 3331 per
1238 3255 1607 3315 diabolicas
1635 3259 1814 3313 artes
1844 3255 2281 3325 suscitantur,
2315 3252 2520 3313 Deum
2558 3253 3120 3328 derelinquenteS,
3157 3257 3486 3328 quatenus
3514 3256 3581 3313 in

498 3374 896 3435 unaquaque
931 3376 1005 3418 se
1039 3361 1378 3419 inveniant
1409 3359 1585 3435 quod
1619 3361 1870 3419 volunt.
1906 3360 2086 3430 Quos
2118 3352 2167 3435 ³)
2195 3358 2515 3417 Diabolus
2549 3356 2828 3432 deridet,
2864 3364 2932 3416 et
2966 3359 3032 3417 in
3069 3360 3275 3419 multa
3309 3359 3582 3419 offendi-

495 3461 648 3519 cula
676 3478 793 3520 eos
819 3463 1100 3523 seducit.
1127 3464 1205 3522 Et
1238 3462 1403 3521 haec
1429 3471 1630 3538 caput
1658 3464 1795 3538 lupi
1821 3468 1888 3521 et
1913 3462 2195 3522 caudam
2220 3457 2267 3538 ⁴)
2301 3462 2510 3520 leonis
2539 3460 2765 3532 habet,
2795 3462 3107 3537 quoniam
3135 3461 3437 3522 homines
3462 3465 3578 3539 qui

492 3562 620 3622 hoc
655 3564 818 3623 vitio
853 3565 1059 3624 dediti
1087 3572 1263 3640 sunt,
1299 3582 1378 3625 ea
1412 3582 1583 3641 quae
1617 3567 1792 3626 scire
1827 3566 2082 3639 volunt,
2118 3581 2238 3640 per
2275 3565 2644 3624 diabolicas
2679 3571 2860 3623 artes
2896 3566 2965 3623 in
2996 3567 3328 3625 creaturis
3364 3568 3580 3642 inqui-

500 3674 676 3741 runt3
729 3669 841 3728 ubi
876 3670 1134 3729 animas
1183 3686 1341 3729 suas
1376 3670 1591 3728 eidem
1638 3669 1935 3743 Diabolo,
1974 3669 2158 3728 velut
2191 3684 2403 3743 agnus
2438 3670 2616 3744 lupo,
2654 3668 2736 3728 ad
2770 3669 3223 3729 devorandum
3258 3672 3578 3732 tribuunt.

494 3770 720 3831 Finem
757 3773 959 3832 etiam
1007 3789 1283 3848 operum
1317 3789 1591 3832 suorum
1641 3789 1758 3846 por
1791 3772 2101 3832 fiduciam
2152 3773 2295 3847 spei
2332 3774 2399 3830 in
2429 3770 2639 3832 Deum
2686 3789 2815 3831 non
2847 3779 3193 3847 ponenteS,
3245 3775 3363 3832 sed
3398 3775 3579 3833 duri-

495 3876 657 3935 tiam
690 3881 758 3935 et
790 3878 1250 3952 asperitatem,
1279 3877 1473 3953 quasi
1508 3877 1788 3936 caudam
1824 3876 2058 3950 leonis,
2097 3878 2273 3935 malo
2308 3877 2486 3935 exitu
2518 3877 2582 3934 in
2618 3877 2917 3935 moribus
2953 3877 3096 3935 suis
3123 3878 3574 3952 ostendenteS,

495 3979 648 4038 odio
682 3985 750 4039 et
785 3981 1130 4056 tyrannide
1164 3983 1383 4041 omnia
1417 3997 1587 4057 quae
1622 3985 1904 4056 possunt
1937 3987 2380 4050 commovent,
2418 3982 2576 4057 quia
2613 3981 2678 4039 in
2712 3980 2817 4040 his
2850 3982 3077 4040 causis
3110 3999 3232 4042 nec
3276 4000 3581 4044 mansue-

495 4083 814 4159 tudinem,
844 4100 963 4144 nec
989 4087 1286 4161 quietam
1314 4092 1597 4145 mentem
1625 4085 1890 4145 habent.
1920 4084 2277 4160 Reliquum
2303 4090 2525 4144 autem
2554 4101 2798 4160 corpus
2823 4086 2971 4161 ejus
2988 4082 3035 4165 ⁵)
3068 4089 3214 4147 cani
3244 4090 3580 4149 assimila-

494 4190 626 4260 tur,
663 4188 979 4263 quoniam
1013 4195 1253 4248 cuncta
1285 4205 1487 4265 opera
1521 4205 1643 4248 sua
1676 4189 1760 4248 ad
1797 4188 2287 4248 immunditiam
2322 4194 2665 4263 ponentes,
2697 4190 3050 4249 scientiam
3083 4208 3351 4267 quoque
3386 4209 3578 4252 suam

492 4287 576 4346 ad
608 4290 1028 4350 venationem
1063 4293 1393 4352 malorum
1427 4298 1843 4352 convertunt.
1878 4293 1958 4351 Et
1994 4291 2160 4351 haec
2191 4307 2341 4351 cum
2377 4291 2721 4366 praedicta
2755 4293 3042 4368 imagine
3077 4295 3305 4369 laedit,
3342 4294 3573 4356 dicens

491 4392 669 4466 quod
696 4394 761 4451 in
795 4395 1103 4453 omnibus
1139 4412 1341 4456 unum
1368 4397 1524 4470 sint,
1560 4396 1717 4472 quia
1751 4395 1866 4471 qui
1893 4395 2242 4454 maleficiis
2279 4395 2647 4470 intendunt,
2683 4412 2762 4454 ea
2795 4412 2916 4471 per
2945 4399 3372 4472 vagationem
3410 4401 3578 4459 mul-

491 4495 694 4554 toties
729 4496 859 4556 sibi
893 4499 1314 4574 contrahunt3
1350 4507 1417 4559 et
1451 4500 1654 4559 etiam
1704 4500 1887 4559 illam
1921 4499 2230 4558 societati
2266 4515 2428 4559 suae
2478 4499 2572 4558 ita
2606 4499 3037 4576 conjungunt,
3074 4502 3251 4577 quod
3294 4503 3378 4562 ab
3413 4503 3580 4562 invi-

490 4612 634 4657 cem
669 4602 967 4676 separari
1001 4619 1132 4661 non
1163 4606 1498 4678 poterunt,
1536 4605 1850 4680 quoniam
1883 4610 2170 4679 utroque
2204 4603 2369 4663 vitio
2403 4603 2588 4662 velut
2620 4605 3021 4664 naturaliter
3054 4608 3366 4681 occupati
3400 4613 3573 4668 sunt.

582 4700 688 4760 42.
724 4699 849 4762 Sed
883 4709 951 4762 et
986 4706 1206 4780 magni
1244 4706 1568 4781 strepitus
1617 4710 1968 4765 ventorum
2004 4706 2070 4764 in
2104 4721 2302 4764 aures
2352 4705 2568 4780 ipsius
2602 4711 2863 4781 sonant,
2901 4723 3070 4782 quos
3120 4708 3267 4784 ipsa
3300 4709 3582 4784 diligen-

567 4933 611 5000 ¹)
637 4933 764 4990 Noli
791 4935 1072 4994 citissimo
1097 4939 1260 4994 oculo
1295 4939 1579 5008 negligere
1604 4940 1756 4995 hunc
1783 4941 1990 5002 locum,
2084 4940 2385 4997 notaveris.
2419 4957 2475 4997 n.
2493 4945 2581 4997 21.
2610 4945 2659 4997 4.
2685 4973 2750 4982 --
2773 4944 3018 5000 dixerint
3048 4942 3114 4998 Α.
3139 4972 3198 4982 -
3217 4943 3260 5009 ²)
3289 4949 3575 5015 separatus

497 5017 557 5073 in
584 5035 697 5089 quo
721 5021 884 5079 docta
913 5022 1069 5091 virgo
1097 5023 1310 5080 sontem
1347 5025 1552 5080 veteris
1578 5025 1991 5097 philosophiae,
2081 5028 2277 5082 sumA.
2303 5058 2368 5068 -
2396 5026 2439 5096 ³)
2474 5030 2620 5101 quod
2645 5028 2915 5085 Diabolus
2936 5029 3004 5085 A.
3030 5060 3083 5068 —
3106 5028 3147 5096 ⁴)
3175 5030 3354 5084 cauda
3380 5026 3449 5090 A,
3479 5028 3569 5082 W.

492 5103 593 5158 ubi
633 5106 841 5177 sapuit,
881 5107 1149 5164 ostendit.
1196 5109 1348 5166 ldcm
1397 5111 1564 5182 paulo
1610 5128 1772 5184 sopra
1818 5110 1985 5168 facile
2084 5115 2127 5182 ⁵)
2154 5131 2289 5186 opus
2314 5118 2436 5185 ejus
2461 5113 2541 5170 sic
2569 5115 2639 5178 Α,
2669 5113 2760 5170 W.
