4036 6117
1343 518 1806 568 Bms'romaum
1857 521 2044 568 NOvA
2094 520 2339 568 sames.
3193 504 3322 565 579

301 638 536 715 spiri0,
574 655 655 701 ne
689 656 794 700 me
830 640 1115 700 vinculis
1148 641 1565 703 obedientiae
1601 644 1961 719 astringat;
2014 645 2465 720 compatiatur
2496 641 2910 716 necessitati,
2963 646 3029 701 et
3077 640 3398 701 miserea-

301 747 414 801 tur
446 743 884 804 desolationis
933 759 1184 806 earum:
1225 760 1327 805 me
1378 746 1596 805 solum
1633 748 1971 821 relictum,
2024 748 2138 823 qui
2173 747 2272 806 eis
2322 747 2388 807 in
2436 746 2811 806 ministerio
2863 744 3249 821 quotidiano
3285 742 3400 801 de-

307 848 658 921 servirem;
712 849 963 924 optime
1001 847 1338 908 universis
1386 849 1454 908 in
1489 864 1594 909 me
1643 851 2158 925 complacuisse;
2197 854 2575 925 propterea,
2613 863 2745 908 non
2787 862 2892 907 me
2941 846 3023 907 ad
3060 850 3397 906 reverten-

301 950 461 1009 dum
510 958 768 1026 urgeat,
820 951 1030 1011 donec
1066 952 1272 1011 alium
1321 953 1435 1028 qui
1483 954 1584 1013 eis
1619 955 1986 1029 praeesset,
2042 953 2434 1013 invenirent.
2484 952 2652 1023 Quid
2686 951 2917 1026 abbas,
2954 950 3161 1012 tantis
3197 950 3402 1008 inter-

302 1054 780 1129 pellationibus
814 1056 1159 1131 obsessuS,
1200 1055 1484 1117 faceret?
1518 1058 1747 1117 Victus
1781 1059 2056 1135 pietate,
2093 1057 2291 1133 cedit,
2327 1063 2396 1117 et
2428 1072 2534 1117 me
2567 1056 2661 1117 ibi
2696 1057 2762 1117 in
2798 1072 2998 1117 manu
3021 1054 3140 1116 Dei
3172 1054 3407 1116 dimis-

304 1176 406 1234 SO,
445 1159 752 1220 inefficax
787 1163 1169 1223 revertitur.
2307 1152 2315 1160 ⁸

395 1262 558 1324 XIII.
598 1264 1044 1341 Consequenti
1080 1272 1400 1341 tempore,
1438 1268 1646 1327 semel
1679 1273 1747 1328 et
1781 1266 2075 1328 secundo
2113 1268 2286 1329 infra
2318 1266 2650 1343 eumdem,
2704 1273 2776 1328 ut
2812 1268 3072 1342 opinor,
3123 1281 3394 1340 annum,

303 1370 497 1430 adest
528 1372 732 1431 etiam
763 1374 1121 1448 episcopus
1153 1379 1404 1448 noster,
1440 1373 1826 1434 Leodiensis
1873 1373 2210 1449 videlicet,
2259 1369 2303 1450 ¹)
2341 1374 2455 1450 qui
2507 1373 2574 1433 in
2606 1354 2893 1433 ecclesia
2941 1372 3324 1447 Maguntina
3360 1388 3400 1431 a

308 1474 516 1534 fratre
569 1475 780 1551 ipsius
812 1475 1131 1536 Dominae
1180 1476 1605 1552 Hildegardis
1640 1477 1850 1537 bonae
1894 1478 2257 1538 memoriae
2293 1476 2599 1552 Hugone,
2651 1483 2951 1547 cantore,
3002 1476 3087 1537 ab
3122 1474 3403 1535 infantia

301 1578 631 1639 educatus
680 1595 894 1656 usque
926 1579 1010 1639 ad
1058 1580 1451 1641 electionem
1502 1579 2118 1656 archipraesulatus
2151 1580 2453 1656 eJusdem
2486 1582 2836 1656 ecclesiae,
2875 1581 3187 1657 quamvis
3219 1579 3397 1640 obsi-

308 1687 526 1742 stente
562 1682 986 1760 imperatore,
1025 1683 1259 1744 sedere
1293 1700 1424 1744 non
1455 1684 1842 1759 obtinuerit,
1878 1683 2281 1760 profecerat,
2316 1689 2386 1744 et
2418 1684 2636 1744 eidem
2668 1684 2819 1760 piae
2852 1684 3057 1744 matri
3088 1683 3254 1744 adeo
3289 1681 3408 1742 de-

311 1791 512 1847 votus
546 1795 724 1864 erat,
775 1796 848 1850 ut
885 1791 951 1849 in
999 1791 1309 1851 omnibus
1343 1792 1407 1851 ei
1448 1791 1906 1852 obsecundare
1936 1797 2215 1868 paratus
2249 1796 2452 1851 esset.
2488 1790 2629 1851 Hoc
2661 1806 2843 1867 ergo,
2882 1796 2956 1851 ut
2988 1791 3244 1851 dictum
3278 1795 3407 1865 est,

306 1892 726 1968 adveniente,
756 1896 1130 1955 circumdat
1161 1911 1319 1975 eum
1347 1895 1595 1955 chorus
1629 1896 1988 1971 virginum,
2017 1903 2087 1956 et
2120 1895 2445 1970 magistra
2470 1894 2687 1971 primo
2724 1896 3211 1972 interpellante,
3250 1909 3406 1970 sup-

305 1996 576 2071 pliciter
621 2003 688 2057 et
729 1999 968 2059 obnixe
1001 2000 1085 2059 ab
1118 2000 1427 2060 omnibus
1461 2005 1799 2073 exoratur,
1837 2005 2169 2076 quatenus
2201 2000 2309 2059 vel
2344 1997 2563 2075 quoad
2601 2000 2742 2075 ipse
2781 2000 3102 2075 viverem,
3136 1998 3245 2059 vel
3280 1997 3413 2058 sal-

308 2106 444 2159 tem
494 2117 705 2177 usque
754 2103 834 2162 ad
870 2103 1128 2162 obitum
1171 2103 1386 2179 ipsius
1422 2104 1805 2179 magistrae,
1842 2104 1959 2179 qui
1986 2104 2127 2180 jam
2161 2103 2507 2162 imminere
2541 2103 2918 2178 videbatur,
2956 2102 3048 2162 ibi
3088 2117 3194 2162 me
3228 2117 3409 2161 com-

311 2206 560 2266 morari
603 2206 889 2282 juberet.
926 2207 1340 2283 Rogantque‚
1376 2212 1451 2266 ut
1484 2206 1541 2266 si
1576 2207 1798 2267 minus
1832 2208 2306 2268 blandimentis
2339 2206 2660 2283 efficeret,
2684 2207 2834 2284 ⁸iure
2869 2205 2933 2266 id
2968 2206 3405 2284 praelationis

310 2309 626 2383 exigeret.
663 2311 985 2372 Convenit
1030 2326 1133 2371 me
1180 2311 1399 2371 solum
1432 2326 1637 2387 super
1667 2311 1795 2372 hoc
1827 2312 2211 2387 episcopuS,
2249 2310 2369 2372 sed
2402 2311 2609 2371 nullis
2641 2311 3000 2372 verborum
3038 2310 3405 2372 involucris

312 2412 773 2474 circumvenit.
807 2414 943 2490 Ego
979 2416 1155 2474 enim
1188 2430 1516 2491 nusquam
1554 2414 1685 2475 nisi
1721 2415 1786 2474 in
1819 2415 2103 2476 concilio
2137 2422 2204 2475 et
2240 2416 2779 2491 congregatione,
2816 2431 2947 2475 non
2984 2413 3408 2487 feminarum,

313 2517 433 2577 sed
469 2520 766 2580 virorum
816 2518 911 2599 (et
945 2520 1200 2580 utinam
1245 2518 1648 2599 justoruml)
1685 2521 1918 2596 vitam,
1953 2520 2087 2580 Deo
2117 2520 2414 2596 juvante,
2453 2522 2815 2582 terminare
2849 2520 3177 2597 disposui.

405 2624 562 2684 XIV.
614 2624 915 2701 Cumque
949 2628 1259 2685 neutrum
1311 2625 1808 2702 praedictorum
1844 2625 2018 2701 apud
2070 2640 2173 2684 me
2221 2626 2493 2700 praesul
2544 2627 2905 2703 impetrare
2953 2627 3235 2701 valeret,
3286 2640 3409 2701 ego

313 2726 503 2787 nefas
552 2734 619 2788 et
677 2729 1055 2803 improbum
1104 2729 1357 2789 ducens
1409 2730 1598 2789 illum
1651 2745 1805 2789 cum
1854 2728 2225 2790 suffusione
2273 2729 2645 2806 dimittere,
2696 2746 2914 2808 neque
2961 2731 3025 2791 ei
3070 2730 3133 2790 in
3184 2729 3411 2806 aliquo

316 2846 444 2890 non
480 2846 749 2905 parere,
802 2848 1043 2891 annum
1084 2832 1417 2909 integrum
1469 2848 1572 2892 me
1610 2832 1730 2907 ibi,
1786 2848 1992 2892 causa
2024 2833 2143 2892 Dei
2191 2836 2258 2893 et
2292 2839 2601 2909 respectu
2635 2833 2899 2908 imperii
2932 2833 3109 2909 eine,
3138 2836 3415 2902 ,exactu-

317 2951 497 3008 rum,
552 2936 610 2994 si
644 2942 990 3011 gratanter
1041 2939 1399 3015 acciperet,
1437 2939 1794 3015 spopondi,
1845 2954 2086 2998 verens
2120 2955 2203 2998 ne
2252 2939 2609 3015 aliquando
2646 2955 2774 3014 me,
2811 2940 2869 3000 si
2904 2940 3172 3000 occasio
3209 2954 3282 2999 se
3317 2938 3416 2998 of-

323 3040 548 3116 ferret,
604 3041 1090 3103 inobedientiae
1126 3049 1192 3104 et
1239 3044 1712 3105 obstinationis
1745 3044 1963 3120 elogio
2014 3045 2430 3120 suggillaret.
2479 3042 2783 3105 Sciebam
2817 3045 2992 3105 enim
3029 3060 3180 3104 eum
3216 3041 3412 3104 Dom-

319 3161 470 3206 nam
523 3145 693 3206 hanc
741 3147 1172 3208 vehementer
1218 3149 1526 3208 venerari
1560 3153 1629 3207 et
1661 3148 1964 3223 diligere,
2000 3154 2068 3207 et
2100 3149 2280 3208 votis
2318 3148 2531 3224 ipsius
2580 3149 2723 3208 sine
2759 3147 3206 3224 refragatione
3243 3148 3414 3208 velle

320 3251 738 3313 satisfacere.
791 3251 1129 3313 Reversus
1164 3269 1390 3314 coram
1440 3253 1540 3313 eis
1574 3253 1958 3329 episcopuS,
2011 3252 2219 3313 refert
2267 3253 2427 3329 quid
2474 3252 2804 3328 effecerit,
2856 3253 3109 3314 addens
3143 3253 3321 3330 quod
3356 3255 3414 3313 si

324 3352 408 3414 ad
442 3355 987 3426 commorandum
1014 3353 1064 3435 ²)
1101 3357 1200 3416 eis
1234 3357 1496 3417 animus
1543 3372 1733 3416 meus
1781 3356 2180 3434 quandoque
2228 3356 2643 3431 flecteretur,
2695 3357 2853 3435 quia
2903 3358 3100 3418 homo
3140 3358 3267 3417 sub
3300 3374 3416 3434 po-

325 3461 570 3518 testate
619 3460 1048 3522 constitutuS.
1087 3461 1214 3520 hoc
1262 3477 1391 3521 non
1424 3477 1720 3538 possem,
1773 3461 1914 3536 ipse
1947 3476 2069 3537 per
2117 3477 2220 3521 me
2255 3461 2339 3521 ab
2386 3462 2629 3521 abbate
2670 3454 2834 3520 mihi
2869 3461 3207 3522 licentiam
3243 3461 3417 3522 acci-

325 3569 535 3638 peret,
571 3569 637 3622 et
673 3564 924 3639 scripto
961 3563 1278 3625 firmaret.
1315 3563 1440 3624 Sed
1475 3580 1580 3624 me
1614 3564 1780 3625 nibil
1814 3564 2051 3625 horum
2090 3570 2444 3635 annuente,
2481 3564 2769 3640 digressi
2805 3580 3061 3625 sumus,

412 3669 536 3729 XV.
573 3669 895 3730 Similiter
926 3671 1131 3731 etiam
1168 3672 1585 3732 Coloniensis
1634 3670 2190 3747 archiepiscopus
2221 3669 2517 3731 Domnus
2564 3671 2937 3748 PhilippuS,
2973 3672 3080 3733 vir
3115 3673 3416 3748 magnifi-

328 3792 480 3842 cus,
532 3778 647 3851 qui
681 3792 943 3836 summa
975 3777 1039 3836 ei
1086 3777 1439 3839 devotione
1470 3782 1538 3836 et
1587 3778 1962 3837 reverentia
1997 3777 2326 3837 obnoxius
2374 3781 2659 3854 tenetur,
2696 3793 2979 3853 eamque
3012 3778 3286 3854 saepius
3319 3777 3418 3838 vi-

328 3880 515 3954 sitat,
567 3884 633 3940 et
666 3897 771 3941 me
819 3896 1108 3957 quoque,
1144 3881 1302 3941 licet
1351 3882 1781 3957 immeritum,
1833 3897 1964 3942 non
1998 3898 2235 3957 parum
2280 3880 2532 3957 diligit,
2587 3882 2796 3942 multa
2841 3882 3231 3942 fortitudine
3265 3879 3420 3944 co'n-

332 3984 609 4044 tendcns
659 4000 952 4059 mecum,
1006 3984 1482 4060 magnitudinis
1533 4001 1695 4045 suae
1744 3986 1918 4045 mole
1969 4000 2072 4044 me
2121 3986 2387 4060 premit,
2440 3991 2508 4044 et
2557 3982 2890 4061 frequenti
2940 3984 3418 4045 ammonitione

332 4086 415 4146 ad
451 4087 574 4144 hoc
625 4087 844 4162 ipsum
879 4087 1210 4147 adducere
1257 4090 1544 4162 tentanS,
1581 4103 1703 4148 nec
1735 4089 1965 4147 valens
1999 4087 2339 4162 evincere,
2375 4087 2604 4147 nescio
2639 4102 2771 4162 quo
2808 4090 3029 4147 tamen
3062 4094 3257 4162 pacto
3292 4104 3414 4164 pro

335 4190 743 4264 benignitate
793 4191 922 4251 sibi
974 4191 1198 4265 insita,
1249 4196 1317 4249 et
1349 4191 1695 4250 blanditiis
1744 4195 1809 4250 et
1845 4189 2248 4250 auctoritate
2297 4188 2562 4248 consilii
2611 4188 2714 4248 sui
2763 4189 3116 4250 astrictum
3153 4207 3258 4250 me
3306 4193 3417 4253 hic

333 4295 679 4370 hucusque
726 4294 1038 4355 detinuit.
1074 4294 1240 4366 Quid
1292 4309 1655 4353 memorem
1690 4292 1991 4366 abbateS,
2045 4292 2204 4368 quid
2241 4292 2414 4352 altas
2457 4297 2524 4352 et
2556 4292 2815 4366 amplas
2850 4298 2914 4352 et
2949 4292 3176 4368 aliqua
3206 4293 3421 4370 digni—

337 4401 472 4460 tate
501 4400 818 4475 insigneS,
855 4400 1211 4474 religiosas
1245 4404 1313 4458 et
1346 4398 1767 4472 saeculareS,
1804 4411 1976 4474 quae
2011 4396 2089 4456 ad
2128 4412 2274 4456 eam
2306 4390 2355 4475 ⁸)
2384 4395 2676 4471 undique
2714 4396 3072 4471 confluunt,
3101 4412 3422 4473 personas

339 4504 758 4563 recenseam?
805 4505 984 4576 Quae
1017 4505 1162 4580 ejus
1213 4504 1531 4563 instinctu
1580 4502 1982 4576 concitatae,
2035 4501 2116 4561 ad
2159 4501 2672 4562 cohabitandum
2724 4502 2784 4560 ei
2819 4516 2924 4562 me
2969 4516 3135 4576 pene
3171 4501 3424 4579 jngiter

338 4616 581 4686 urgent
628 4612 695 4671 et
746 4616 1127 4686 provocant.
1178 4611 1357 4670 Istae
1414 4611 1604 4681 sunt,
1660 4606 1868 4667 frater
1922 4608 2358 4677 charissime,
2415 4607 2582 4666 istae
2632 4611 2865 4681 turpes
2912 4610 2979 4667 et
3027 4606 3415 4684 indecorae,

341 4715 722 4774 indecentes
772 4721 839 4773 et
875 4715 1288 4786 inhonestae,
1328 4714 1400 4773 ut
1433 4712 1713 4772 subdole
1747 4711 2023 4787 fingunt,
2054 4727 2300 4772 causae
2335 4727 2505 4788 quae
2542 4727 2645 4771 me
2680 4710 2761 4770 ad
2797 4711 2968 4772 hanc
2999 4709 3318 4771 Domnam
3352 4720 3421 4775 et

337 4815 776 4890 adduxerunt,
812 4823 880 4876 et
911 4833 1061 4875 cum
1095 4832 1173 4875 ea
1210 4816 1533 4876 remorari
1570 4814 1977 4889 compellunt
2010 4809 2128 4892 ⁴)...

416 5018 460 5084 ¹)
490 5016 724 5073 Leodiae
751 5017 898 5074 sedit
934 5017 1268 5089 Radulphus
1305 5033 1353 5073 a.
1402 5020 1724 5074 1167·1191.
1768 5046 1836 5055 —
1923 5014 2235 5071 Guibertus
2269 5016 2563 5072 invehitur
2588 5017 2852 5072 adversus
2879 5031 3010 5071 suos
3047 5014 3412 5081 detractores.

343 5107 391 5170 2)
427 5106 853 5161 commvemlum
888 5104 1222 5174 apographa.
1265 5134 1335 5143 —
1371 5102 1415 5167 ³)
1453 5106 1554 5176 qui
1588 5104 1664 5157 ad
1699 5119 1831 5157 eam.
1924 5117 2068 5171 quae
2093 5103 2274 5158 satius
2299 5109 2419 5158 erat
2447 5102 2658 5158 intacta
2680 5102 2741 5157 in
2762 5100 2953 5158 codice
2980 5099 3320 5168 relinquere.
3346 5108 3411 5160 ut

349 5189 487 5247 ibid.
522 5221 590 5230 —
618 5189 660 5257 ⁴)
691 5187 822 5243 {nde
849 5204 946 5259 per
979 5190 1190 5259 amplas
1225 5194 1282 5242 et
1308 5186 1580 5259 plurimas
1608 5185 1839 5257 paginas
1926 5187 2036 5242 alia
2065 5204 2173 5243 non
2201 5204 2394 5260 pai-”z
