4036 6117
1634 522 2106 568 ErisroLAe.
3214 501 3344 561 425

310 655 452 718 qua
472 632 528 720 ¹)
563 643 631 701 et
665 640 973 701 inimicos
1021 638 1174 700 odio
1211 638 1464 710 haberi,
1518 645 1583 698 et
1618 641 1801 716 quali
1852 641 2004 716 quis
2042 639 2335 699 laesione
2371 638 2655 699 affectus
2693 638 2917 713 fuerit,
2972 638 3174 697 talem
3208 644 3275 697 et
3312 654 3413 696 re-

311 744 606 822 pendere
639 745 1072 822 permittitur,
1109 760 1345 819 grossa
1382 747 1495 804 illa
1529 754 1909 821 praecepta,
1949 747 2229 804 scilicet:
2268 746 2413 806 Non
2449 746 2723 818 occides,
2760 763 2893 805 reon
2939 744 3406 820 moechaberis,

316 868 449 910 non
480 853 744 928 furtum
775 853 1002 928 facies,
1029 848 1080 926 ²)
1118 852 1184 909 et
1217 856 1481 909 caetera
1521 850 1583 909 id
1620 866 1851 925 geum,
1889 866 2060 926 quae
2096 851 2433 924 spirituali
2469 866 2589 926 pro
2625 852 2853 927 parvis
2887 851 3244 925 ducuntur,
3273 852 3410 911 alto

320 962 637 1030 suspectu
675 954 1195 1028 transgredienS,
1231 949 1279 1031 ³)
1316 953 1399 1012 ad
1438 953 1635 1013 fortia
1669 960 1735 1013 et
1770 955 2085 1012 sublimia
2134 955 2282 1013 Filii
2319 954 2433 1013 Dei
2471 955 2899 1029 evangelicae
2934 956 3402 1031 perfectioniS,

317 1077 489 1138 quae
525 1062 588 1119 in
623 1063 903 1135 spiritus
942 1061 1248 1118 libertate
1283 1059 1722 1132 complentur,
1761 1060 2065 1131 consilia,
2096 1059 2376 1118 devotus
2404 1067 2469 1117 et
2501 1060 2771 1118 humilis
2807 1068 3146 1132 executor,
3176 1077 3407 1120 ascen-

315 1167 460 1226 das:
497 1167 743 1241 quibus
777 1166 970 1224 nobis
1001 1161 1047 1234 ⁴)
1083 1164 1274 1221 Jesus
1313 1162 1621 1221 Christus
1659 1165 1968 1238 proponit
2001 1169 2069 1221 et
2105 1170 2325 1222 monet
2373 1164 2679 1222 inimicos
2714 1165 3016 1238 diligere,
3054 1181 3250 1223 orare
3285 1180 3407 1239 pro

314 1271 896 1347 persequentibus,
934 1268 1476 1343 delinquentibus
1516 1268 1577 1325 in
1612 1285 1732 1326 nos
1770 1284 1847 1325 ex
1884 1268 2084 1326 corde
2124 1269 2487 1340 remittere,
2526 1284 2655 1327 non
2693 1271 3011 1327 resistere
3048 1270 3247 1340 malo,
3288 1270 3407 1329 sed

317 1376 619 1435 caedenti
655 1375 932 1433 alteram
971 1373 1248 1431 alteram
1285 1370 1605 1447 praebere
1653 1372 2013 1443 maxillam,
2067 1371 2395 1431 auferenti
2434 1373 2729 1430 tunicam
2778 1379 2845 1432 ct
2880 1374 3154 1446 pallium
3189 1374 3412 1433 dimit-

318 1483 481 1552 tere,
517 1492 688 1553 quae
736 1477 928 1535 nobis
979 1475 1268 1550 impendi
1319 1475 1605 1533 velimus
1655 1474 1809 1532 aliis
1861 1474 2265 1547 impendere,
2317 1490 2437 1532 nec
2496 1476 2712 1534 solum
2761 1475 3150 1535 divitiarum
3198 1476 3414 1534 censi-

317 1583 466 1653 buS,
504 1581 619 1639 sed
654 1587 719 1639 et
755 1581 1278 1655 propinquorum
1316 1578 1664 1638 affectibus
1701 1581 2107 1652 renuntiare,
2148 1596 2266 1638 nec
2305 1581 2368 1638 in
2405 1586 2606 1644 terra,
2663 1581 2777 1638 sed
2819 1583 2881 1639 in
2916 1583 3102 1640 coelo
3138 1581 3409 1640 thesau-

321 1686 560 1754 rizare,
599 1690 1086 1759 paupertatem,
1140 1684 1739 1755 mansuetudinem,
1788 1684 2105 1756 esuriem,
2158 1685 2263 1741 vel
2321 1684 2500 1742 sitim
2559 1685 2863 1758 justitiae
2911 1701 3042 1744 non
3097 1684 3415 1744 abborre-

313 1809 414 1866 re,
452 1792 977 1869 persecutioneS,
1032 1790 1335 1865 injuriaS,
1373 1790 1878 1849 maledictiones
1928 1791 2262 1866 patienter
2311 1791 2665 1849 sustinere.
2718 1789 2816 1850 Ad
2851 1806 3022 1866 quae
3078 1792 3409 1865 quatenus

316 1896 639 1971 possibile
673 1901 776 1954 est
811 1894 1147 1967 sectanda,
1187 1895 1244 1953 si
1282 1893 1577 1953 studium
1614 1894 1869 1952 strenui
1905 1893 2129 1953 cordis
2164 1900 2230 1952 et
2266 1894 2491 1968 operis
2525 1897 2947 1969 apposueris,
3002 1896 3067 1954 in
3101 1911 3411 1970 praesen-

316 2000 367 2057 ti
403 1997 883 2074 perfectionem
918 2013 1035 2056 seu
1071 1998 1549 2072 benignitatem
1588 1996 1902 2055 coelestis
1935 1996 2158 2055 Patris
2195 1996 2539 2071 imitand0,
2571 2005 2882 2058 aeternae
2917 2001 3166 2075 quietis
3201 2000 3411 2060 beati-

319 2102 617 2160 tudinem
657 2101 722 2159 in
757 2099 980 2161 futuro
1017 2101 1373 2158 obtinebis

1764 2325 1951 2385 XVII.

407 2536 486 2595 Et
518 2536 831 2612 quoniam
882 2533 1119 2592 horum
1169 2534 1415 2609 aliqua,
1470 2533 1720 2592 Christi
1775 2534 2037 2594 favente
2086 2535 2325 2610 gratia,
2374 2537 2510 2611 J'am
2562 2543 2772 2612 teneS,
2827 2545 3054 2615 utpote
3100 2542 3258 2618 quia
3292 2559 3407 2601 au-

313 2639 507 2698 diens
541 2654 694 2697 eum
742 2638 1092 2697 dicentem:
1148 2638 1272 2708 Qui
1321 2654 1454 2694 non
1502 2641 1850 2696 renuntiat
1901 2636 2198 2696 omnibus
2247 2658 2413 2715 quae
2455 2641 2770 2716 possidet,
2808 2660 2940 2700 non
2976 2649 3192 2718 potest
3226 2663 3408 2704 meus

310 2764 457 2803 esse
492 2744 888 2820 discipulus;
939 2750 1000 2801 et
1050 2744 1162 2819 qui
1216 2741 1351 2798 vult
1403 2744 1626 2798 venire
1675 2749 1816 2816 post
1853 2760 1978 2812 me,
2025 2741 2289 2816 abneyet
2329 2746 2777 2820 semetipsum,
2816 2756 2878 2803 et
2916 2749 3104 2806 tollat
3140 2769 3403 2810 crucem

316 2865 529 2919 suam,
566 2854 628 2904 et
665 2854 978 2922 sequatur
1025 2863 1151 2916 me,
1187 2839 1234 2920 6’)
1284 2844 1930 2903 abrenuntiationem
1983 2846 2433 2904 saecularium
2482 2849 2549 2906 et
2598 2849 3182 2911 mortificationem
3224 2854 3412 2912 volu-

317 2958 577 3027 ptatum
616 2952 742 3011 sub
778 2952 1155 3010 humilitate
1194 2949 1547 3008 monastici
1584 2948 1854 3007 habitus
1889 2950 2191 3008 ostendis
2228 2951 2527 3025 provide,
2565 2958 2638 3011 ut
2673 2969 2899 3012 coram
2925 2955 3057 3014 Deo
3096 2963 3163 3016 et
3199 2958 3411 3017 homi-

317 3057 515 3117 nibus
565 3055 730 3115 haec
762 3063 831 3114 et
878 3062 1147 3113 caetera
1195 3058 1309 3112 tua
1360 3054 1583 3111 omnia
1634 3053 1700 3111 in
1749 3052 2182 3127 simplicitate
2232 3054 2572 3130 puritatis,
2628 3055 2694 3115 in
2743 3056 3006 3119 fervore
3054 3060 3409 3123 charitatis

322 3161 500 3220 fiant.
552 3160 683 3219 Nec
733 3174 1025 3232 unquam
1066 3156 1172 3216 vel
1224 3171 1492 3215 manum
1541 3155 1623 3214 ab
1673 3161 1897 3214 aratro
1947 3154 2214 3214 divinae
2263 3172 2577 3216 amoveas
2613 3160 2984 3234 servitutiS,
3035 3164 3142 3221 vel
3177 3164 3410 3223 oculos

321 3272 476 3341 post
510 3271 771 3339 tergum
821 3263 901 3322 ad
949 3262 1229 3320 dimissa
1281 3260 1581 3318 reducas,
1620 3258 1745 3318 Sed
1796 3265 1867 3318 ut
1902 3259 1996 3317 ait
2044 3259 2431 3335 Apostolus,
2477 3280 2555 3320 ea
2586 3280 2751 3338 quae
2788 3272 2943 3322 sunt
2977 3275 3156 3324 retro
3190 3266 3413 3326 oblivi-

321 3388 530 3443 seem,
582 3375 643 3426 et
693 3371 765 3427 in
814 3369 1156 3425 anteriora
1198 3371 1259 3424 te
1311 3383 1571 3441 semper
1618 3364 2012 3436 extendam,
2047 3358 2096 3440 ⁶)
2149 3363 2232 3422 ab
2283 3363 2389 3422 his
2442 3365 2508 3424 in
2553 3382 2725 3441 quae
2776 3369 3167 3443 pervenisti,
3221 3372 3287 3430 in
3330 3390 3409 3433 ea

319 3490 491 3549 quae
527 3473 817 3531 nondum
864 3468 1386 3545 apprehendisti,
1439 3469 1547 3544 pia
1596 3467 1917 3526 aviditate
1969 3466 2233 3527 festina.
2273 3467 2571 3544 Cumque
2619 3485 2738 3545 per
2772 3472 3096 3533 auxilium
3131 3479 3404 3551 superni

324 3585 669 3656 respectus
704 3577 957 3653 aliquid
993 3583 1058 3635 te
1092 3575 1461 3651 profecisse
1497 3575 1816 3647 senseris,
1854 3573 2092 3634 humili
2129 3573 2482 3635 devotione
2518 3576 2581 3635 id
2631 3577 2938 3653 largitori
2974 3596 3239 3657 arroga,
3275 3600 3406 3645 non

320 3683 467 3756 tibi3
504 3689 571 3742 et
605 3683 669 3741 in
702 3683 953 3741 incerto
988 3695 1213 3739 rerum
1246 3686 1508 3747 eventu,
1549 3693 1912 3754 numquam
1946 3678 2067 3737 tibi
2103 3677 2184 3737 de
2219 3678 2460 3738 fiducia
2510 3682 2901 3741 securitatis
2949 3683 3168 3759 inepte
3219 3686 3405 3746 blan-

324 3787 558 3860 diariS,
595 3802 676 3845 ne
708 3786 865 3844 dum
892 3792 957 3843 te
986 3784 1243 3844 firmius
1278 3786 1458 3842 stare
1492 3774 2118 3867 [praesumpseris]
2157 3782 2637 3842 miserabiliter
2670 3784 2962 3845 decidas:
2993 3787 3150 3861 quia
3178 3804 3412 3865 super-

325 3894 484 3954 bum
533 3898 659 3964 est,
711 3892 792 3951 de
841 3908 971 3951 non
1018 3890 1334 3967 peccandi
1387 3889 1704 3949 facultate
1752 3905 2209 3965 praesumere3
2268 3895 2336 3949 et
2380 3889 2696 3950 facillime
2744 3893 3057 3968 vincitur,
3108 3897 3224 3971 qui
3272 3898 3416 3957 vin-

325 3998 388 4056 ci
435 4013 565 4057 non
613 4002 902 4055 veretur.
953 3994 1098 4054 Noli
1147 4009 1306 4069 ergo
1359 3992 1682 4052 aemulari
1733 3993 1800 4052 in
1845 3993 1968 4068 εἰς,
2022 3993 2137 4068 qui
2184 4000 2669 4068 prosperantur
2719 3995 2784 4053 in
2818 3997 2945 4056 viis
2980 3998 3146 4071 suiS,
3200 4001 3315 4076 qui
3349 4009 3415 4061 et

329 4099 667 4160 confidunt
715 4100 781 4159 in
828 4100 1078 4158 virtute
1127 4114 1272 4170 sua,
1323 4103 1390 4157 et
1436 4097 1683 4157 dicunt:
1740 4097 1976 4158 Manus
2024 4104 2252 4156 nostra
2300 4098 2585 4173 excelsa,
2635 4105 2697 4157 et
2732 4117 2866 4159 non
2901 4101 3222 4164 Dominus
3255 4107 3413 4182 fecit

317 4212 485 4269 haec
516 4209 757 4267 omnia.
787 4205 837 4285 ⁷)
888 4205 1013 4265 Sed
1063 4204 1401 4264 aemulare
1449 4208 1836 4262 sanctorum
1887 4201 2280 4263 aviditatem
2328 4209 2395 4262 et
2424 4203 2782 4279 justitiam:
2829 4205 3221 4268 aviditatem
3270 4212 3417 4286 qui-

326 4315 500 4387 dem,
538 4317 610 4373 ut
641 4314 724 4373 ad
765 4328 1147 4372 mensuram
1182 4309 1689 4369 consuetudinis
1723 4314 1879 4367 tuae
1912 4309 2105 4368 novis
2140 4309 2441 4384 quotidie
2476 4310 2730 4385 aliquid
2768 4326 3068 4386 apponas
3102 4328 3417 4390 augmen-

329 4420 442 4493 tis,
494 4421 715 4479 sciens
763 4419 889 4478 hoc
936 4417 1112 4493 quod
1162 4431 1355 4475 nemo
1406 4420 1540 4473 tam
1593 4412 1930 4488 perfectus
1978 4418 2047 4471 et
2082 4418 2354 4471 sanctus
2390 4416 2516 4487 est,
2571 4419 2643 4472 ut
2689 4413 3055 4489 perfectior
3100 4432 3253 4477 esse
3287 4437 3421 4481 nou

325 4528 543 4603 possit
574 4532 642 4587 et
676 4527 991 4586 sanctior:
1027 4532 1093 4585 et
1143 4526 1318 4584 sicut
1366 4524 1587 4597 potest
1635 4520 1882 4580 habere
1931 4536 2062 4595 quo
2099 4519 2373 4587 recidat,
2412 4521 2504 4580 ita
2539 4525 2764 4597 potest
2813 4522 3061 4583 habere
3096 4542 3226 4601 quo
3262 4542 3407 4588 cre-

330 4639 496 4707 scat3
541 4631 874 4707 justitiam
913 4646 1099 4698 vero,
1151 4636 1226 4688 ut
1256 4628 1460 4688 etiam
1512 4628 1681 4685 inter
1717 4639 1954 4698 magna
2003 4624 2332 4683 virtutum
2380 4626 2698 4685 exercitia
2747 4642 3083 4703 nunquam
3128 4636 3192 4688 te
3226 4645 3418 4705 prae-

335 4752 564 4796 sumas
613 4750 763 4794 esse
812 4732 1205 4809 perfectum,
1258 4747 1338 4790 ne
1382 4733 1558 4790 sicut
1591 4730 1828 4788 beatus
1865 4733 2108 4800 monet,
2143 4722 2191 4806 ⁸)
2244 4728 2437 4803 cujus
2472 4728 2581 4787 hic
2616 4731 2839 4806 aliqua
2874 4747 3034 4807 prae
3071 4741 3422 4794 venustate

406 4906 451 4965 ¹)
477 4924 644 4981 quam
667 4902 788 4961 cod.
821 4934 886 4944 ·-
916 4904 962 4967 ²)
987 4901 1162 4957 Exod.
1193 4901 1325 4963 XX,
1356 4904 1441 4957 U.
1473 4915 1594 4970 sqq,
1624 4898 1832 4955 matth,
1928 4901 1972 4964 ⁵)
1998 4898 2207 4955 Matth.
2233 4898 2393 4960 XVI.
2421 4902 2509 4956 2⁴.
2534 4930 2601 4940 ——
2627 4900 2673 4964 θ)
2699 4899 2848 4956 Phil.
2872 4900 2979 4963 m.
3012 4905 3095 4957 ¹3.
3120 4904 3250 4969 --⁷)
3276 4904 3421 4959 Deu-

338 4991 415 5055 V,
441 4996 529 5047 27.
561 5022 626 5033 —
652 4990 696 5055 ⁸)
733 4992 848 5048 alto
883 4992 1177 5062 subjectum
1206 4991 1609 5062 transm-edim
1646 4987 1839 5058 inepte
1931 4993 2035 5045 ter.
2063 4986 2313 5051 xxxii,
2341 4992 2427 5043 27.
2459 5019 2526 5028 —
2563 4987 2607 5053 8)
2633 4988 2776 5054 Quis
2802 4988 2880 5043 sit
2908 4988 3005 5043 ille
3037 4990 3222 5044 beatus
3257 4998 3421 5045 venn-

338 5077 464 5133 cod.
505 5092 673 5148 quem
699 5078 867 5133 aliter
890 5077 1036 5134 alius
1075 5077 1477 5133 emendaverit.
1510 5107 1577 5117 -—·
1603 5075 1647 5139 ⁴)
1688 5074 1725 5131 f.
1760 5091 1843 5131 re-
1929 5083 2062 5137 stus.
2089 5090 2359 5145 quaerere
2385 5089 2497 5128 non
2526 5079 2703 5128 vacat.
2735 5071 3066 5141 Gregoriani
3102 5073 3317 5144 aliquid
3346 5075 3424 5130 le—

339 5162 492 5216 ctius
517 5163 831 5234 quaenobis
849 5161 901 5216 J.
925 5162 984 5217 C.
992 5168 1255 5235 proponit
1274 5169 1322 5218 et
1347 5164 1545 5233 quibus
1570 5169 1760 5224 monet,
1779 5191 1845 5202 —
1933 5159 2088 5232 poris
2117 5158 2352 5213 fortasse
2381 5156 2717 5212 insonuerit.

3188 5259 3229 5296 α
