4036 6117
1721 514 2181 561 EmsroLAE.
3286 504 3415 564 353

493 636 655 695 Cum
703 635 879 694 enim
911 634 1088 696 Deus
1138 636 1469 696 hominem
1520 638 1907 713 plasmaret,
1958 638 2274 698 cadentes
2317 640 2532 712 angeli
2580 655 2729 698 cum
2767 638 2988 698 fallaci
3023 639 3330 714 opinione
3367 637 3483 698 ho-

403 740 643 798 minem
679 738 1005 815 adierunt,
1044 742 1219 800 sicut
1253 750 1316 800 el.
1357 743 1479 815 ipsi
1522 741 1794 802 fallaces
1845 748 2056 818 erant,
2096 747 2162 804 et
2197 745 2294 802 sic
2332 744 2524 802 homo
2564 745 2867 804 mortalis
2906 744 3121 803 factus
3153 749 3277 803 est.

1892 963 1989 1035 II.

483 1202 662 1261 Tunc
708 1200 884 1259 Deus
923 1201 988 1260 in
1036 1201 1199 1262 Abel
1247 1203 1551 1278 planetas
1601 1204 1954 1280 praeviiit,
2009 1206 2121 1280 qui
2162 1221 2313 1264 cum
2366 1206 2510 1282 ipso
2561 1207 3019 1280 perstiterunt:
3070 1200 3114 1283 ¹)
3152 1205 3326 1283 quod
3376 1212 3482 1265 est

397 1306 544 1367 laus
594 1310 978 1384 angelorum
1016 1315 1083 1368 et
1133 1309 1495 1385 hominum;
1547 1319 1613 1371 et
1651 1314 1715 1373 in
1752 1314 1892 1390 ipso
1945 1311 2447 1372 fundamentum
2493 1309 2933 1373 sacerdotalis
2983 1312 3185 1373 officii
3219 1316 3286 1374 et
3318 1319 3482 1373 tem-

395 1413 489 1488 pli
537 1412 642 1471 sui
692 1412 939 1488 posuit,
978 1415 1388 1489 quapropter
1435 1420 1503 1472 et
1539 1431 1720 1473 mors
1771 1416 1960 1475 illum
1995 1414 2063 1474 in
2110 1431 2389 1490 corpore
2438 1416 2704 1489 occidit;
2759 1416 2876 1476 sed
2924 1415 3005 1475 de
3053 1417 3217 1476 Abel
3267 1431 3481 1492 usque

392 1516 473 1576 ad
511 1515 696 1587 haec,
734 1531 965 1576 omnes
1004 1516 1123 1575 filii
1161 1516 1502 1576 hominnm
1543 1519 1734 1593 quasi
1772 1519 1884 1580 lac,
1911 1524 2252 1588 sugenteS,
2292 1519 2353 1577 in
2391 1525 2572 1578 recta
2608 1519 2887 1577 scientia
2922 1518 3397 1578 dormitabant.

478 1622 615 1682 Noe
649 1625 870 1681 autem
907 1638 1133 1681 arcam
1161 1612 1461 1696 jussione
1499 1624 1611 1681 Dei
1647 1623 2052 1692 aedificavit,
2091 1625 2154 1683 in
2182 1641 2312 1699 qua
2346 1624 2520 1683 Deus
2555 1623 3034 1697 praesignavit,
3064 1622 3239 1698 quod
3267 1621 3477 1681 homi-

391 1743 539 1787 nem
575 1729 640 1787 in
674 1733 936 1803 partem
970 1729 1188 1787 laudis
1225 1744 1409 1804 suae,
1447 1730 2006 1805 quemadmodum
2042 1732 2338 1810 angelos,
2377 1737 2786 1789 servaverat.

479 1833 816 1894 Abraham
864 1849 1024 1894 vero
1063 1850 1376 1910 magnum
1426 1843 1626 1910 caput
1673 1835 2091 1896 obedientiae
2142 1836 2289 1912 fuit,
2337 1852 2507 1913 quae
2557 1838 2803 1896 collum
2839 1836 3097 1912 antiqui
3146 1837 3479 1911 serpentis

387 1955 508 2016 per
540 1940 1122 2000 circumcisionem
1153 1941 1555 2015 vulneravit;
1592 1957 1712 2017 per
1745 1958 1939 2018 quem
1989 1941 2166 2001 Deus
2204 1941 2421 2017 ipsum
2458 1939 2781 2014 confudit,
2820 1940 2977 2015 quia
3013 1939 3265 1998 homini
3299 1955 3478 1997 moe-

388 2048 607 2108 chiam
660 2048 1012 2109 infuderat:
1066 2064 1268 2124 quam
1302 2048 1505 2123 Virgo
1541 2048 1881 2123 contrivit,
1933 2046 2198 2124 quando
2232 2048 2620 2107 unicornem
2670 2047 2736 2106 in
2774 2046 2990 2106 sinum
3030 2063 3225 2105 suum
3275 2045 3478 2105 collo-

390 2152 592 2227 cavit,
626 2151 676 2230 2>
713 2153 826 2228 qui
862 2169 983 2229 per
1019 2153 1367 2228 antiquum
1404 2154 1752 2213 consilium
1793 2154 1856 2211 in
1893 2159 2082 2212 utero
2117 2152 2410 2226 Virginis
2446 2168 2715 2211 carnem
2752 2150 2985 2211 induit.

478 2255 738 2330 Moyses
795 2271 1059 2332 quoque
1108 2256 1348 2330 Legem
1406 2258 1716 2332 scripsit,
1778 2273 1979 2331 quam
2030 2256 2408 2315 obedientia
2454 2272 2574 2331 per
2622 2255 3203 2315 mortificationem
3252 2255 3477 2314 carnis

390 2362 700 2437 ostendit,
741 2363 806 2421 in
839 2380 969 2439 qua
1005 2363 1319 2423 seductor
1360 2363 1472 2439 qui
1511 2363 1726 2439 ipsam
1757 2364 2159 2436 vulneravit,
2212 2362 2534 2422 confusus
2569 2369 2696 2437 est,
2748 2368 2814 2422 et
2848 2363 2995 2439 ejus
3038 2362 3363 2422 dolositas
3413 2362 3481 2421 in

390 2484 522 2545 qua
557 2468 893 2528 hominem
941 2484 1060 2545 per
1093 2468 1479 2542 superbiam
1522 2468 1901 2545 deceperat,
1952 2485 2073 2545 per
2107 2470 2685 2530 mortificationem
2735 2469 2958 2529 carnis
2993 2469 3289 2529 fidelium
3338 2468 3479 2527 fini-

399 2580 466 2635 ta
499 2578 622 2636 est.

473 2679 598 2738 Sed
662 2684 729 2740 et
784 2679 1122 2739 Abraham
1186 2684 1255 2738 et
1310 2679 1610 2754 Moyses,
1680 2679 1875 2754 quasi
1933 2677 2063 2738 duo
2124 2680 2432 2754 planetae
2495 2675 2973 2736 incarnationis
3028 2675 3181 2735 Filii
3243 2679 3472 2746 erant,

381 2786 940 2862 quemadmodum
998 2792 1065 2846 et
1112 2787 1420 2861 planetae
1476 2786 1663 2845 velut
1719 2785 1984 2844 flamma
2046 2785 2218 2860 ignis
2269 2791 2443 2844 sunt.
2503 2783 2859 2844 Abraham.
2898 2783 3075 2842 enim
3134 2783 3473 2843 Christum

383 2891 737 2967 praevidit3
790 2893 1048 2967 Moyses
1084 2908 1207 2950 sua
1256 2906 1460 2966 opera
1498 2891 1563 2950 in
1610 2890 1942 2949 creaturis
1995 2889 2175 2965 fecit,
2228 2891 2487 2951 scilicet
2534 2890 2741 2949 boves
2792 2896 2859 2949 et
2893 2904 3055 2948 oves
3089 2894 3291 2963 atque
3338 2887 3472 2947 hir-

380 3011 496 3055 cos
553 2995 931 3073 offerendO,
997 3001 1064 3055 et
1118 2997 1186 3054 in
1243 2995 1648 3081 oblationem
1706 2996 1929 3056 carnis
1986 3001 2339 3056 creaturae
2405 2996 2810 3055 oblationem
2842 2995 2994 3055 Filii
3041 2993 3157 3054 Dei
3222 2995 3474 3072 praesi-

383 3102 666 3179 gnando,
1677 3156 1678 3159 ,

467 3206 610 3266 Hoc
655 3205 997 3266 definitum
1032 3211 1156 3278 est,
1210 3205 1472 3282 quando
1521 3206 1721 3281 Virgo
1758 3206 1824 3265 in
1871 3220 2142 3265 carnem
2190 3205 2399 3278 cepit,
2451 3210 2518 3264 et
2567 3203 2829 3279 quando
2876 3203 3052 3263 Dcus
3101 3205 3463 3264 eburneam

354 3296 640 3386 'turrim,
681 3310 854 3370 sicut
887 3310 1133 3385 decuit,
1171 3310 1349 3385 fecit,
1386 3310 1561 3387 quod
1597 3325 1839 3386 purum
1872 3309 2198 3385 virginale
2233 3324 2401 3383 opus
2434 3313 2564 3382 est,
2602 3309 2669 3367 in
2698 3324 2828 3383 quo
2856 3324 3024 3384 opus
3061 3310 3281 3384 magni
3316 3323 3470 3368 con-

381 3414 515 3473 silii
565 3413 939 3490 perfectum
985 3420 1110 3488 est,
1164 3414 1478 3474 videlicet
1525 3414 1701 3490 quod
1748 3413 1925 3474 Deus
1975 3412 2172 3473 homo
2222 3419 2346 3473 est.
2396 3412 2558 3471 Nam
2612 3412 2769 3487 quia
2816 3413 3079 3488 mulier,
3132 3413 3381 3474 audita.
3415 3407 3464 3490 ³)

376 3517 582 3578 verba
615 3519 973 3594 serpentiS,
997 3519 1241 3577 ‘totum
1275 3517 1593 3578 mundum
1630 3517 2079 3592 obumbravit,
2133 3533 2315 3577 mors
2368 3517 2548 3576 illam
2594 3513 2890 3577 intravit.
2926 3517 3006 3577 Et
3040 3518 3215 3579 sicut
3251 3518 3465 3579 infans

376 3626 616 3686 debilis
654 3626 830 3686 facta
862 3633 989 3699 est,
1027 3633 1227 3703 atque
1261 3628 1478 3687 omnis
1513 3632 1826 3687 creatura
1873 3626 1954 3684 de
1988 3625 2449 3687 imbecillitate
2486 3626 2668 3685 illius
2707 3626 2771 3685 in
2827 3625 3215 3686 fortitudine
3248 3634 3316 3687 et
3349 3627 3466 3686 ho-

376 3734 630 3789 nestate
665 3746 787 3791 sua
820 3730 1236 3792 debilitatem
1274 3732 1572 3792 incurrit.

1848 3949 1985 4021 III.

465 4192 589 4252 Sed
621 4191 798 4251 Deus
847 4207 1161 4267 magnum
1195 4192 1549 4252 consilium
1603 4192 1668 4251 in
1705 4192 1852 4267 ipsa
1886 4192 2241 4255 ordinavit:
2294 4199 2480 4254 tanta
2523 4194 2834 4255 videlicet
2884 4196 3233 4268 miracula,
3286 4215 3457 4275 quae

367 4312 490 4356 nec
524 4297 825 4372 angelus,
872 4310 994 4354 nec
1029 4295 1250 4371 hom0,
1305 4312 1426 4355 nec
1459 4312 1687 4355 omnes
1722 4300 2074 4355 creaturae
2106 4311 2346 4371 capere
2377 4304 2680 4372 possunt:
2718 4300 3003 4370 scilicet,
3040 4301 3218 4377 quod
3252 4303 3452 4380 Virgo

371 4401 435 4460 in
468 4402 717 4461 lumine
766 4401 930 4460 solis
965 4401 1225 4477 antiqui
1259 4400 1527 4460 consilii
1578 4416 1809 4459 casum
1845 4400 2149 4459 mulieris
2201 4401 2266 4459 in
2300 4402 2542 4461 bonum
2581 4405 2887 4479 mutavit;
2921 4401 2969 4484 ⁴)
3020 4412 3087 4466 et
3120 4405 3245 4466 hoc
3277 4407 3453 4469 Deus

366 4506 447 4563 ad
484 4504 943 4564 confusionem
977 4504 1236 4567 Diaboli
1277 4507 1454 4566 fecit.
1507 4506 1627 4578 Qui
1668 4506 1983 4566 seminam
2032 4507 2408 4583 deceperat,
2463 4509 2606 4585 ipso
2641 4513 2979 4572 nesciente
3028 4513 3188 4589 quid
3222 4515 3290 4574 in
3338 4515 3454 4577 illa

363 4616 720 4671 venturum
770 4618 974 4687 esset,
1029 4614 1204 4673 sicut
1253 4630 1374 4674 nec
1422 4614 1630 4673 Deum
1683 4610 1863 4672 recte
1914 4614 2245 4687 cognovit:
2298 4616 2468 4675 unde
2517 4622 2584 4677 et
2626 4618 2708 4677 ab
2756 4621 2933 4679 omni
2985 4619 3305 4683 felicitate
3354 4640 3454 4684 re-

363 4717 598 4790 pulsus
634 4723 758 4776 est.
792 4709 839 4792 ⁵)

436 4904 480 4971 ¹)
515 4911 902 4978 praestiterunt
936 4906 1028 4964 W.
1073 4907 1281 4980 Incipit
1320 4909 1555 4965 obscura
1595 4910 1859 4979 allegoria
1950 4910 2251 4984 rhythmos
2276 4920 2644 4974 consonantes
2667 4917 2877 4990 passim
2903 4919 3213 4989 agnoverit.
3245 4950 3314 4962 --

362 4990 430 5046 de
469 4991 711 5062 planetis
749 4992 1044 5065 mysticis,
1088 5010 1232 5064 quae
1270 4993 1417 5064 apud
1460 4994 1861 5064 Hildegardem
1946 4998 1990 5065 ⁸)
2035 5003 2233 5056 audita
2268 5006 2367 5056 aut
2412 5003 2617 5065 active.
2663 5003 2848 5058 autin
2889 5004 3241 5059 nominativo
3284 5003 3441 5059 abso-

367 5075 574 5130 nullibi
624 5083 929 5149 comparet.
971 5110 1042 5119 —
1076 5081 1121 5144 2)
1160 5080 1240 5135 De
1280 5079 1540 5135 unicorni
1580 5080 1651 5136 cs.
1697 5097 1862 5152 supra
1950 5085 2090 5142 luto.
2136 5117 2202 5126 -
2241 5087 2283 5153 ⁴)
2324 5087 2382 5141 in
2435 5088 2608 5143 arduo
2645 5105 2834 5160 apogr.
2879 5089 3155 5162 scriptum
3205 5095 3288 5144 est
3330 5089 3443 5145 scre

365 5161 527 5218 Liber
561 5167 709 5220 vitae
743 5170 1055 5222 meritorum
1091 5184 1144 5238 p.
1194 5170 1296 5219 222
1334 5167 1572 5223 Interim
1613 5169 1723 5224 erit
1759 5171 1860 5239 qui
1951 5177 2192 5229 iteravit.
2225 5204 2291 5212 -
2320 5174 2361 5237 5)
2390 5172 2535 5230 lbid.
2578 5179 2663 5228 sat
2691 5173 2908 5243 liquido
2933 5174 3171 5245 sepultus
3194 5181 3285 5231 ent.

546 5271 893 5333 ANAm-:cr
946 5274 1014 5334 T.
1068 5274 1228 5335 VIII.
1281 5275 1363 5334 23
