4036 6117
659 459 788 520 134
1815 479 1868 524 s.
1919 479 2447 528 manzolinum

2035 703 2218 765 LVII.

1452 924 1545 983 De
1596 922 2080 982 inobedientiae
2125 923 2358 999 poenis
2400 923 2829 999 purqatoriia

683 1130 788 1191 72.
838 1129 986 1190 Vidi
1037 1146 1303 1208 quoque
1350 1132 1792 1193 densissimas
1840 1132 2178 1207 tenebras,
2232 1132 2298 1192 in
2346 1132 2593 1208 quibus
2642 1131 2903 1192 animae
2955 1131 3222 1191 illorum
3274 1132 3388 1207 qui
3422 1130 3580 1190 dum
3614 1130 3684 1189 in

603 1236 1000 1313 corporibus
1050 1237 1194 1297 suis
1245 1236 1552 1311 fuissent,
1607 1237 2123 1298 inobedientiam
2174 1236 2306 1297 sibi
2352 1238 2886 1312 associaverunt,
2936 1252 3140 1313 super
3190 1237 3455 1312 igneum
3499 1235 3689 1310 pavi-

595 1343 894 1401 mentum
927 1339 1123 1416 quasi
1155 1340 1440 1400 errando
1475 1339 1891 1414 incedebant3
1936 1355 2107 1416 quos
2141 1340 2346 1401 etiam
2378 1333 2425 1419 ¹)
2477 1339 2790 1400 acerrimi
2822 1354 3088 1400 vermes
3127 1354 3332 1415 super
3366 1337 3541 1397 idem
3571 1354 3690 1413 pa-

597 1446 970 1506 vimentum
1012 1445 1337 1521 jacenteS,
1375 1445 1710 1505 morsibus
1745 1444 1885 1505 suis
1916 1441 1967 1523 ²)
2017 1444 2486 1505 attrectabant.
2523 1443 2843 1515 Quoniam
2875 1444 3055 1504 enim
3102 1444 3283 1503 coeci
3318 1447 3530 1516 erant,
3569 1442 3685 1501 ubi

592 1550 952 1625 praecepta
998 1547 1454 1622 praelatorum
1503 1563 1779 1608 suorum
1830 1548 2108 1625 implere
2156 1549 2530 1623 noluerant,
2583 1548 2650 1607 in
2696 1547 2951 1607 eisdem
3001 1546 3296 1608 tenebris
3336 1545 3680 1618 errabant;

591 1659 663 1714 et
710 1652 1025 1730 quoniam
1073 1667 1195 1730 per
1237 1652 1754 1714 inobedientiam
1788 1652 2156 1713 secundum
2189 1653 2575 1712 voluntates
2606 1667 2767 1712 suas
2799 1657 3115 1728 proterve
3149 1650 3684 1723 ambulaverant,

602 1757 671 1817 in
720 1756 870 1833 igne
919 1757 1287 1833 pavimenti
1334 1756 1532 1833 hujus
1583 1757 1998 1833 incedebant3
2050 1762 2120 1817 et
2164 1757 2479 1833 quoniam
2523 1756 2847 1834 praelatis
2888 1755 3033 1815 suis
3067 1755 3550 1815 contumaciter
3585 1769 3692 1812 re-

601 1863 1086 1936 pugnaverant,
1115 1876 1154 1919 a
1185 1859 1526 1920 vermibus
1554 1860 1705 1920 istis
1729 1860 2200 1938 puniebantur.
2234 1859 2316 1921 Et
2344 1860 2484 1921 vidi
2516 1861 2585 1920 et
2613 1859 2914 1920 intellexi
2945 1858 3135 1933 haec,
3174 1857 3532 1933 audivique
3568 1856 3691 1916 ite-

600 1978 750 2022 rum
781 1962 863 2022 de
895 1961 1197 2040 praefata
1230 1963 1498 2024 vivente
1531 1965 1678 2024 luce
1710 1980 1943 2026 vocem
1974 1963 2307 2025 dicentem
2342 1963 2422 2024 ad
2458 1979 2584 2024 me:
2629 1962 2811 2025 Haec
2844 1978 3015 2040 quae
3050 1962 3266 2038 videS,
3300 1977 3462 2022 vera
3497 1966 3680 2036 sunt,

594 2072 662 2126 et
697 2072 770 2126 ut
800 2083 881 2128 ea
912 2067 1125 2142 vides,
1165 2068 1256 2128 ita
1292 2074 1466 2130 sunt.

2033 2279 2248 2341 LVIII.

1583 2492 1676 2550 De
1725 2489 2211 2552 inobedientiae
2252 2492 2692 2571 poenitentia.

685 2698 789 2758 73.
826 2697 1007 2758 Unde
1040 2697 1345 2760 homines
1394 2701 1509 2776 qui
1561 2700 2050 2761 inobedientiae
2085 2700 2572 2777 obtemperant,
2626 2701 2683 2759 si
2730 2699 2855 2760 hos
2892 2699 3171 2774 spiritus
3221 2683 3367 2758 eam
3414 2697 3544 2757 sibi
3577 2697 3697 2756 de-

601 2807 1077 2877 monstrantes,
1114 2802 1195 2861 de
1231 2819 1303 2876 se
1335 2806 1645 2864 excutere
1680 2804 2164 2880 contenderint,
2216 2811 2284 2865 et
2331 2805 2567 2880 poenis
2600 2804 2896 2880 ejusdem
2932 2803 3418 2864 inobedientiae
3454 2801 3691 2861 abesse

600 2908 1153 2984 desideraverint,
1193 2909 1380 2969 flexis
1429 2910 1711 2986 genibus
1745 2926 1969 2970 coram
2021 2911 2347 2987 praelatis
2397 2910 2566 2984 suiS,
2604 2910 2809 2971 verbo
2853 2909 3252 2969 humilitatis
3285 2907 3546 2966 veniam
3581 2921 3697 2980 pe-

597 3017 764 3088 tant,
801 3028 880 3073 ac
908 3011 1208 3090 jussione
1241 3029 1474 3077 eorum
1521 3032 1641 3093 per
1674 3015 1946 3094 aliquod
1995 3021 2261 3095 tempus
2297 3015 2673 3078 solitariam
2704 3017 2914 3077 vitam
2949 3014 3446 3091 aggrediantur,
3498 3016 3565 3071 et
3593 3011 3694 3088 J'e-

587 3117 796 3194 juniis
830 3134 909 3179 ac
941 3119 1335 3181 verberibus
1368 3121 1639 3182 interim
1671 3120 2081 3199 affligantur,
2116 3128 2186 3183 et
2215 3123 2421 3183 etiam
2456 3137 2697 3196 aspera
2729 3127 2919 3183 veste
2969 3121 3251 3182 interius
3299 3118 3687 3191 induantur,

598 3230 669 3284 et
700 3224 798 3285 sic
831 3241 982 3285 cum
1016 3227 1353 3304 aequitate
1382 3227 1687 3304 Justitiae
1721 3229 1895 3289 inter
1926 3229 2104 3291 filios
2136 3229 2356 3291 Patris
2392 3229 2821 3305 recipiantur.

2020 3453 2264 3515 LVIIII.

1666 3650 1760 3709 De
1803 3654 2071 3725 peccato
2118 3647 2623 3709 inobedientiae.

701 3852 806 3916 ¹74.
857 3854 1312 3917 Inobedientia
1343 3857 1519 3917 enim
1569 3859 1938 3934 pessimum
1973 3860 2225 3919 malum
2271 3865 2398 3934 est,
2435 3874 2556 3918 nec
2586 3857 2796 3918 Deum
2847 3857 3083 3917 timere
3115 3857 3282 3930 vult,
3320 3870 3439 3914 nec
3484 3852 3692 3913 homi-

603 3974 754 4020 nem
787 3960 1088 4021 honorat.
1123 3960 1288 4023 Nam
1321 3961 1437 4038 qui
1471 3961 1596 4023 hoc
1627 3963 1868 4023 vitium
1904 3969 2280 4039 sequuntur
2311 3964 2488 4024 intra
2523 3978 2596 4023 se
2626 3962 2876 4024 dicunt:
2911 3961 3110 4024 Wahl
3153 3962 3313 4038 quid
3346 3958 3689 4020 videmus?

604 4071 672 4125 et
717 4066 878 4142 quid
915 4065 1133 4125 facere
1182 4082 1562 4142 possumu8‚
1621 4067 1800 4144 quod
1848 4067 2041 4128 nobis
2089 4084 2208 4145 per
2254 4084 2491 4129 coecos
2539 4066 2935 4142 imponitur?
2967 4066 3317 4126 Nescimus
3366 4063 3527 4140 quid
3575 4062 3700 4122 sit.

607 4169 880 4229 iustitia
913 4170 1090 4229 enim
1138 4173 1368 4231 nostra
1402 4172 1616 4249 major
1661 4177 1730 4231 et
1761 4172 1992 4233 utilior
2021 4172 2287 4249 justitia
2320 4173 2591 4233 illorum
2637 4178 2762 4233 est.
2810 4171 2891 4232 Et
2921 4168 3081 4247 quid
3125 4169 3319 4230 nobis
3369 4167 3689 4242 proderit,

608 4272 666 4333 si
702 4272 828 4332 hoc
875 4289 1074 4349 opere
1107 4275 1610 4353 perfecerimuS,
1663 4278 1838 4354 quod
1872 4294 1993 4354 per
2027 4277 2341 4338 invidiam
2391 4283 2459 4337 et
2488 4292 2609 4353 per
2641 4275 2869 4337 odium
2906 4276 3101 4336 nobis
3148 4273 3553 4351 injungitur?
3584 4272 3694 4332 Ni-

608 4374 704 4434 hil
729 4376 907 4435 enim
932 4378 1246 4439 utilitatis
1281 4379 1430 4440 inde
1457 4397 1964 4458 consequemur.
1998 4383 2164 4443 Nam
2197 4398 2315 4457 per
2347 4381 2472 4441 hoc
2502 4398 2626 4441 nos
2660 4396 2981 4457 superare
3012 4380 3261 4442 volunt.
3297 4409 3386 4424 —
3418 4377 3544 4437 Sed
3576 4376 3693 4452 qui

608 4496 797 4555 spem
830 4498 1021 4542 suam
1055 4484 1121 4543 in
1151 4483 1285 4543 Deo
1332 4501 1578 4561 ponere
1610 4487 1775 4561 vult,
1814 4488 2084 4547 beatam
2130 4486 2612 4561 subjectionem
2644 4485 2947 4562 arripiat,
2992 4489 3060 4543 et
3090 4487 3446 4559 praecepto
3490 4481 3697 4556 maJo-

606 4602 755 4646 rum
791 4602 1063 4647 suorum
1096 4587 1384 4663 obediat3
1420 4606 1544 4650 nec
1577 4591 1763 4651 illum
1800 4593 2146 4668 sequatur,
2184 4591 2298 4667 qui
2331 4589 2487 4650 dum
2525 4590 2827 4651 Creatori
2861 4605 2982 4650 suo
3020 4588 3367 4664 subJectus
3399 4601 3550 4646 esse
3582 4602 3699 4645 no-

611 4689 758 4764 luit,
795 4690 877 4750 de
925 4691 1275 4752 altitudine
1307 4693 1478 4754 coeli
1524 4694 1609 4754 ad
1644 4696 1775 4756 ima
1807 4695 2051 4755 inferni
2100 4694 2373 4755 corruit.
2409 4693 2587 4754 Haec
2636 4699 2860 4754 autem
2903 4693 2985 4752 de
3032 4690 3512 4769 poenitentium
3559 4689 3699 4749 ani-

615 4785 1250 4876 mabusturgandis
1285 4801 1353 4856 et
1400 4797 1742 4858 salvandis
1782 4798 1964 4859 dicta
1998 4805 2178 4874 sunt,
2214 4804 2282 4858 et
2314 4798 2533 4858 fidelia
2568 4803 2747 4873 sunt,
2783 4800 2850 4857 et
2879 4797 3095 4858 fidelis
3131 4796 3235 4856 his
3270 4792 3593 4867 attendat,
3628 4798 3699 4853 et

612 4912 689 4957 ea
726 4896 790 4956 in
826 4899 1215 4958 memoriam
1249 4901 1459 4961 bonae
1495 4902 1813 4963 scientiae
1848 4909 2224 4978 componat.

703 5001 806 5062 75.
836 5002 1082 5063 Deinde
1103 4998 1152 5085 ³)
1181 5006 1563 5081 praedictae
1598 5007 2046 5068 multitudinis
2074 5009 2244 5068 alios
2281 5008 2558 5083 spiritus
2592 5008 2751 5081 vidi,
2792 5008 2907 5084 qui
2946 5008 3151 5068 multo
3189 5006 3481 5065 clamore
3518 5002 3695 5062 voci-

689 5154 729 5220 ¹)
757 5172 894 5225 quas
919 5160 1079 5213 ctiam
1107 5158 1194 5214 W.
1231 5191 1296 5200 —
1320 5161 1364 5227 2)
1390 5162 1504 5216 suis
1529 5177 1637 5217 om.
1672 5162 1761 5218 W.
1796 5193 1860 5201 -—
1887 5160 1929 5231 ³)
1957 5164 2149 5220 deinde
2173 5163 2315 5219 alios
2331 5180 2391 5236 p.
2426 5182 2491 5217 m.
2524 5181 2565 5218 s.
2602 5162 2719 5218 vidi
2744 5159 2834 5217 W.
