4036 6117
586 413 720 474 316
1757 425 1808 469 s.
1862 424 2411 470 ninnEGAnms

606 549 686 607 Et
738 543 1113 622 quaerebat,
1154 543 1216 601 id
1250 547 1356 601 est
1405 542 1905 617 sciscitabatur,
1940 544 2166 603 videre
2218 544 2282 602 in
2318 559 2441 601 sua
2491 541 2777 601 scientia
2811 541 3063 614 Jesum,
3114 540 3376 601 scilicet
3405 539 3612 600 Deum

512 652 660 727 quis
710 655 867 708 esset
907 647 970 705 in
1021 645 1317 722 potentia
1353 661 1501 716 sua,
1554 645 1817 720 quando
1853 645 2099 705 bonum
2150 651 2217 704 et
2250 645 2501 704 malurn
2540 643 2715 702 scire
2750 645 3040 719 volebat,
3093 651 3154 703 et
3192 663 3323 704 non
3351 650 3610 723 poterat

504 774 672 833 prae
722 753 913 812 turba
944 754 1189 814 bonum
1239 750 1534 827 perfecte
1570 752 2155 827 comprehendere,
2208 752 2499 811 vallatus
2549 751 2814 810 insidiis
2862 750 3146 825 Diaboli,
3201 753 3359 827 quia
3406 753 3616 809 statu-

515 879 590 919 ra
617 859 914 935 pusillus
951 862 1116 929 erat,
1155 854 1470 914 videlicet
1505 854 1570 912 in
1606 869 1918 925 mensura
1953 854 2392 915 humanitatis
2427 857 2753 931 quantum
2787 855 2868 915 ad
2900 854 3131 914 Deum.

603 964 685 1024 Et
715 982 1161 1040 praecurrens
1197 961 1262 1020 in
1297 960 1592 1034 potentia
1626 976 1746 1019 sua
1781 966 1849 1020 et
1883 978 2085 1037 supra
2122 978 2391 1023 sensum
2422 979 2641 1037 suurn,
2679 964 3036 1039 plusquam
3069 961 3365 1035 deberet,
3394 979 3615 1020 ascen-

514 1069 610 1127 dit
640 1067 926 1143 superbe
958 1069 1024 1124 in
1052 1064 1376 1134 arborem,
1408 1065 1472 1123 in
1505 1081 1637 1139 qua
1672 1065 1968 1138 seipsum
1994 1066 2278 1141 decepit,
2309 1068 2404 1126 ita
2434 1072 2502 1126 ut
2528 1068 2732 1126 etiam
2758 1083 2969 1142 genus
3004 1081 3201 1125 suum
3233 1070 3611 1124 creaturam

512 1175 750 1245 postea
800 1188 919 1246 pro
966 1170 1100 1229 Deo
1157 1170 1429 1242 coleret;
1482 1186 1915 1245 sycomorum,
1969 1172 2229 1231 scilicet
2288 1172 2726 1245 temeritatiS,
2789 1171 2902 1230 ubi
2950 1169 3162 1230 Adam
3211 1169 3277 1227 in
3325 1167 3610 1227 stultitia

517 1292 780 1334 morum
830 1294 866 1334 a
903 1274 1055 1334 Sion
1107 1274 1413 1346 secessit,
1451 1279 1522 1332 ut
1561 1275 1809 1334 videret
1845 1253 2067 1349 illum,
2107 1277 2423 1352 quoniam
2457 1279 2523 1336 in
2567 1278 2850 1337 scientia
2884 1276 3039 1335 boni
3074 1283 3141 1335 et
3175 1276 3334 1335 mali
3369 1273 3610 1333 similis

513 1380 649 1441 Deo
699 1397 851 1440 esso
887 1381 1125 1454 voluit,
1179 1382 1335 1455 quia
1382 1379 1536 1437 inde
1586 1373 1629 1455 ¹)
1683 1387 1825 1438 erat
1877 1383 2317 1449 transiturus,
2370 1382 2687 1456 quoniam
2736 1385 3042 1456 potestas
3072 1378 3190 1437 Dei
3227 1384 3606 1452 utrumque,

520 1487 781 1545 scilicet
817 1487 1060 1546 bonum
1095 1488 1161 1544 ct
1195 1486 1443 1543 malum
1478 1484 1825 1559 dijudicat,
1863 1486 2037 1560 quod
2073 1492 2177 1544 cst
2210 1486 2558 1546 transitus,

609 1593 691 1651 Et
740 1612 890 1652 cum
936 1594 1215 1651 venisset
1268 1589 1467 1663 DeuS‚
1509 1591 1574 1648 in
1606 1591 2018 1665 plenitudine
2056 1591 2402 1667 temporiS,
2440 1592 2525 1650 ad
2560 1592 2796 1664 locum,
2834 1589 3094 1649 scilicet
3129 1589 3210 1649 ad
3246 1587 3616 1664 praedesti-

517 1703 749 1757 natum
784 1696 969 1769 illud,
1007 1696 1181 1771 quod
1216 1696 1456 1754 Filium
1495 1710 1691 1753 suum
1728 1694 2148 1754 incarnatum
2186 1696 2417 1769 voluit,
2449 1697 2815 1772 suspiciens
2850 1694 2917 1752 in
2951 1693 3363 1753 humanitate
3397 1692 3609 1765 Jesus,

521 1803 587 1862 id
621 1809 723 1862 est
759 1804 1083 1875 Salvator,
1120 1803 1328 1861 Filius
1361 1800 1501 1875 Dei,
1539 1802 1701 1860 vidit
1737 1803 1961 1873 illum,
1999 1818 2198 1861 carne
2236 1803 2530 1876 indutuS‚
2568 1810 2628 1862 et
2664 1804 2837 1860 discit
2872 1802 2958 1860 ad
2983 1820 3134 1861 eum
3169 1800 3464 1860 vocando
3501 1798 3617 1859 ho-

518 1909 794 1976 minem,
830 1906 1093 1983 quando
1129 1922 1281 1965 eum
1331 1907 1595 1965 salvare
1646 1906 1935 1981 volebat,
1987 1914 2054 1967 et
2103 1926 2143 1967 a
2177 1910 2512 1983 potestate
2546 1906 2806 1965 Diaboli
2842 1906 3147 1966 liberare:
3194 1907 3505 1978 Zachaee‚
3542 1909 3613 1962 tu

512 2015 872 2090 justificari
920 2015 1146 2086 debeS‚
1187 2014 1342 2088 quia
1395 2014 1782 2071 incarnatus
1819 2030 2004 2087 sum,
2058 2016 2125 2073 et
2174 2014 2320 2072 ideo
2367 2016 2699 2091 festinans
2738 2013 2803 2071 in
2837 2012 3247 2087 poenitentia
3293 2011 3613 2071 descende

518 2122 600 2179 de
636 2119 979 2194 superbia,
1015 2121 1172 2194 quia
1203 2119 1415 2190 hodie,
1447 2132 1599 2175 cum
1629 2117 2014 2177 incarnatus
2045 2134 2191 2176 sum
2224 2116 2288 2175 in
2322 2116 2590 2189 mundo,
2627 2119 2700 2175 in
2735 2118 2921 2175 domo
2955 2124 3098 2187 tua,
3137 2115 3201 2173 id
3233 2120 3340 2172 est
3376 2115 3440 2173 in
3473 2129 3617 2172 car-

519 2240 601 2283 ne
651 2239 853 2297 quam
887 2221 1229 2295 assumpsi
1262 2220 1342 2277 de
1378 2220 1667 2292 Virgine,
1702 2216 1752 2296 2)
1791 2225 2058 2294 oportet
2092 2220 2159 2279 in
2194 2222 2539 2280 voluntate
2573 2220 2794 2279 Patris
2830 2221 2959 2279 mei
2994 2235 3098 2279 me
3135 2235 3404 2279 manere
3437 2235 3616 2278 amo-
3683 2237 3695 2248 ·

520 2328 603 2386 do
641 2327 705 2384 in
742 2324 1220 2384 incarnatione.

612 2434 692 2492 Et
728 2435 1057 2510 festinans
1094 2434 1159 2491 in
1193 2432 1600 2506 poenitentia
1649 2431 2011 2491 ablutionis
2047 2437 2497 2508 peccatorum,
2535 2433 2872 2491 descendit
2909 2433 2990 2492 de
3024 2433 3362 2510 superbia,
3396 2431 3620 2491 dimit-

520 2546 669 2599 tens
717 2539 1127 2615 voluptatem
1165 2554 1378 2611 suam,
1432 2542 1497 2595 et
1533 2538 1940 2612 voluptatem
1993 2542 2217 2597 carnis
2255 2553 2438 2611 suae,
2492 2543 2691 2612 atque
2727 2538 2902 2598 idola
2936 2555 3108 2613 quae
3149 2539 3433 2610 colebat,
3466 2530 3516 2613 ²)
3551 2542 3615 2594 et

521 2645 776 2718 eoecepit
805 2643 1029 2712 illum,
1059 2640 1318 2699 scilicet
1353 2637 1694 2699 Christum
1729 2656 1879 2699 cum
1915 2642 2296 2701 ostensione
2332 2642 2485 2700 novi
2522 2640 2835 2717 hominiS,
2866 2642 2983 2718 qui
3009 2641 3373 2701 secundum
3407 2641 3612 2701 Deum

522 2753 789 2805 creatus
826 2751 952 2818 est,
988 2744 1283 2820 gaudens
1321 2743 1388 2803 in
1421 2742 1678 2801 laetitia
1713 2743 1793 2801 de
1829 2746 2228 2805 remissione
2261 2740 2309 2823 ⁴)
2348 2751 2800 2820 peccatorum.

613 2854 696 2913 Et
749 2871 897 2912 cum
929 2852 1229 2910 viderent
1270 2850 1334 2907 in
1370 2850 1543 2908 mala
1579 2850 1923 2909 voluntate
1958 2869 2080 2910 sua
2115 2869 2360 2925 omneS,
2401 2852 2663 2910 scilicet
2698 2852 2795 2911 illi
2837 2854 2952 2928 qui
2986 2854 3198 2912 veteri
3232 2853 3401 2928 Lege
3435 2854 3620 2914 tabe·

521 2961 822 3033 scebant,
874 2964 940 3018 et
983 2955 1372 3032 hypocritae
1424 2954 1719 3027 fuerunt,
1768 2956 2274 3016 murmurabant
2315 2958 2379 3016 in
2412 2958 2729 3018 cordibus
2782 2958 2948 3033 suiS,
3002 2960 3293 3019 dicentes
3327 2961 3498 3037 quod
3529 2960 3616 3018 ad

522 3072 851 3132 hominem
893 3073 1300 3144 peecatorem
1348 3064 1748 3138 divertisset,
1803 3066 2020 3140 magis
2057 3066 2123 3123 in
2170 3065 2526 3124 dilectione
2561 3072 2628 3124 et
2677 3066 2917 3141 gratia,
2970 3071 3038 3125 et
3085 3066 3261 3142 quod
3309 3071 3617 3143 peccato-

523 3195 633 3237 res
686 3176 776 3234 ita
824 3175 1159 3248 diligeret,
1212 3176 1284 3229 ut
1341 3171 1543 3231 etiam
1592 3169 1674 3228 de
1723 3168 1987 3229 homine
2046 3175 2399 3245 peccatore
2455 3178 2891 3243 nasceretur,
2944 3188 3093 3231 cum
3145 3171 3289 3230 sine
3336 3175 3611 3246 peccato

525 3290 705 3345 esset
736 3280 783 3361 ⁵)

616 3393 813 3452 Stans
862 3396 1084 3447 autem
1119 3403 1157 3444 a
1204 3399 1407 3443 cursu
1458 3392 1886 3460 peccatorum
1938 3403 2214 3445 suorum
2251 3389 2621 3458 ZaclzaeuS,
2676 3389 2740 3447 id
2773 3394 2879 3448 est
2927 3390 3039 3448 ille
3072 3388 3187 3464 qui
3230 3386 3471 3463 jamin
3512 3385 3617 3460 ju-

523 3495 710 3554 stitia
746 3498 1074 3569 repertuS‚
1106 3500 1328 3573 coepit
1353 3491 1523 3550 bona
1551 3494 1836 3565 operari,
1867 3495 2038 3552 discit
2070 3493 2153 3550 ad
2182 3494 2558 3563 Dominum,
2592 3496 2656 3553 in
2682 3496 3092 3571 poenitentia
3119 3499 3351 3553 contra
3384 3493 3618 3552 volun-

525 3605 731 3658 tatem
764 3600 986 3658 carnis
1023 3619 1214 3662 suae:
1253 3602 1415 3659 Ecce
1450 3596 1828 3665 dimidium,
1871 3596 1934 3653 id
1969 3601 2076 3654 est
2109 3595 2533 3655 medietatem
2572 3599 2940 3658 voluntatis
2974 3613 3183 3672 meae,
3222 3597 3483 3657 scilicet
3514 3595 3615 3653 bo-

522 3721 762 3761 norum
808 3721 1131 3773 meorum,
1170 3721 1341 3780 quae
1391 3701 1637 3775 injuste
1687 3714 1805 3774 pro
1842 3699 2035 3757 bonis
2085 3697 2413 3759 habebam
2449 3702 2513 3759 in
2551 3704 2724 3762 mala
2759 3703 3239 3764 consuetudine
3273 3708 3342 3762 et
3391 3704 3456 3762 in
3502 3718 3617 3762 vo-

525 3807 779 3880 luptate
814 3808 1037 3865 carnis
1072 3813 1274 3882 atque
1310 3807 1375 3864 in
1411 3804 1629 3876 idolis,
1669 3802 1944 3862 Domine
1979 3801 2308 3877 Salvator,
2346 3804 2448 3877 do,
2488 3806 2550 3863 id
2587 3811 2694 3865 est
2724 3806 2987 3866 dimitto
3023 3822 3129 3875 ea,
3159 3808 3353 3882 quasi
3389 3807 3504 3866 illa
3536 3806 3618 3865 ti-

524 3910 589 3969 bi
641 3910 939 3985 offeram,
978 3928 1267 3986 sequens
1317 3909 1604 3982 vestigia
1641 3912 1775 3981 tua,
1806 3907 2239 3984 pauperibuS,
2279 3911 2371 3968 ita
2405 3916 2479 3968 ut
2523 3911 2759 3970 beatus
2796 3912 2948 3970 fiam
2983 3928 3133 3972 cum
3170 3912 3272 3971 his
3307 3913 3423 3989 qui
3454 3926 3617 3985 pau-

524 4032 721 4091 peres
769 4019 1012 4093 spiritu
1064 4021 1238 4089 sunt,
1295 4017 1577 4092 implens
1625 4015 2079 4088 Evangelium.
2115 4014 2473 4076 Dimidium
2527 4021 2747 4076 autem
2798 4018 2924 4078 hoc
2973 4019 3166 4078 modo
3215 4020 3321 4092 do,
3358 4020 3515 4096 quia
3550 4017 3616 4075 in

527 4120 784 4194 reliqua
831 4125 1020 4194 parte
1069 4123 1286 4180 adhuc
1337 4120 1623 4179 sentiam
1671 4117 1847 4193 quod
1897 4117 2096 4176 homo
2150 4118 2275 4176 sim
2325 4124 2391 4177 et
2440 4121 2637 4194 cinis,
2690 4136 2809 4197 per
2843 4123 3065 4181 omnia
3114 4123 3430 4182 coelestis
3463 4137 3614 4181 esse

522 4241 651 4282 non
682 4221 729 4302 ⁶)
767 4226 1045 4300 possim,
1099 4242 1372 4286 manens
1411 4226 1476 4283 in
1510 4239 1810 4298 corpore.
1864 4224 1946 4282 Et
1985 4225 2039 4281 si
2073 4225 2234 4298 quid
2271 4224 2334 4282 in
2371 4225 2505 4283 ulla
2540 4241 2745 4285 causa
2794 4227 3087 4303 aliquem
3120 4230 3462 4287 hominum
3502 4227 3613 4285 de-

523 4329 830 4404 fraudavi
879 4329 1323 4403 phantasticis
1373 4344 1450 4386 ac
1497 4327 1850 4388 diabolicis
1900 4327 2183 4401 artibUS,
2236 4329 2458 4398 reddo,
2512 4330 2772 4388 scilicet
2818 4331 3167 4391 restituam
3204 4346 3304 4405 ea,
3358 4347 3462 4392 me
3496 4347 3615 4407 pu-

523 4432 738 4504 niens,
775 4437 1248 4511 quadruplum,
1287 4435 1598 4494 videlicet
1633 4435 1804 4493 bona
1839 4434 2143 4506 scientia,
2184 4435 2532 4509 sapientia.
2571 4436 2951 4497 humilitate
2984 4444 3050 4497 et
3083 4438 3429 4499 charitate.

616 4539 725 4596 Ait
763 4539 953 4598 Jesus
989 4540 1072 4597 ad
1106 4559 1280 4614 eum,
1320 4539 1434 4615 qui
1470 4541 1742 4613 peccata
1778 4555 1899 4597 sua
1944 4537 2043 4596 sic
2077 4537 2361 4598 deserit:
2398 4541 2555 4615 quia
2585 4541 2802 4611 hodie,
2842 4541 2906 4600 in
2941 4547 3240 4617 tempore
3274 4542 3423 4617 hoc,
3462 4560 3613 4603 cum

602 4708 644 4773 ⁴)
697 4711 837 4764 idem
862 4709 984 4765 cod.
1016 4741 1080 4749 —
1106 4712 1151 4774 2)
1191 4709 1501 4782 Corruptus
1547 4710 1702 4764 locus
1743 4709 1913 4763 habet
1960 4707 2018 4762 in
2115 4730 2134 4756 ι
2172 4707 2336 4765 Alius
2364 4709 2643 4781 interpres
2668 4712 2847 4776 addit,
2878 4712 3307 4782 intelligendum
3341 4711 3504 4769 illum
3533 4715 3612 4769 lo-

530 4793 721 4849 codice
764 4795 994 4852 insulsa:
1038 4795 1299 4865 Virgine,
1340 4815 1495 4870 quem
1531 4799 1683 4852 homo
1717 4799 1782 4852 de
1805 4796 2026 4852 carnali
2114 4811 2243 4850 cum
2283 4813 2403 4852 esse
2428 4796 2497 4851 de
2524 4798 2753 4854 homine
2779 4804 3094 4869 peccatore,
3136 4799 3356 4854 scilicet
3390 4799 3458 4855 de
3484 4817 3610 4871 pec-

528 4879 723 4950 copula
767 4886 902 4934 nata
945 4885 1084 4937 siout
1127 4889 1176 4937 et
1225 4889 1284 4935 tu
1322 4888 1542 4954 oportet.
1597 4913 1666 4920 -—
1704 4880 1746 4947 3)
1785 4883 2026 4938 colebant
2115 4887 2241 4936 cato
2260 4882 2433 4944 Adae,
2461 4899 2574 4937 non
2599 4883 2751 4953 quod
2777 4883 2955 4938 Maria
2978 4883 3264 4954 peccatrix
3282 4882 3414 4946 fuit,
3435 4900 3606 4954 quam

531 4962 667 5018 ibid.
716 4995 784 5003 ——-
822 4964 864 5030 ⁴)
904 4967 1116 5021 laetitia
1154 4970 1512 5022 remissionem
1540 4972 1874 5037 peccatorum
1899 4966 2020 5022 cod.
2118 4966 2473 5035 Augustinus
2511 4973 2568 5022 et
2605 4968 2706 5023 alii
2747 4969 3007 5023 doctores
3029 4967 3348 5039 excipiunt,
3381 4970 3609 5040 quando

529 5050 571 5115 ⁵)
603 5050 773 5105 Recte
804 5049 893 5105 hie
919 5056 1147 5105 notatur
1177 5051 1232 5105 in
1274 5051 1394 5107 cod.
1442 5068 1609 5106 manu
1653 5067 1791 5108 saec.
1839 5052 2021 5110 XVII:
2118 5053 2186 5108 dc
2214 5049 2606 5124 peccatoribus
2635 5055 2965 5124 loquuntur.
3002 5076 3021 5100 ι
3052 5081 3116 5091 --
3140 5054 3186 5121 ⁶)
3216 5072 3321 5110 non
3344 5068 3452 5110 om.
3478 5054 3602 5111 cod.
