4036 6117
715 443 849 506 476
1865 464 1917 509 s.
1970 462 2517 510 ninnsscanms

635 582 780 657 ejus
832 582 1050 642 tenuis
1083 581 1394 659 efficitur,
1445 588 1511 642 et
1546 582 1827 658 lubrica,
1864 600 1946 643 ac
1994 584 2284 660 turbida,
2321 590 2388 645 et
2438 584 2523 644 ob
2571 583 2697 643 hoc
2746 583 2860 643 ille
2908 582 3247 644 dormitat.
3286 584 3458 644 Cum
3505 588 3744 643 autem

641 686 910 758 dormit,
949 688 1238 747 medulla
1270 688 1418 764 ejus
1453 687 1666 762 ardet,
1696 689 2010 765 quoniam
2041 696 2197 750 tunc
2224 690 2494 764 crescit,
2523 695 2591 749 et
2616 689 2887 766 pinguis
2914 691 2981 749 et
3006 690 3289 750 candida
3314 690 3647 751 efficitur.
3679 685 3753 766 ¹).

730 792 897 852 Item
935 795 1015 852 de
1050 795 1232 855 Adae
1268 813 1515 871 sopore.
1566 794 1690 853 Sed
1725 802 2080 870 antequam
2119 797 2329 856 Adam
2379 801 2812 872 praeceptum
2845 796 2963 856 Dei
3010 798 3525 873 praevaricatus
3585 796 3752 855 fuis·

643 902 767 973 set,
807 899 1153 960 immissus
1203 904 1306 960 est
1339 903 1397 959 ei
1436 918 1659 977 sopor,
1712 914 1779 962 et
1813 903 2002 962 cibus
2038 909 2142 963 est
2174 904 2235 963 ei
2284 911 2616 964 ostensus,
2652 904 3016 980 Postquam
3053 907 3276 965 autem
3311 905 3751 981 praevarica-

643 1007 753 1061 tus
788 1008 916 1076 est,
954 1020 1110 1063 caro
1146 1005 1291 1079 ejus
1329 1012 1583 1065 tantam
1618 1007 2032 1065 debilitatem
2069 1014 2133 1066 et
2173 1007 2604 1083 fragilitatem
2644 1009 2950 1084 incurrit,
3004 1010 3071 1068 in
3104 1013 3354 1085 quanta
3405 1008 3754 1068 instabili·

637 1113 777 1166 tate
810 1124 967 1167 caro
1003 1113 1268 1168 mortua
1300 1113 1401 1169 est
1434 1109 1514 1170 ad
1550 1126 1819 1169 carnem
1868 1112 2161 1171 viventis
2197 1112 2506 1173 hominis,
2544 1113 2667 1173 Sed
2719 1130 2960 1190 sopore
2993 1119 3229 1189 postea
3271 1114 3745 1184 recreabatur,

640 1215 814 1273 sicut
848 1214 996 1273 cibo
1035 1214 1556 1274 refocillabatur:
1595 1220 1662 1272 et
1697 1215 1794 1274 sic
1830 1216 2034 1275 etiam
2070 1217 2136 1276 in
2170 1217 2480 1277 omnibus
2508 1217 2892 1278 hominibus
2920 1218 3016 1293 fit;
3051 1234 3205 1280 nam
3233 1221 3306 1278 ut
3332 1233 3493 1277 caro
3528 1215 3753 1274 homi·

636 1319 744 1378 nis
779 1318 929 1378 cibo
967 1319 1234 1394 crescit,
1274 1320 1366 1378 ita
1400 1325 1467 1379 et
1504 1319 1794 1378 medulla
1830 1320 1976 1396 ejus
2012 1336 2272 1394 sopore.
3574 1329 3581 1334 ’

734 1422 926 1481 Item.
962 1422 1040 1480 de
1078 1423 1289 1482 Adam
1322 1429 1382 1481 et
1422 1418 1562 1496 ejus
1583 1426 1952 1500 prophet-ia.
1989 1424 2150 1482 Nam
2188 1441 2337 1483 cum
2373 1424 2547 1485 Deus
2583 1442 2896 1501 soporem
2931 1427 2997 1485 in
3026 1426 3232 1485 Adam
3268 1425 3477 1494 misit,
3515 1425 3749 1484 anima

643 1527 790 1603 ejus
826 1528 887 1587 in
939 1545 1098 1589 vera
1133 1531 1482 1606 prophetia
1535 1532 1801 1590 interim
1838 1533 2047 1591 multa
2081 1532 2270 1607 vidit,
2309 1534 2466 1608 quia
2499 1534 2788 1594 nondum
2837 1533 3109 1610 aliquod
3149 1537 3500 1610 peccatum
3539 1532 3751 1591 habe-

643 1631 778 1696 bat:
818 1632 909 1693 ita
943 1639 1009 1692 et
1043 1634 1411 1695 dormiente
1449 1634 1737 1708 homine,
1777 1637 1994 1694 anima
2032 1636 2179 1712 eJus
2215 1638 2278 1695 in
2314 1653 2472 1698 vera
2508 1638 2859 1718 prophetia
2897 1639 3107 1700 multa
3140 1639 3429 1709 videret,
3467 1639 3527 1698 si
3566 1638 3751 1698 idem

613 1735 837 1824 ‘homo
874 1740 1170 1814 peccatis
1205 1738 1525 1814 gravatus
1563 1757 1691 1799 non
1726 1746 1934 1800 esset.

717 1885 798 1946 De
824 1885 1084 1942 somniis.
2271 1888 2351 1943 De
2379 1886 2736 1957 flegmaticis.

645 1971 723 2026 De
748 1971 967 2028 animae
992 1969 1218 2029 effectu.
2272 1974 2351 2028 De
2377 1975 2618 2031 colerica

643 2060 723 2116 De
749 2062 951 2118 halitu.
2272 2061 2351 2116 De
2377 2061 2733 2118 melancolia.

645 2147 723 2202 De
749 2148 970 2202 animae
996 2153 1052 2202 et
1078 2147 1265 2203 carnis
1291 2147 1716 2203 contrarietate.
2271 2148 2351 2203 De
2376 2146 2628 2203 calvitie.

645 2233 724 2288 De
749 2233 970 2287 animae
996 2233 1362 2288 excitatione.
2272 2234 2349 2288 De
2376 2231 2584 2304 capitis
2610 2232 2821 2288 dolore.

645 2323 724 2376 De
751 2317 935 2375 somni
965 2317 1281 2374 nimietate.
2271 2318 2350 2372 De
2376 2316 2715 2385 emigranea.

645 2407 725 2461 De
751 2403 1046 2460 exercitio,
2274 2402 2417 2457 ltem
2445 2402 2514 2457 de
2538 2402 2744 2474 capitis
2769 2401 2978 2458 dolore.

647 2493 726 2547 De
752 2489 1056 2558 sanguinea
1088 2489 1396 2561 [mulierel.
2276 2489 2355 2544 De
2386 2488 2685 2557 vertigine.

741 2635 835 2695 De
869 2636 1182 2693 amentia.
1219 2633 1300 2690 Et
1334 2648 1484 2690 cum
1520 2619 1906 2706 praedictae
1942 2637 2170 2706 pestes
2205 2629 2406 2689 simul
2440 2645 2670 2688 omnes
2705 2627 3129 2699 conveniunt,
3178 2626 3271 2686 ita
3307 2628 3488 2703 quod
3539 2629 3607 2689 in
3640 2645 3750 2689 caa-

648 2740 785 2814 pite
821 2738 1111 2796 hominis
1162 2737 1361 2795 simul
1397 2737 1674 2811 furiunt,
1727 2735 2064 2795 hominem
2108 2735 2297 2793 illum
2347 2733 2415 2792 in
2448 2734 2809 2792 amentiam
2855 2732 3130 2806 ducunt,
3166 2739 3233 2792 et
3282 2740 3625 2808 evertunt,
3676 2741 3743 2794 et

651 2844 914 2901 inanem
965 2843 1186 2899 rectae
1235 2839 1556 2898 scientiae
1609 2838 1883 2914 faciunt,
1935 2839 2122 2897 velut
2173 2854 2323 2896 cum
2374 2838 2567 2896 navis
2604 2854 2641 2896 a
2691 2836 3007 2910 procellis
3043 2841 3225 2897 mota
3273 2836 3749 2913 confringitur.

647 2946 828 3006 Unde
880 2944 1070 3003 multi
1121 2946 1357 3017 putant
1407 2942 1625 3018 ipsum
1692 2960 1730 3002 a
1779 2942 2101 3001 daemone
2151 2958 2577 3017 possessum,
2629 2940 2806 3015 quod
2841 2956 2971 2999 non
3019 2946 3143 2999 est.
3196 2939 3321 2998 Sed
3381 2940 3750 3000 daemones

649 3049 804 3109 huic
837 3049 1011 3125 pesti
1047 3049 1114 3108 et
1145 3047 1362 3107 dolori
1396 3050 1778 3121 accurrunt,
1815 3053 1882 3107 et
1918 3046 2199 3106 insidias
2234 3051 2506 3121 ponunt,
2546 3045 2912 3104 secundum
2963 3044 3137 3122 quod
3177 3043 3400 3105 officia
3449 3045 3753 3106 insaniae

650 3170 881 3213 eorum
933 3159 1109 3228 sunt,
1147 3156 1214 3212 et
1259 3155 1484 3212 tamen
1520 3152 1997 3226 proprietatem
2051 3150 2415 3208 verborum
2467 3165 2742 3208 suorum
2794 3150 2885 3208 ibi
2934 3166 3061 3208 non
3108 3149 3381 3224 habent,
3435 3151 3750 3226 quoniam

652 3259 850 3317 homo
901 3259 1013 3317 ille
1048 3276 1084 3317 a
1118 3258 1449 3316 Daemone
1498 3272 1857 3331 possessus
1892 3271 2023 3314 non
2071 3257 2193 3313 est.
2231 3254 2395 3313 Nam
2434 3254 2490 3313 si
2538 3253 2822 3313 daemon
2856 3257 3340 3331 proprietatem
3387 3255 3748 3316 verborum

652 3376 951 3433 suorum,
989 3360 1216 3419 divina
1251 3360 1714 3433 permissione,
1753 3359 1818 3418 in
1853 3359 2079 3433 aliquo
2115 3356 2379 3415 homine
2415 3354 2749 3430 habuerit,
2789 3358 3004 3431 spolia
3040 3374 3162 3416 sua
3195 3357 3427 3418 verbis
3460 3361 3532 3417 et
3559 3357 3749 3416 furiis

654 3464 719 3521 in
755 3465 902 3522 loco
939 3462 1229 3537 Spiritus
1279 3462 1502 3519 Sancti
1541 3461 1794 3520 tamdiu
1829 3456 2119 3533 exercet,
2159 3474 2512 3534 quousque
2545 3458 2722 3518 Deus
2758 3459 2945 3519 illum
2989 3460 3283 3534 expellit,
3321 3459 3753 3536 quemadmo—

653 3571 808 3628 dum
845 3569 927 3628 de
962 3569 1150 3628 coelo
1183 3584 1335 3627 eum
1369 3568 1645 3642 expulit.
3167 3559 3171 3562 ’

729 3716 808 3770 De
835 3715 1083 3771 cerebro.
2281 3710 2361 3765 De
2388 3709 2599 3782 splenis
2627 3716 2867 3767 tumore.

657 3800 734 3855 De
760 3799 959 3856 oculis,
2281 3795 2361 3850 De
2389 3795 2575 3850 cordis
2599 3795 2810 3853 dolore.

661 3887 735 3941 De
762 3886 944 3942 oculis
968 3884 1188 3955 griseis.
2282 3881 2362 3936 De
2390 3881 2611 3936 animae
2637 3881 2822 3937 domo.

657 3972 736 4027 De
760 3971 942 4028 oculis
969 3970 1169 4040 igneis.
2283 3966 2364 4021 De
2391 3966 2675 4038 pulmonis
2700 3966 2911 4023 dolore.

659 4061 738 4114 De
763 4058 943 4114 oculis
967 4056 1177 4113 diversi
1206 4056 1432 4113 coloris.
2246 4044 2253 4049 ⁶
2284 4054 2366 4108 De
2392 4060 2627 4110 asmate.

661 4145 738 4199 De
765 4143 945 4199 oculis
979 4142 1345 4199 turbulentis,
2286 4141 2366 4196 De
2397 4139 2556 4195 tussi.

662 4232 740 4284 De
766 4228 948 4284 oculis
977 4227 1177 4296 nigris,
2288 4227 2368 4282 De
2393 4224 2611 4280 halitus
2638 4223 2814 4280 fetore
2845 4224 2903 4279 in
2929 4240 3065 4280 aura
3093 4226 3387 4283 nebulosa.

659 4317 739 4370 De
765 4315 1056 4371 oculorum
1083 4312 1368 4381 albugine.
2288 4313 2369 4367 De
2395 4315 2668 4382 conceptu
2699 4311 2756 4366 in
2784 4309 3122 4382 plenilunio.

661 4405 740 4458 De
767 4402 1058 4458 oculorum
1090 4398 1371 4471 lacrymis,
2291 4398 2370 4452 De
2396 4397 2618 4469 hepatis
2646 4396 3044 4466 indigestione.

663 4491 742 4544 De
769 4487 1029 4555 flegmate
1058 4490 1348 4556 spectante
1374 4483 1443 4537 ad
1469 4483 1749 4540 auditum.
2291 4486 2372 4542 De
2396 4501 2697 4541 nervorum
2729 4484 3135 4554 indignatione.

663 4575 740 4630 De
765 4573 1024 4627 dentium
1050 4572 1260 4626 dolore.
2291 4574 2371 4628 De
2398 4572 2621 4643 hepatis
2649 4569 3057 4640 indignatione.

665 4663 743 4716 De
771 4658 936 4715 faciei
966 4658 1190 4713 rubore.
2293 4659 2372 4714 De
2400 4657 2622 4729 hepatis
2650 4657 2894 4712 vasculo.

662 4749 744 4804 De
771 4746 938 4803 faciei
965 4744 1198 4817 pallore.
2296 4748 2377 4803 De
2402 4752 2702 4818 conceptu,
2730 4744 2865 4799 dum
2894 4743 2974 4799 sol
3002 4748 3089 4799 est
3118 4742 3174 4797 in
3203 4760 3424 4801 cancro.

739 4939 781 5004 1)
811 4938 965 4993 Haec
1005 4935 1235 5009 physica
1268 4934 1547 5007 prolixius
1571 4952 1741 5006 quam
1781 4940 2047 5002 solemus,
2076 4940 2169 4993 da·
2262 4944 2387 4993 tura
2417 4938 2475 4993 in
2515 4939 2621 4994 hoc
2647 4936 2798 4993 libro
2836 4935 3181 4993 excutiatur.
3214 4936 3469 4993 Plurima
3510 4938 3568 4994 id
3589 4951 3760 5008 genus

667 5044 724 5081 re
762 5041 874 5079 non
914 5024 1123 5096 piguit.
1169 5028 1233 5075 ut
1263 5027 1595 5088 argumento
1637 5022 1754 5077 sint
1791 5039 1918 5079 cum
1955 5030 2169 5094 quanta
2259 5042 2328 5080 ne
2370 5022 2692 5086 afferamus.
2733 5030 2847 5079 tam
2876 5023 3135 5091 angustia
3183 5024 3364 5080 nostri
3410 5026 3550 5081 tomi
3588 5041 3753 5096 quam

672 5112 992 5184 prudentia.
1016 5111 1107 5166 cui
1140 5110 1407 5163 nonnulla
1441 5124 1550 5162 non
1577 5109 1731 5164 deest
1754 5111 2053 5179 elegantia,
2080 5127 2169 5164 na·
2260 5127 2446 5167 rerum
2477 5111 2663 5166 indole
2692 5109 3077 5181 prohibemur.
