4036 6117
773 475 902 536 370
1920 492 1972 535 s.
2036 488 2572 536 llanthARDIS

793 612 916 670 Per
963 626 1241 670 aureum
1292 626 1449 668 vero
1509 609 1890 684 praedictae
1926 610 2258 668 claritatis
2292 611 2613 678 colorem,
2651 608 3210 684 pulchritudinem
3247 609 3761 669 ordinatissimae

701 715 1064 774 voluntatis
1102 715 1317 789 ipsius
1354 715 1567 772 sancti
1603 713 1822 771 Patris
1859 712 2225 788 significari
2264 713 2581 786 intellexi,
2634 713 2826 789 cujus
2861 714 3239 774 constantia
3272 728 3390 790 per
3437 715 3651 774 omnia
3681 714 3761 773 di-

702 825 946 893 rectus,
998 821 1182 878 tanto
1235 817 1774 893 sapientissimae
1823 819 2359 878 conversationis
2412 817 2669 892 fulgore
2727 818 3163 893 resplenduit,
3201 821 3274 879 ut
3319 819 3604 894 gratiam
3635 836 3763 894 pro-

699 921 947 996 phetici
997 922 1279 997 spiritus
1329 921 1628 995 adeptuS‚
1684 922 1911 980 multis
1944 928 2011 980 et
2044 922 2307 981 occulta
2344 923 2695 996 revelaret,
2730 928 2798 981 et
2831 927 3113 983 ventura
3147 924 3663 997 praenuntiaret,
3696 938 3761 982 ac

698 1043 817 1102 per
865 1027 990 1086 hoc
1027 1029 1091 1086 in
1128 1027 1449 1086 societate
1485 1025 1962 1099 prophetarum
2002 1025 2240 1084 merito
2276 1032 2725 1101 computatur.

785 1131 991 1190 Porro
1052 1132 1314 1206 igneum
1374 1128 1674 1202 ejusdem
1731 1128 2062 1190 claritatis
2113 1131 2428 1203 calorem,
2491 1129 2616 1189 hoc
2665 1131 2731 1189 in
2782 1131 2894 1190 illo
2944 1130 3219 1204 figurari
3252 1132 3557 1206 cognovi,
3607 1132 3761 1208 quod

697 1235 936 1294 ardore
974 1235 1262 1310 Spiritus
1310 1234 1531 1293 Sancti
1584 1234 1902 1308 repletuS,
1954 1240 2023 1293 et
2071 1235 2211 1293 zelo
2256 1235 2558 1309 justitiae
2608 1251 2955 1308 accensuS‚
3010 1237 3074 1296 in
3124 1237 3640 1312 praedicationis
3684 1239 3763 1298 la·-

696 1341 858 1400 bore
914 1347 980 1399 et
1037 1341 1384 1399 idolatriae
1454 1338 1857 1414 dejectione,
1916 1339 2426 1398 devotissimum
2485 1355 2558 1398 se
2612 1338 2747 1399 Deo
2795 1346 2863 1400 et
2923 1340 3403 1417 infatigabilem
3461 1343 3759 1403 athletam

697 1461 964 1519 semper
1010 1445 1329 1517 exhibuit;
1381 1449 1447 1502 et
1482 1443 1628 1502 ideo
1677 1449 1864 1502 tanta
1911 1445 2066 1518 post
2109 1443 2341 1502 beatos
2389 1445 2733 1519 apostolos
2786 1461 2908 1504 suo
2959 1451 3256 1522 tempore
3305 1447 3761 1507 miraculorum

696 1547 912 1621 gloria
949 1547 1319 1605 illustratus
1354 1551 1480 1621 est,
1520 1553 1591 1605 ut
1625 1546 1861 1604 exinde
1895 1546 1995 1604 eis
2028 1544 2421 1618 dignissime
2456 1545 2861 1607 conferatur.

787 1656 857 1713 In
905 1672 1035 1731 quo
1086 1655 1345 1713 scilicet
1403 1652 1924 1729 praedicationis
1983 1649 2381 1725 ministerio,
2441 1668 2719 1729 pauper,
2772 1648 2993 1726 mitis,
3051 1655 3357 1715 esuriens
3412 1662 3480 1716 et
3542 1657 3757 1716 sitiens

693 1759 1064 1835 justitiam,
1126 1759 1546 1831 misericorS,
1598 1755 1944 1830 pacificuS,
1997 1756 2406 1831 mundicorS,
2457 1760 2525 1817 et
2570 1774 2691 1833 pro
2741 1757 3163 1818 obtectorum
3208 1753 3255 1837 ¹)
3306 1776 3584 1820 suorum
3629 1776 3762 1838 peo-

693 1867 890 1941 catiS‚
953 1869 1184 1940 lugens
1249 1879 1512 1939 semper
1571 1863 1913 1922 inventus:
1974 1866 2112 1921 tam
2182 1857 2591 1938 multiplices
2646 1879 2767 1937 pro
2823 1863 3283 1924 destructione
3352 1865 3653 1926 fanorum
3703 1869 3760 1925 et

691 1987 958 2030 ararum
1010 1970 1379 2042 eversione,
1431 1967 1589 2027 dum
1622 1970 1927 2024 errantes
1977 1970 2046 2024 et
2081 1966 2327 2024 lumine
2377 1965 2685 2025 veritatis
2735 1966 3035 2042 privatas
3082 1967 3216 2027 Deo
3276 1969 3539 2029 animas
3586 1985 3761 2029 cona-

692 2082 877 2134 retur
928 2075 1266 2147 reducere,
1321 2073 1404 2132 ah
1454 2071 1762 2130 idolatris
1814 2070 2044 2129 retulit
2096 2070 2396 2145 inJuriaS,
2449 2076 2522 2128 ut
2556 2071 2970 2130 consortium
3020 2077 3391 2148 martyrum
3434 2087 3628 2133 nemo
3675 2088 3760 2132 re-

691 2185 794 2241 cte
830 2180 1126 2251 sentiens
1160 2179 1219 2237 ei
1255 2193 1332 2235 ex
1363 2177 1512 2252 Jure
1549 2181 1745 2248 neget
1779 2180 2187 2249 competere,
2240 2190 2360 2233 nec
2397 2173 2544 2234 ideo
2578 2174 2685 2234 vel
2722 2190 2986 2234 manum
3023 2175 3170 2251 ejus
3215 2178 3435 2251 palma
3469 2193 3756 2250 vacuam,

689 2287 795 2346 vel
851 2290 1052 2360 caput
1113 2299 1360 2341 corona
1416 2279 1720 2354 martyrii
1780 2277 2177 2337 frustratum
2237 2279 2589 2354 quisquam
2655 2280 3030 2353 putaverit,
3097 2280 3275 2356 quod
3330 2296 3408 2339 ex
3466 2284 3761 2357 passione

690 2407 816 2448 non
865 2389 1201 2457 occubuit,
1254 2394 1320 2445 et
1370 2385 1546 2461 quod
1600 2386 1660 2444 in
1713 2383 2037 2458 sanguine
2088 2399 2215 2440 non
2264 2383 2428 2442 lavit
2477 2383 2717 2442 stolam
2768 2400 2982 2459 suam;
3034 2387 3192 2461 quia
3227 2388 3400 2463 apud
3424 2361 3676 2458 Deum,
3726 2408 3759 2449 a

686 2511 818 2569 quo
877 2494 1101 2567 potius
1158 2492 1470 2551 voluntas
1527 2490 1633 2549 vel
1684 2487 1962 2548 intentio
2022 2503 2220 2563 quam
2271 2501 2440 2562 opus
2497 2492 2857 2562 pensatur,
2918 2489 3158 2548 merito
3207 2489 3428 2550 devoti
3488 2492 3758 2553 affectus

685 2596 931 2654 totiens
982 2599 1235 2668 martyr
1282 2589 1561 2651 effectus
1609 2597 1741 2658 est,
1793 2589 2133 2666 quotiens,
2187 2590 2243 2648 si
2295 2588 2592 2648 carnifex
2640 2589 2909 2649 adesset
2967 2598 3082 2651 aut
3133 2600 3562 2669 persecutor,
3616 2597 3757 2655 lice-

691 2704 790 2757 ret
840 2714 957 2772 pro
1007 2696 1393 2756 defensione
1444 2695 1752 2754 veritatis
1796 2694 1904 2753 vel
1951 2693 2431 2768 propagatione
2479 2693 2833 2751 christiani
2882 2695 3106 2754 cultus
3165 2697 3454 2756 animam
3507 2715 3757 2775 ponere,

689 2807 970 2877 paratus
1005 2801 1212 2859 stetit.

777 2907 958 2965 Nunc
996 2908 1213 2964 tamen
1251 2904 1417 2962 haec
1468 2903 1717 2961 idcirco
1755 2901 2061 2973 dixerim,
2088 2901 2290 2975 ‘quod
2325 2902 2590 2961 omnino
2627 2906 2742 2960 aut
2775 2901 3069 2960 carnifex
3119 2903 3428 2981 defuerit,
3482 2914 3601 2967 aut
3633 2921 3763 2984 per-

687 3013 1060 3070 secutorem
1123 3007 1201 3067 ad
1262 3024 1414 3067 eum
1474 3005 1940 3066 trucidandum
2002 3005 2291 3080 impetus
2348 3005 2551 3065 animi
2610 3019 2810 3080 saepe
2866 3022 2996 3065 non
3056 3005 3410 3082 impulerit:
3466 3013 3587 3072 sed
3634 3013 3761 3089 qui-

688 3113 968 3173 busdam
1021 3113 1079 3170 id
1123 3113 1184 3170 in
1234 3128 1384 3170 eum
1437 3107 1862 3185 perpetrandi
1913 3114 1980 3167 et
2033 3107 2317 3167 facultas
2367 3109 2591 3168 oblata
2638 3115 2743 3168 est
2791 3112 2860 3169 et
2905 3111 3217 3171 voluntas
3265 3119 3546 3177 mutata.
3597 3118 3763 3177 Sicut

685 3218 771 3279 hi:
823 3235 1108 3294 quorum
1161 3216 1379 3289 alteri,
1439 3216 1596 3273 dum
1650 3214 1896 3289 rejecto
1947 3213 2175 3288 pallio,
2237 3212 2477 3271 nudam
2537 3229 2942 3288 percussuro
3000 3219 3331 3279 cervicem
3389 3222 3756 3296 obtulisset,

687 3323 933 3381 ferrum
985 3324 1042 3380 ei
1093 3322 1174 3380 de
1225 3321 1534 3380 manibus
1583 3334 1938 3377 exc-ussum
1993 3334 2119 3375 non
2171 3317 2568 3389 comparuit3
2628 3319 2827 3389 alter,
2880 3320 3034 3380 dum
3086 3323 3379 3397 gladium
3432 3327 3641 3389 altius
3686 3329 3758 3389 ad

685 3430 887 3487 ictum
947 3428 1329 3497 extulisset,
1387 3427 1743 3501 resupinus
1793 3424 1957 3492 ruit,
2015 3429 2621 3499 consternatusque
2678 3424 2903 3486 divino
2953 3430 3260 3504 numine,
3311 3436 3576 3494 veniam
3628 3449 3758 3511 pre·

684 3537 983 3595 cabatur.
1041 3536 1119 3593 Et
1171 3535 1294 3592 lioc
1345 3533 1537 3592 modo
1587 3532 1744 3590 dum
1806 3531 1979 3590 idola
2045 3531 2453 3600 destrueret,
2508 3534 2689 3592 velut
2753 3536 3272 3611 praedicationis
3327 3547 3757 3616 exequeretur

682 3640 1007 3707 officium,
1060 3646 1342 3697 mortem
1394 3637 1664 3711 saepius
1714 3637 1954 3708 evasit,
2006 3635 2138 3694 Deo
2175 3636 2489 3696 nimirum
2541 3639 2606 3696 in
2642 3637 2765 3698 hoc
2816 3641 3092 3703 utilitati
3141 3660 3303 3703 suae
3349 3646 3756 3720 providente,

683 3750 752 3802 ut
787 3743 971 3802 illius
1006 3738 1236 3800 contra
1272 3740 1700 3799 adversarios
1734 3739 2039 3798 doctrina
2075 3739 2334 3799 meritis
2368 3746 2435 3799 et
2468 3742 2791 3818 exemplis
2824 3742 3078 3805 diutius
3113 3753 3512 3808 armaretur.

2223 3970 2323 4042 ΙΙ.

771 4232 888 4290 Cui
939 4249 1016 4290 cx
1067 4232 1291 4290 divina
1349 4231 1659 4304 largitate
1707 4226 2058 4286 doctrinali
2110 4226 2428 4285 cathedra
2478 4229 2910 4306 praesidenti,
2970 4249 3049 4291 ex
3116 4235 3457 4308 praedicto
3507 4238 3760 4314 praedi-

679 4335 966 4393 cationis
1024 4336 1269 4409 osficiO,
1333 4335 1686 4410 plurimam
1747 4329 2120 4406 spiritualis
2170 4331 2591 4403 posteritatis
2647 4334 2942 4395 sobolem
3000 4342 3393 4415 propaganti
3445 4344 3647 4418 digne
3696 4343 3758 4401 il-

681 4439 810 4496 lius
869 4441 1258 4511 magnificae
1319 4436 1787 4514 promissionis
1856 4435 2185 4493 sententia
2233 4441 2457 4510 potest
2505 4439 2828 4512 cooptari:
2891 4443 3108 4502 Semel
3140 4443 3374 4517 juravi
3421 4449 3493 4507 in
3544 4455 3758 4508 sancto

676 4560 843 4617 mee,
896 4562 1118 4603 semen
1155 4543 1297 4617 ejas
1351 4548 1418 4602 in
1453 4550 1803 4601 aeternum
1850 4538 2166 4597 manebit:
2218 4547 2276 4597 et
2315 4542 2498 4599 sedes
2548 4541 2690 4616 ejus
2740 4547 2909 4605 sicut
2945 4548 3037 4607 sol
3085 4552 3158 4608 in
3194 4561 3547 4629 conspectu
3593 4573 3754 4624 mee,

677 4654 738 4705 et
779 4649 942 4706 sicut
984 4649 1148 4707 luna
1176 4650 1478 4724 perfecta
1510 4650 1576 4706 in
1616 4652 1987 4716 aeternum,
2026 4650 2083 4701 et
2123 4647 2305 4702 testis
2339 4647 2412 4703 in
2448 4647 2622 4704 coelo
2652 4648 2885 4725 fidelis
2919 4647 2970 4729 ²)

765 4752 932 4811 Vere
973 4753 1164 4811 testis
1203 4752 1443 4821 tidelis,
1473 4750 1588 4826 qui
1626 4762 1891 4821 semper
1938 4763 2196 4806 memor
2230 4747 2411 4806 illius
2446 4751 2819 4825 apostolici:
2861 4753 3031 4826 Quid
3063 4755 3252 4816 habes
3289 4760 3461 4837 quod
3493 4780 3629 4821 non
3662 4780 3756 4822 re-

747 4990 789 5053 ¹)
818 4990 881 5044 ln
911 4988 1104 5044 codice
1133 4994 1362 5042 notatur
1382 5005 1546 5059 supra
1571 4987 1776 5043 lineam
1800 4988 2015 5060 velpem
2038 4986 2171 5042 dein
2265 4994 2317 5044 te
2356 4990 2523 5058 longo
2553 4990 2650 5047 illo
2682 4992 2975 5048 verborum
3005 4994 3249 5058 ambitu.
3288 5011 3402 5067 quo
3440 4998 3582 5054 solet
3624 4998 3753 5055 Gui-

673 5076 881 5143 legitur
925 5076 1353 5133 obtrectatorum:
1400 5089 1560 5135 mox,
1603 5091 1672 5129 ne
1709 5074 1845 5144 quid
1893 5074 2172 5129 excidisse
2262 5077 2456 5131 bertus
2507 5078 2837 5150 exspatiari.
2895 5112 2963 5121 --
3010 5083 3054 5145 2)
3102 5082 3187 5137 Ps.
3236 5082 3624 5147 Lxxxvut,
3669 5090 3749 5146 36.

678 5161 898 5221 tium-as,
932 5159 1075 5214 refer
1100 5160 1421 5231 multiplices
1448 5160 1513 5213 ad
1545 5164 1810 5231 injurias,
1839 5160 2169 5232 interjaccn·
2264 5168 2352 5225 37,
2397 5167 2481 5217 35.
