4036 6117
610 488 742 546 292
1770 499 1821 544 s.
1875 498 2409 543 u1LnEGAnn1s

543 639 738 698 gnam
778 620 1383 681 remunerationem
1418 617 1777 694 habebitis,
1815 635 1966 679 cum
2001 620 2225 679 omnia
2262 621 2487 678 vestra
2520 624 2792 694 propter
2826 619 3035 679 Deum
3072 619 3483 696 relinquitis»,
3503 638 3647 679 cre-

546 729 742 797 detis,
779 742 1137 801 supernam
1172 724 1550 785 mercedam
1583 740 1706 783 vos
1743 724 2129 784 habituros?
2162 725 2243 784 Et
2272 741 2460 782 nemo
2487 724 2782 811 aseendit
2810 726 2880 784 in
2909 726 3185 800 eoelum,
3216 732 3288 785 ut
3315 725 3640 786 coelestia

543 831 902 906 desideret,
942 832 1074 890 nisi
1107 832 1220 907 qui
1255 831 1333 888 de
1370 830 1543 890 coelo
1577 830 1938 905 deseendit,
1974 845 2095 905 per
2130 828 2424 904 suspiria
2472 828 2693 888 cordis
2729 830 3086 890 ostendens
3129 829 3303 906 quod
3355 830 3638 890 abscon·

543 954 690 996 sum
720 944 786 997 et
824 938 1163 997 occultum
1197 940 1342 994 erat
1378 934 1440 993 in
1492 933 1691 993 corde
1727 950 1872 1008 su0,
1924 935 2103 1012 fitius
2137 935 2443 1008 hominis,
2495 932 2756 993 scilicet
2789 933 2855 992 in
2891 934 3016 994 hoc
3049 950 3121 993 se
3149 933 3481 993 hominem
3517 948 3640 1009 per

542 1041 1019 1119 poenitentiam
1056 1040 1546 1111 demonstranS‚
1585 1037 1699 1113 qui
1750 1043 1854 1096 est
1892 1038 1957 1097 in
1991 1037 2204 1112 coelo,
2240 1037 2400 1113 quia
2432 1037 2724 1112 gemitus
2759 1038 3048 1113 primum
3086 1039 3153 1098 in
3185 1038 3449 1097 occulto
3492 1053 3639 1096 cor-

543 1144 649 1203 dis
685 1144 940 1220 incipit,
976 1149 1043 1204 et
1077 1142 1345 1202 tandem
1383 1140 1684 1200 homines
1721 1140 1802 1199 ad
1838 1139 2247 1199 invisibilem
2280 1141 2932 1217 contemplationem,
2977 1157 3147 1218 quae
3184 1142 3250 1200 in
3281 1142 3468 1201 coelo
3501 1145 3629 1215 est,

544 1247 872 1323 perducit.

637 1353 718 1412 Et
756 1355 919 1412 sicut
958 1353 1227 1430 Moyses,
1268 1350 1330 1409 id
1366 1357 1470 1410 est
1503 1350 1925 1426 compunctio
1961 1350 2187 1409 cordis
2222 1351 2537 1409 eaealtavit
2574 1367 2844 1411 sursum
2878 1352 3193 1427 erigendo
3236 1355 3632 1429 serpentem,

543 1456 610 1515 id
641 1463 748 1516 est
782 1456 1165 1516 ariditatem
1199 1454 1446 1529 cordis,
1484 1458 1555 1514 in
1589 1450 1846 1513 deserto
1880 1454 1962 1514 de
1997 1454 2183 1513 vitiis
2221 1455 2371 1514 illos
2422 1456 2535 1531 qui
2590 1455 2655 1514 in
2703 1457 3000 1532 peccatis
3036 1460 3214 1533 sunt,
3267 1458 3426 1534 quia
3460 1472 3636 1515 corn-

544 1564 816 1641 punctio
850 1563 934 1622 ad
967 1564 1174 1622 vitam
1211 1561 1441 1636 trahit,
1477 1564 1573 1621 ita
1621 1562 1911 1620 emattari
1946 1566 2221 1637 oportet,
2275 1561 2338 1620 id
2386 1566 2491 1620 est
2542 1577 2895 1639 resurgere
2943 1564 3146 1623 etiam
3198 1565 3386 1624 illum
3436 1581 3473 1623 a
3506 1568 3638 1621 ter-

547 1670 730 1732 renis
766 1670 831 1729 in
865 1650 1109 1747 quibus
1138 1669 1340 1745 jacet,
1376 1669 1552 1747 filius
1584 1670 1895 1742 hominis,
1933 1668 2090 1743 quia
2126 1684 2254 1726 non
2290 1669 2498 1728 multa
2531 1668 2882 1745 delinquit,
2928 1677 3002 1728 ut
3037 1672 3247 1730 omnis
3281 1673 3393 1747 qui
3428 1668 3634 1729 credit

546 1777 619 1834 in
653 1777 815 1850 ipsO,
854 1774 946 1833 ita
980 1778 1053 1833 ut
1087 1778 1276 1849 putet
1311 1788 1383 1831 se
1416 1771 1826 1847 poenitentia
1863 1788 1991 1830 non
2029 1771 2345 1847 indigere,
2375 1773 2532 1848 quia
2560 1789 2689 1832 non
2716 1774 3001 1834 multum
3027 1780 3283 1850 peccat,
3314 1773 3431 1834 sed
3461 1773 3638 1832 sicut

547 1883 939 1955 peccatores
972 1876 1055 1936 ad
1089 1877 1300 1936 vitam
1335 1876 1751 1952 poenitentes
1786 1880 2170 1951 resurgunt,
2209 1875 2301 1935 ita
2334 1877 2538 1936 etiam
2573 1876 2670 1936 illi
2705 1878 2819 1952 qui
2854 1893 2926 1937 se
2960 1880 3196 1955 putant
3229 1893 3360 1937 non
3405 1891 3639 1952 pecca-

555 1997 648 2056 re,
689 1997 807 2056 pro
845 1981 969 2040 hac
1003 1981 1234 2040 eadem
1271 1996 1476 2039 causa
1511 1980 1986 2056 poenitentiam
2029 1978 2297 2053 faciant,
2346 1998 2479 2039 non
2507 1988 2735 2057 pereat
2771 1982 2913 2041 sine
2951 1982 3382 2057 poenitentia,
3419 1995 3539 2039 seu
3571 1978 3640 2037 in

545 2084 975 2160 negligentia,
1013 2086 1120 2145 vel
1160 2085 1224 2145 in
1261 2084 1432 2145 falsa
1468 2083 1733 2158 fiducia,
1787 2085 1901 2143 sed
1932 2082 2163 2145 habeat
2208 2086 2408 2143 vitam
2459 2090 2824 2160 aeternam,
2877 2101 3030 2145 cum
3077 2087 3277 2146 simul
3326 2100 3444 2161 per
3490 2097 3642 2158 gra-

550 2189 713 2248 tiam
746 2189 862 2248 Dei
897 2188 978 2249 ad
1015 2190 1224 2249 vitam
1261 2193 1638 2264 resurgant.v

1908 2428 2287 2536 XVII.

1191 2668 1271 2725 In
1318 2670 1494 2743 feria
1551 2666 1600 2725 V
1637 2673 1780 2743 post
1835 2668 1907 2725 ΙΙ
1954 2669 2370 2729 Dominicam
2427 2669 3002 2745 Quadraqesimae.

2068 2878 2115 2937 1.

643 3088 844 3148 Homo
881 3089 1176 3167 quidam,
1205 3082 1250 3167 ¹)
1287 3087 1402 3163 qui
1451 3086 1760 3163 designat
1807 3088 2112 3148 homines
2163 3090 2229 3148 in
2264 3096 2444 3150 terra
2480 3092 2979 3163 conversanteS,
3032 3096 3173 3149 erat
3208 3090 3389 3150 dives
3423 3089 3638 3164 valde,

451 3224 455 3228 <
552 3195 909 3255 ostendens
952 3194 1291 3270 sapientes
1326 3199 1392 3252 et
1427 3192 1811 3269 prudenteS,
1864 3194 1980 3269 qui
2032 3195 2097 3253 in
2145 3194 2471 3268 sapientia
2515 3211 2638 3254 sua
2684 3196 3117 3269 extolluntur,
3168 3200 3237 3254 et
3286 3196 3351 3253 in
3397 3193 3640 3253 timore

561 3305 629 3357 et
664 3300 727 3357 in
763 3297 1013 3358 honore
1044 3297 1161 3356 Dei
1196 3303 1482 3373 torpent,
1519 3314 1641 3356 nec
1675 3298 1742 3358 in
1778 3314 1849 3357 se
1886 3299 2243 3374 aspiciunt,
2296 3314 2369 3357 se
2414 3298 2714 3358 homines
2749 3303 3248 3374 cognoscentes
3290 3299 3372 3358 Et
3405 3299 3642 3358 indue-

551 3402 744 3461 batur
772 3421 1102 3478 purpura,
1157 3401 1221 3460 id
1256 3407 1361 3461 est
1411 3402 1913 3462 circumdantur
1962 3401 2217 3462 honore
2251 3418 2449 3478 quem
2484 3402 2786 3461 homines
2820 3403 2920 3461 eis
2967 3402 3302 3477 exhibent,
3355 3407 3419 3460 et
3457 3399 3641 3479 bysso

556 3509 618 3566 id
655 3511 759 3567 est
792 3522 1059 3566 rumore
1093 3505 1174 3565 de
1208 3522 1339 3581 quo
1375 3506 1689 3581 gaudent,
1742 3513 1803 3565 et
1853 3506 2246 3582 epulabatur
2296 3507 2608 3583 quotidie,
2646 3505 2906 3566 scilicet
2940 3512 3013 3566 ut
3047 3506 3393 3582 requirant
3424 3505 3645 3582 quoti-

553 3613 752 3670 diana
786 3610 1010 3670 officia
1044 3610 1409 3669 voluntatis
1445 3625 1630 3684 suae,
1669 3611 2043 3688 splendide,
2083 3610 2397 3670 videlicet
2432 3611 2574 3669 sine
2612 3612 2848 3670 timore
2881 3610 3165 3672 Domini.

645 3715 723 3772 Et
759 3718 900 3771 erat
949 3713 1222 3788 quidam
1267 3712 1636 3786 mendicus,
1692 3712 1756 3770 id
1805 3714 1911 3772 est
1960 3712 2208 3771 idiotae
2243 3714 2311 3772 et
2358 3713 2724 3788 simplices,
2765 3714 2879 3789 qui
2916 3714 2983 3773 in
3015 3719 3216 3788 gustu
3266 3714 3641 3774 animarum

559 3834 837 3878 suarum
871 3819 1165 3893 gemunt,
1224 3817 1316 3876 ita
1365 3817 1539 3893 quod
1576 3817 1974 3892 sapientiam
2025 3823 2092 3876 et
2140 3806 2566 3893 prudentiam
2600 3818 2887 3877 libenter
2920 3818 3264 3894 haberent,
3302 3820 3415 3878 sed
3451 3819 3533 3879 ad
3567 3819 3645 3878 il-

555 3927 683 3984 lam
722 3923 1084 3983 ascendere
1120 3938 1248 3981 non
1282 3927 1585 3998 possunt,
1622 3924 1888 3981 nomine
1929 3924 2243 3996 Lazarus,
2280 3923 2373 3983 ita
2409 3923 2584 3998 quod
2621 3928 2773 3982 sunt
2806 3919 2882 4001 ²),
2929 3925 3043 4001 qui
3073 3920 3358 3998 jacebat,
3397 3923 3462 3981 in
3497 3938 3645 3982 sen-

556 4029 745 4089 sibus
779 4029 923 4088 suis
955 4027 1303 4103 prostrati,
1335 4026 1413 4086 ad
1433 4023 1722 4101 januam
1756 4022 1921 4102 ejus,
1961 4026 2027 4086 id
2060 4030 2163 4088 est
2197 4028 2277 4087 ad
2313 4032 2617 4103 apertum
2654 4043 2925 4087 sensum
2961 4028 3361 4101 sapientium
3387 4027 3645 4103 praela-

556 4140 800 4207 torum,
833 4132 1164 4192 ulceribus·
1197 4132 1459 4208 plenuS,
1501 4132 1757 4192 scilicet
1792 4132 2062 4192 miseris
2095 4132 2476 4203 desideriis,
2512 4148 2683 4208 quae
2717 4147 3046 4208 pauperes
3083 4131 3324 4206 spiritu
3360 4133 3427 4190 in
3470 4131 3645 4189 desi-

557 4237 742 4296 derio
779 4237 1046 4309 habent,
1084 4236 1332 4310 ubique
1365 4235 1786 4310 circumdati;
1816 4239 2088 4313 cupiens
2125 4239 2443 4307 saturari,
2471 4236 2786 4295 videlicet
2810 4236 3077 4312 repleri,
3108 4237 3187 4294 de
3212 4238 3423 4310 micis,
3454 4235 3516 4295 id
3542 4236 3644 4295 est

557 4340 853 4399 minimis
887 4339 1081 4399 donis
1117 4339 1505 4415 sapientiae,
1543 4359 1710 4418 quae
1747 4339 2085 4414 cadebant,
2140 4341 2401 4401 scilicet
2433 4341 2839 4400 excedebant
2873 4357 3257 4400 mensuram
3290 4341 3639 4416 donorum,

559 4446 735 4503 sicut
771 4444 1142 4519 fragmenta
1179 4446 1292 4503 illa
1327 4461 1498 4521 quae
1533 4445 2010 4521 superfuerunt
2044 4445 2148 4505 his
2183 4447 2298 4522 qui
2334 4446 2920 4518 manducaverant,
2951 4446 3029 4504 de
3057 4463 3313 4516 mensa,
3346 4445 3408 4505 id
3436 4451 3538 4505 est
3563 4446 3643 4504 de

557 4551 1150 4626 comprehensione
1184 4567 1384 4626 quam
1421 4551 1617 4609 homo
1656 4553 1720 4610 in
1756 4552 2100 4611 intellectu
2151 4569 2270 4612 suo
2305 4552 2836 4626 comprehendit,
2882 4552 3128 4626 divitis,
3175 4551 3235 4610 id
3280 4557 3382 4611 est
3416 4566 3647 4628 super·-

555 4654 937 4713 excedentis
965 4656 1226 4713 culmen
1255 4655 1669 4730 prudentiae,
1700 4662 1761 4713 et
1789 4674 2001 4729 nemo,
2033 4656 2348 4715 videlicet
2375 4672 2494 4715 nec
2522 4655 2859 4730 superflua
2886 4657 3199 4716 voluntas
3233 4673 3487 4730 eorum,
3525 4672 3644 4715 nec

558 4760 766 4819 stulta
799 4758 1169 4818 sciscitatio
1208 4760 1526 4834 ipsorum,
1565 4760 1758 4834 quasi
1792 4759 2073 4819 nihilum
2113 4761 2268 4834 sint,
2298 4762 2403 4820 illi
2438 4759 2628 4818 dabat
2656 4759 2825 4818 dona
2852 4760 3242 4836 sapientiae,
3273 4776 3475 4835 quarn
3510 4760 3645 4820 ina-

557 4866 732 4923 niter
767 4863 1197 4939 quaerebant.
1232 4864 1360 4923 Sed
1394 4869 1456 4920 et
1485 4882 1702 4937 canes,
1732 4863 1797 4922 id
1825 4866 1927 4923 est
1955 4880 2210 4939 pauper
2239 4863 2641 4937 humanitaS,
2676 4862 3022 4923 veniebant
3053 4863 3116 4922 in
3152 4870 3437 4923 mentem
3474 4864 3651 4937 ipso-

558 4985 728 5042 rum,
765 4975 824 5026 et
864 4966 1193 5043 tingebant
1232 4967 1644 5027 admonendo
1679 4970 1909 5028 ulcera
1941 4965 2106 5042 eJ‘uS,
2145 4969 2404 5028 scilicet
2441 4969 2761 5028 miserum
2803 4967 3208 5027 desiderium
3257 4985 3517 5040 eorum,
3555 4969 3649 5028 ita

634 5168 673 5234 ¹)
705 5170 834 5225 Luc.
869 5169 1023 5233 xvt,
1062 5175 1234 5226 19-31.
1272 5202 1334 5210 —
1361 5174 1405 5238 2)
1435 5170 1630 5227 Nescio
1659 5185 1844 5227 annon
1873 5171 2091 5242 aliquid
2122 5171 2422 5236 exciderit,
2451 5171 2581 5228 dein
2611 5174 2748 5244 quia
2764 5172 2981 5241 Jarebat
3007 5169 3127 5225 cod.
