4036 6117
1276 513 1334 559 11
1389 515 1632 559 Lmen
1690 515 1894 560 vira-3
1954 514 2425 560 usmronun
3194 497 3315 558 101

305 645 450 691 eum
479 632 846 692 carnaliter
879 633 1104 692 videre
1154 650 1282 693 non
1329 641 1575 710 potest,
1631 636 1695 694 in
1742 652 1982 710 magna
2030 636 2337 694 claritate
2371 650 2648 709 operum
2697 650 2971 694 suorum
3008 635 3389 693 hominibus

310 735 530 809 fulget,
567 744 637 795 et
672 738 897 796 omnia
929 740 1314 798 necessaria
1346 740 1450 798 eis
1481 739 1735 800 tribuit.

1670 965 2028 1026 Lxxxlm.

1407 1161 1676 1222 Secreta
1708 1161 1831 1222 Dei
1865 1179 2004 1220 esse
2040 1168 2313 1238 oportet.

385 1360 536 1422 101.
566 1362 648 1422 Et
673 1365 827 1440 quis
853 1365 979 1425 hoc
1007 1365 1280 1442 faceret,
1317 1368 1447 1427 nisi
1481 1367 1693 1427 Deus?
1724 1368 1890 1440 Quid
1916 1369 2193 1428 Domino
2228 1370 2604 1446 prodesset,
2635 1367 2813 1445 quod
2842 1367 3167 1427 famulum
3191 1381 3389 1425 suum

295 1466 514 1525 omnia
547 1468 814 1527 occulta
847 1486 970 1528 sua
1004 1471 1180 1529 scire
1214 1470 1669 1547 permitteret?
1697 1465 1744 1549 ¹)
1779 1472 1909 1532 Aut
1943 1473 2103 1549 quid
2136 1473 2443 1532 dominae
2477 1471 2836 1546 conferret,
2883 1471 2942 1529 si
2975 1469 3217 1529 ancilla
3254 1483 3379 1525 sua

300 1569 519 1628 omnia
567 1580 832 1632 secreta
877 1574 1025 1649 ejus
1074 1575 1315 1634 sciret?
1360 1576 1482 1635 Ubi
1532 1576 1659 1635 hoc
1706 1582 1913 1650 esset,
1968 1577 2199 1637 famuli
2252 1592 2457 1653 super
2501 1576 2809 1636 dominos
2858 1591 3021 1634 suos
3056 1569 3388 1632 dominari

299 1672 565 1734 vellent.

1692 1886 1995 1950 LXXXV.

555 2097 761 2157 Homo
785 2100 859 2158 in
889 2103 1190 2176 puritate
1222 2102 1378 2181 fidei
1416 2103 1628 2162 Deum
1662 2102 2017 2178 inlelliqat,
2055 2109 2116 2161 et
2154 2100 2410 2161 Diaboli
2443 2102 2791 2161 illusiones
2824 2099 3111 2175 rejiciat.

382 2302 537 2364 102.
575 2305 743 2363 Cum
773 2307 951 2365 enim
987 2306 1184 2367 homo
1225 2323 1297 2367 se
1332 2307 1553 2383 ipsum
1585 2313 1650 2366 et
1686 2313 2036 2367 creaturas
2069 2324 2238 2384 quas
2271 2308 2477 2383 videt,
2505 2309 2785 2382 nesciat,
2821 2304 3153 2384 quomodo
3177 2302 3388 2361 Deum

299 2423 489 2483 quem
525 2424 659 2467 non
689 2408 897 2483 videt,
935 2409 1017 2468 ad
1051 2410 1248 2469 finem
1280 2411 1644 2486 perducere
1677 2412 1942 2487 posset?
1981 2411 2106 2469 Sed
2143 2413 2207 2470 in
2239 2412 2533 2486 puritate
2576 2411 2727 2471 fidei
2774 2409 2982 2469 Deum
3031 2405 3387 2481 intelligat,

299 2515 362 2570 et
389 2511 644 2586 videat,
678 2518 746 2572 et
778 2529 910 2572 non
955 2513 1371 2589 desperando
1418 2514 1620 2589 dicat,
1672 2515 1830 2590 quia
1877 2515 2032 2590 quis
2078 2514 2255 2573 Deus
2303 2516 2416 2588 sit,
2454 2515 2567 2590 qui
2600 2516 2661 2573 ei
2697 2527 3094 2574 succurrere
3140 2511 3387 2587 possit,
3434 2594 3443 2602 ι

300 2616 579 2689 nesciat;
615 2620 684 2674 et
715 2615 893 2691 quod
928 2616 994 2675 in
1028 2621 1164 2676 tam
1197 2616 1527 2693 profunda
1561 2618 1735 2677 mala
1769 2618 2166 2677 submersus
2200 2618 2312 2691 sit,
2341 2617 2517 2693 quod
2553 2618 2620 2676 in
2652 2616 2754 2675 eis
2785 2616 2998 2675 vitam
3038 2619 3108 2673 et
3140 2613 3394 2672 laetum

299 2718 615 2792 gaudium
649 2719 899 2778 habere
928 2736 1060 2779 non
1092 2720 1330 2796 possit.
1367 2720 1532 2780 Nam
1564 2720 1896 2781 diabolica
1931 2722 2128 2780 turba
2160 2721 2392 2794 Deum,
2430 2737 2560 2779 non
2601 2719 2778 2779 sicut
2809 2717 3040 2791 Deum,
3071 2715 3189 2775 sed
3215 2715 3393 2774 sicut

302 2822 616 2897 sculptile
664 2838 818 2882 esse
866 2822 1249 2884 hominibus
1300 2825 1536 2899 innuit,
1574 2831 1642 2882 et
1673 2830 1949 2900 propter
1983 2825 2355 2901 nequitiam
2403 2840 2595 2883 suam
2629 2822 2916 2898 gloriam
2957 2818 3396 2881 beatitudinis

302 2925 516 2999 magis
549 2925 883 3001 abnegare
915 2926 1279 3002 contendit,
1317 2944 1519 3003 quam
1564 2943 1713 2987 eam
1746 2927 1992 2989 habere
2026 2928 2383 2987 desideret.
2433 2926 2617 2997 Quod
2649 2927 2765 3002 qui
2816 2924 3068 2984 salvari
3100 2923 3245 2982 vult
3278 2922 3401 2981 ho-

304 3043 425 3104 mo,
464 3045 604 3089 non
640 3028 865 3105 faciat,
905 3031 1023 3091 sed
1058 3032 1124 3092 in
1157 3030 1365 3092 Deum
1400 3032 1710 3108 confidat,
1747 3039 1813 3092 et
1846 3032 2219 3094 diabolicas
2253 3032 2602 3093 illusiones
2627 3030 2709 3091 de
2734 3047 2806 3092 se
2837 3029 3171 3107 projiciat;
3216 3033 3284 3087 et
3314 3027 3398 3087 de

307 3139 614 3214 peccatis
665 3140 834 3214 suiS,
886 3146 1220 3216 quatenus
1268 3141 1585 3216 potuerit,
1636 3157 1756 3217 per
1787 3157 2017 3200 veram
2050 3140 2525 3217 poenitentiam
2577 3156 2650 3199 se
2679 3137 3014 3209 emundet,
3066 3139 3399 3211 quatenus

308 3259 512 3319 quum
548 3243 773 3304 anima
807 3262 930 3305 sua
963 3262 1211 3323 corpus
1246 3263 1443 3307 suum
1474 3248 1758 3323 exuerit,
1796 3249 1862 3307 in
1895 3248 2009 3307 illa
2042 3249 2183 3307 vita
2216 3247 2447 3307 mitius
2479 3245 2782 3323 purgari,
2817 3250 2885 3303 et
2916 3242 3117 3302 citius
3149 3238 3399 3298 debitis

307 3350 541 3426 poenis
566 3351 737 3426 eripi
764 3358 1122 3412 mereatur.
1160 3353 1339 3412 Haec
1371 3359 1597 3413 autem
1627 3354 1710 3413 de
1741 3354 2225 3429 poenitentium
2258 3352 2610 3412 animabus
2641 3348 3007 3427 purgandis
3038 3351 3107 3406 et
3130 3345 3399 3405 salvan-

310 3451 408 3513 dis
453 3452 646 3513 dicta
697 3460 877 3531 sunt,
927 3462 996 3515 et
1042 3456 1262 3516 fidelia
1310 3462 1488 3533 sunt;
1540 3462 1608 3519 et
1655 3456 1871 3516 fidelis
1919 3455 2027 3516 his
2062 3457 2384 3532 attendat,
2418 3462 2487 3516 et
2517 3472 2597 3516 ea
2644 3456 2714 3515 in
2755 3452 3148 3515 memoriam
3181 3450 3397 3511 bonae

311 3559 634 3619 scientiae
667 3566 1042 3636 componat.

1411 3780 1631 3840 FINIT
1678 3778 2048 3842 SECUNDA
2094 3779 2303 3842 PARS

380 4032 422 4100 ⁸)
445 4035 818 4105 permanerent
840 4030 936 4086 W.
964 4046 1098 4086 mox
1124 4029 1274 4086 idem
1299 4036 1491 4085 cunda
1514 4036 1731 4085 secreta.
