4036 6117
1202 534 1435 580 mnan
1484 533 1680 578 vii-,43
1730 532 2213 578 MssntroRUM.
2268 534 2324 577 P.
2376 532 2463 577 iv,
3178 519 3297 577 ⁴151

1737 753 1893 814 vm.

1367 963 1777 1039 Responsum
1832 965 2275 1023 Constantine.

371 1168 473 1231 12.
511 1171 589 1230 Et
625 1171 865 1231 iterum
897 1172 980 1230 de
1012 1171 1314 1246 praefata
1365 1172 1632 1231 turbida
1680 1173 1854 1231 nube
1903 1171 2128 1231 audivi
2180 1187 2413 1230 vocem
2449 1171 2604 1230 huic
2649 1170 2922 1246 imagini
2976 1187 3374 1247 responsum

271 1275 565 1335 dantem:
607 1294 638 1334 ‹
678 1275 773 1335 Tu
813 1275 1022 1337 stulta
1053 1280 1121 1334 et
1151 1293 1324 1334 vana
1357 1291 1454 1350 eS,
1491 1292 1569 1334 ac
1606 1277 1669 1335 in
1706 1277 1966 1350 magnis
2001 1277 2259 1336 viribus
2293 1276 2621 1335 donorum
2657 1275 2773 1335 Dei
2810 1276 3154 1336 derelicta.
3188 1277 3371 1337 Unde

277 1394 310 1432 ι
350 1377 725 1438 considera.
761 1377 1080 1438 Diabolus
1114 1378 1290 1455 quod
1324 1379 1542 1454 potuit
1573 1379 1750 1451 fecit,
1780 1385 1847 1438 et
1882 1380 1944 1438 in
1983 1378 2313 1438 infernum
2348 1378 2610 1439 cecidit.
2647 1378 2855 1438 Adam
2885 1395 3150 1456 quoque
3186 1380 3364 1455 quod

277 1497 312 1534 ›
354 1479 536 1553 fecit,
574 1481 640 1539 in
676 1486 878 1555 gustu
912 1483 1145 1555 sensit,
1183 1488 1251 1540 et
1285 1482 1350 1541 in
1383 1483 1563 1542 omni
1596 1498 1838 1557 genere
1873 1499 1994 1543 suo
2029 1483 2335 1542 mortalis
2370 1488 2494 1542 est.
2533 1482 2801 1542 Goliath
2836 1483 3041 1542 etiam
3078 1483 3373 1544 confisus

275 1603 307 1640 ι
347 1591 454 1644 est
486 1586 808 1662 perficere
843 1586 1019 1662 quod
1053 1589 1291 1663 potuit,
1328 1594 1395 1647 et
1427 1604 1594 1663 puer
1628 1589 1814 1647 illum
1851 1588 2215 1664 superavit.
2252 1586 2376 1646 Sed
2411 1593 2478 1646 et
2511 1588 3146 1663 Nabuchodonosor,
3181 1589 3361 1648 filius

279 1708 312 1746 ι
354 1695 536 1764 tuna,
574 1709 613 1751 a
647 1698 711 1750 te
748 1693 1006 1768 accepit
1041 1693 1217 1769 quod
1252 1695 1493 1769 potuit,
1531 1699 1597 1752 et
1630 1693 1782 1768 quis
1818 1693 1968 1752 finis
2001 1693 2147 1769 ejus
2184 1692 2341 1752 suit‘?
2374 1693 2452 1751 Et
2486 1692 2599 1752 alii
2627 1693 2744 1752 filii
2781 1693 2902 1767 tui,
2939 1694 3270 1769 quomodo
3305 1694 3374 1753 in

278 1816 311 1854 ι
351 1798 453 1857 eis
488 1799 683 1858 finem
722 1797 1042 1872 fecerunt,
1095 1815 1264 1874 quae
1300 1817 1336 1858 a
1369 1805 1434 1858 te
1468 1799 1903 1875 acceperunt?
1949 1799 2112 1858 Nam
2160 1798 2337 1857 Deus
2385 1798 2500 1873 qui
2551 1798 2800 1857 homini
2849 1798 3373 1873 possibilitatem

275 1920 307 1956 »
347 1900 668 1976 operandi
701 1900 905 1975 dedit,
945 1902 1289 1962 scientiam
1327 1918 1590 1977 quoque
1624 1901 2047 1961 discernendi
2081 1901 2263 1977 quod·
2291 1900 2642 1960 honestum
2679 1907 2746 1960 et
2780 1901 3203 1962 inhonestum
3240 1907 3368 1976 est,

275 2025 308 2062 n
349 2006 412 2065 ei
447 2006 702 2067 tribuit.
737 2005 817 2065 Et
850 2006 1062 2066 bonae
1097 2006 1418 2065 scientiae
1452 2005 1749 2081 gladium
1783 2023 1861 2065 ac
1898 2006 2113 2066 malae
2149 2006 2472 2065 scientiae
2509 2004 2722 2066 fustes
2756 2005 2958 2065 dedit.
2991 2005 3155 2066 Cum
3189 2006 3367 2064 enim

275 2130 306 2166 n
348 2127 509 2171 caro
544 2112 854 2187 pullulat,
890 2118 957 2171 et
991 2128 1143 2172 cum
1176 2112 1438 2171 animus
1487 2113 1548 2171 ei
1584 2112 1917 2171 consentit
1965 2128 2241 2172 causam
2290 2127 2461 2187 quae
2512 2112 2769 2171 inutilis
2804 2117 2930 2186 est,
2982 2111 3368 2187 exequendo

279 2235 309 2269 n
350 2215 548 2290 bona,
588 2216 869 2276 scientia
915 2214 1210 2291 gladium
1262 2232 1459 2276 suum
1505 2223 1739 2276 contra
1787 2217 2036 2277 malam
2086 2216 2438 2276 scientiam
2470 2215 2715 2289 vibrat,
2768 2222 2836 2274 et
2870 2217 3044 2275 mala
3089 2216 3373 2275 scientia

275 2340 306 2374 D
350 2319 565 2379 fustes
601 2337 763 2380 suos
795 2325 1027 2380 contra
1062 2320 1244 2380 illam
1277 2320 1592 2394 extendit,
1630 2321 1801 2380 unde
1837 2321 2032 2381 homo
2076 2321 2426 2397 provideat
2456 2317 2502 2398 ¹)
2540 2320 2716 2396 quod
2752 2321 2883 2380 sibi
2916 2323 3153 2397 prosit.
3188 2321 3368 2380 Deus

280 2443 310 2477 n
350 2423 529 2482 enim
558 2424 772 2482 malae
798 2423 1118 2483 scientiae
1146 2423 1366 2482 locum
1392 2425 1598 2499 ponit,
1628 2430 1693 2483 et
1720 2424 1929 2483 bonae
1957 2425 2276 2484 scientiae
2303 2425 2552 2484 scalam
2571 2419 2622 2500 ²)
2654 2424 2717 2484 in
2744 2424 3036 2498 coelum,
3056 2425 3214 2500 quia
3240 2425 3375 2483 vir-

280 2544 311 2580 ι
352 2531 464 2585 tus
510 2523 629 2584 Dei
676 2530 801 2585 est.
837 2524 888 2585 Ο
921 2526 1216 2602 pessima
1263 2527 1447 2586 velut
1497 2543 1701 2601 morS,
1738 2534 1805 2586 et
1838 2529 2154 2603 quoniam
2188 2526 2368 2587 aliud
2402 2527 2621 2601 eligis,
2658 2532 2724 2584 et
2759 2525 2940 2585 aliud
2975 2529 3368 2588 contemnis

277 2647 310 2684 1
350 2629 515 2688 Nam
551 2630 618 2689 in
649 2630 871 2690 lacum
902 2630 1277 2705 descendiS,
1314 2637 1380 2690 et
1416 2631 1666 2690 scalam
1701 2631 2119 2691 ascensionis
2155 2631 2220 2690 in
2255 2633 2515 2690 coelum
2549 2631 2835 2707 respuis,
2869 2650 2900 2686 »

367 2733 472 2793 13.
506 2734 819 2806 Quintam
851 2741 1073 2794 autem
1111 2735 1463 2811 imaginem
1499 2737 1659 2811 vidi,
1701 2736 1981 2798 formam
2032 2737 2322 2807 hominis
2371 2743 2438 2795 et
2488 2735 2774 2811 pallidos
2810 2737 3090 2812 capillos
3127 2737 3372 2797 haben-

278 2844 437 2910 tem,
476 2854 553 2897 ac
588 2839 654 2898 in
688 2838 982 2898 tenebris
1018 2840 1211 2915 quasi
1250 2839 1316 2898 in
1348 2839 1526 2899 dolio
1562 2840 1806 2900 nudam
1841 2846 2152 2900 stantem.

1731 3063 1922 3122 VIIII.

1349 3257 1555 3316 Verba
1607 3260 1816 3318 Curae
1867 3266 2308 3318 terrenorum.

371 3468 478 3529 14.
514 3468 592 3528 Et
623 3467 909 3527 dicebat:
951 3485 983 3526 α
1021 3467 1199 3539 Quae
1234 3467 1617 3528 sollicitudo
1653 3468 2104 3528 sollicitudine
2132 3468 2331 3545 hujus
2359 3467 2612 3527 saeculi
2649 3467 2886 3528 melior
2910 3469 3051 3530 est?
3084 3471 3196 3531 ubi
3227 3486 3381 3547 gra·

287 3593 315 3629 ι
357 3574 538 3632 mina
587 3578 655 3632 et
701 3570 1051 3649 pomifera,
1101 3578 1169 3632 et
1216 3572 1329 3632 ubi
1380 3571 1736 3645 vindemia,
1790 3579 1990 3648 atque
2040 3573 2172 3633 alia
2207 3572 2361 3631 huic
2394 3572 2573 3631 vitae
2606 3574 2991 3632 necessaria
3038 3580 3376 3649 crescunt,

283 3698 313 3735 »
352 3678 600 3755 quibus
644 3676 948 3736 homines
998 3676 1408 3751 reficiuntur,
1458 3682 1527 3736 et
1575 3681 2058 3737 sustentantur.
2110 3676 2175 3735 Si
2223 3676 2399 3735 enim
2447 3691 2526 3734 ex
2575 3676 2790 3736 oculis
2840 3678 3008 3737 meis
3058 3678 3377 3738 lacrimas

284 3801 315 3838 ι
358 3781 729 3856 funderem,
780 3781 887 3840 vel
935 3781 996 3840 si
1031 3781 1097 3840 in
1131 3780 1445 3857 suspiriis
1479 3787 1714 3857 pectus
1749 3797 1969 3840 meum
2002 3786 2445 3857 percuterem,
2498 3781 2604 3842 vel
2640 3782 2699 3839 si
2732 3796 2949 3856 genua
2984 3797 3129 3842 mea
3157 3782 3377 3842 ssecte-

287 3909 315 3945 ι
355 3906 522 3963 rem,
560 3888 712 3949 inde
747 3904 868 3949 nec
899 3888 1122 3949 cibum
1155 3903 1279 3948 nec
1309 3888 1780 3948 vestimentum
1815 3888 2156 3961 haberem,
2194 3888 2311 3947 sed
2345 3887 2716 3947 deficerem.
2746 3887 2930 3959 Quod
2966 3889 3023 3946 si
3058 3889 3261 3949 etiam
3294 3890 3379 3947 ad

290 4012 320 4050 )
360 3994 622 4053 coelum
656 3993 1040 4067 clamarem,
1092 3999 1158 4053 et
1208 3994 1265 4052 si
1299 4011 1338 4053 a
1382 3994 1523 4053 sole
1570 3999 1636 4052 et
1670 4011 1708 4053 a
1742 3994 1898 4053 luna
1931 4009 2009 4053 ac
2043 4010 2080 4051 a
2115 3992 2332 4052 stellis
2365 3992 2749 4051 necessaria
2785 4008 2932 4052 mea
2965 3998 3367 4068 expeterem,

291 4116 321 4154 »
359 4096 527 4157 nihil
562 4097 728 4158 mihi
760 4096 1114 4158 conferret.
1146 4089 1196 4175 ⁸)
1236 4096 1652 4173 Quapropter
1684 4097 1905 4157 omnia
1938 4113 2110 4171 quae
2144 4096 2520 4171 cogitandO,
2556 4094 2886 4171 loquendo
2928 4101 2995 4155 et
3044 4095 3379 4170 operando

292 4224 321 4257 ι
361 4204 713 4279 acquirere
745 4208 1047 4277 potuero,
1087 4202 1200 4261 illa
1236 4202 1397 4260 mihi
1432 4201 1787 4275 attraham,
1825 4208 2154 4277 quatenus
2189 4218 2391 4277 super
2425 4206 2673 4260 terram
2709 4201 2935 4259 vivere
2969 4201 3244 4275 possim.
3289 4219 3319 4256 ι)

1257 4621 1669 4696 Responsum
1719 4619 2013 4678 coelestis
2065 4617 2418 4676 Desidet-ii.

358 4831 464 4891 15.
500 4830 624 4891 Sed
663 4830 908 4889 iterum
954 4828 1036 4889 de
1084 4828 1429 4905 praedicta
1476 4828 1744 4888 turbida
1790 4827 1965 4888 nube
2013 4826 2239 4886 audivi
2273 4841 2505 4886 vocem
2538 4825 2754 4885 eidem
2792 4824 3064 4900 imagini
3114 4841 3382 4900 respon-

293 4937 576 4997 dentem:
618 4956 649 4994 «
689 4934 742 4995 O
776 4935 1127 5011 spoliatrix
1160 4930 1560 5002 animarum,
1612 4931 1774 5009 quid
1822 4930 2029 4991 dicis‘?
2074 4931 2256 4990 Mens
2306 4937 2421 4991 tua
2474 4929 2831 5006 fallax-est,
2869 4930 3026 5006 quia
3078 4930 3142 4988 in
3172 4928 3382 4988 Deum

301 5060 332 5097 ι
371 5057 501 5100 non
533 5040 837 5113 confidiS,
866 5038 979 5116 qui
1007 5039 1229 5098 omnia
1256 5039 1639 5097 necessaria
1672 5042 1994 5113 praestat3
2033 5036 2344 5112 quoniam
2378 5031 2425 5111 ⁴)
2456 5033 3012 5110 quemadmodum
3048 5050 3291 5109 corpus
3325 5033 3386 5091 si

373 5211 416 5275 ¹)
437 5212 753 5283 praevideat
780 5207 869 5262 W.
919 5240 969 5248 —
992 5209 1038 5273 ²)
1063 5207 1210 5262 scala
1237 5205 1306 5269 A,
1337 5206 1426 5261 W.
1465 5237 1524 5245 -
1550 5205 1593 5271 ³)
1621 5206 1794 5261 nichil
1819 5206 1956 5260 mihi
1980 5206 2283 5277 cmtscrrem
2310 5203 2399 5259 W.
2432 5233 2499 5242 —
2527 5202 2569 5267 ⁴)
2596 5204 2744 5273 quod
2770 5201 2835 5256 A.
