4036 6117
1211 517 1450 562 Lmen
1501 518 1701 562 VlTAE·
1751 518 2247 564 Mssni'roaum.
2301 522 2357 565 P.
2409 520 2514 564 111.
3224 505 3343 568 121

328 631 429 692 ter
458 632 528 686 et
575 629 913 689 acerbiter
959 629 1263 706 dilaniat,
1316 634 1665 692 conculcat
1715 637 1779 692 et
1828 634 2137 694 destruit.
2184 635 2306 693 Sed
2358 642 2592 710 pectus
2640 639 2708 692 et
2738 641 2974 695 venter
3021 652 3098 695 ac
3147 638 3422 698 dorsum

331 732 544 808 ipsius
581 733 947 794 humanum
980 735 1249 795 modum
1286 737 1351 797 in
1385 738 1835 812 grossitudine
1868 739 2216 816 excedunt,
2253 740 2411 815 quia
2445 740 2727 799 scientia
2759 741 2825 799 et
2867 742 3309 803 retinaculum
3342 759 3422 802 ac

327 843 533 903 robur
569 861 832 905 morum
866 845 1230 907 invidentis
1265 863 1468 924 supra
1503 847 1807 911 homines
1843 851 1908 910 in
1942 853 2126 910 tanta
2176 851 2630 926 magnitudine
2672 853 2738 911 et
2771 852 2836 910 in
2870 855 3053 913 tanta
3101 857 3421 917 tortuosi-

324 953 462 1008 tate
511 951 854 1026 nequitiae
905 956 1082 1024 sunt,
1136 952 1312 1027 quod
1361 968 1481 1011 nec
1530 959 1713 1012 recta
1762 953 2087 1030 doctrina,
2141 972 2261 1014 nec
2306 955 2471 1015 bene
2518 956 2826 1015 ordinata
2868 957 3246 1034 dispositiO,
3298 977 3421 1021 nec

322 1056 731 1115 conveniens
766 1057 1188 1132 supportatio
1223 1057 1290 1116 in
1325 1058 1460 1117 illis
1496 1058 1856 1134 invenitur,
1894 1059 2013 1119 sed
2052 1059 2361 1119 frendens
2395 1061 2462 1120 et
2510 1075 2664 1120 acer
2696 1066 2920 1121 tumor
2970 1062 3416 1139 incompeten-

321 1159 410 1219 tis
442 1175 766 1222 excessus
800 1162 1056 1238 absque
1088 1162 1513 1222 discretione.
1544 1164 1598 1223 A
1633 1163 1878 1223 lumbis
1914 1168 2136 1224 autem
2170 1169 2236 1223 et
2270 1163 2585 1224 deorsum
2614 1162 2865 1224 homini
2901 1166 3144 1224 iterum
3173 1167 3415 1227 similis

315 1274 442 1343 est,
479 1273 753 1345 praeter
786 1271 962 1348 quod
998 1271 1254 1346 ligneos
1287 1270 1491 1346 pedes
1528 1270 1750 1346 habet,
1788 1274 2106 1348 quoniam
2142 1273 2445 1333 invidens
2481 1271 2702 1348 home,
2742 1288 2862 1349 per
2895 1274 3192 1333 carnalia
3240 1275 3416 1336 desi-

319 1373 509 1433 deria
560 1375 954 1452 inclinatus,
1005 1375 1298 1451 plurima
1346 1376 1523 1434 mala
1570 1375 1724 1435 aliis
1773 1376 2011 1450 infert,
2065 1377 2375 1452 quamvis
2425 1377 2747 1453 majorem
2796 1379 2864 1436 et
2912 1377 3413 1452 profundiorem

322 1478 676 1539 scientiam
714 1480 867 1539 aliis
899 1480 1232 1539 creaturis
1266 1478 1530 1554 haheat3
1570 1479 1637 1540 in
1670 1479 1915 1556 quibus
1951 1483 2173 1541 tamen
2208 1481 2525 1556 operibus
2575 1481 2763 1541 arida
2811 1487 2879 1541 et
2913 1488 3177 1542 mortua
3211 1484 3417 1543 vesti-

316 1584 426 1658 gia
460 1584 606 1643 sine
641 1585 819 1644 omni
853 1584 1195 1645 viriditate
1231 1585 1544 1644 utilitatis
1578 1585 2013 1660 demonstrat,
2052 1602 2205 1648 cum
2241 1602 2361 1648 nec
2397 1587 2464 1647 in
2497 1587 2806 1662 vestigiis
2841 1588 3008 1661 suiS,
3045 1604 3166 1647 nec
3202 1588 3267 1647 in
3300 1605 3413 1648 ve-

317 1687 543 1761 stigiis
594 1687 879 1746 aliorum
901 1734 916 1760 ‚
969 1694 1150 1748 recte
1204 1688 1470 1756 incedit.
1520 1688 1600 1747 Et
1648 1694 1848 1764 caput
1880 1690 2028 1765 ejus
2064 1689 2330 1764 igneum
2363 1696 2467 1749 est
2489 1737 2504 1764 ,
2557 1707 2634 1749 ac
2668 1690 2971 1750 flammas
3020 1706 3099 1750 ex
3133 1708 3249 1751 ore
3285 1709 3407 1752 suo

312 1792 591 1865 emittit,
627 1792 785 1866 quia
820 1792 1096 1851 intentio
1134 1790 1421 1851 invidiae
1460 1792 1527 1850 in
1559 1792 1851 1867 vipereis
1888 1793 2190 1853 moribus
2225 1794 2439 1868 ardet,
2490 1797 2557 1853 et
2606 1796 2764 1870 quia
2799 1811 2991 1854 omne
3028 1796 3279 1856 malum
3320 1799 3413 1856 in-

310 1895 716 1955 cendiorum
750 1895 1117 1970 hominum,
1152 1895 1234 1954 de
1268 1895 1514 1971 quibus
1547 1894 1852 1955 homines
1886 1903 2224 1971 arescunt,
2267 1898 2331 1955 in
2363 1897 2589 1958 verbis
2626 1899 2769 1957 suis
2802 1899 3079 1974 profert.
3117 1900 3263 1959 Alia
3299 1917 3415 1960 au-

314 2003 453 2056 tem
489 1997 875 2067 indumenta
909 2015 1038 2062 non
1070 1998 1293 2072 habet,
1329 1999 1646 2074 quoniam
1671 1999 1853 2060 nullo
1890 2000 2063 2069 bono
2091 2003 2289 2074 tecta,
2319 2017 2440 2060 nec
2461 2001 2819 2076 justitiam,
2851 2018 2971 2062 nec
2997 2004 3285 2079 positam
3322 2005 3414 2063 le·-

309 2117 471 2177 gem
503 2104 763 2177 volenS,
800 2103 944 2164 sine
977 2104 1343 2163 constituta
1381 2103 1523 2177 lege
1557 2103 1748 2176 vivit,
1789 2104 1880 2164 ita
1929 2104 2107 2180 quod
2156 2104 2358 2163 etiam
2393 2120 2513 2163 nec
2565 2105 2630 2163 in
2664 2107 2953 2180 magniS,
3006 2122 3128 2166 nec
3165 2107 3229 2166 in
3261 2123 3414 2182 par-

313 2207 444 2280 viS,
483 2208 690 2267 ullam
740 2208 1207 2268 rectitudinem
1257 2208 1573 2267 utilitatis
1622 2208 1906 2282 quaerit.
1958 2206 2084 2266 Sed
2132 2214 2273 2276 tota
2323 2209 2648 2284 praefatis
2698 2211 2995 2270 tenebris
3047 2212 3242 2273 infixa
3278 2222 3405 2286 est,

307 2313 471 2387 quia
504 2329 739 2372 omnes
773 2313 952 2372 vires
988 2329 1148 2372 suas
1200 2313 1265 2371 in
1305 2311 1823 2372 amaritudinem
1873 2311 2288 2372 infidelitatis
2340 2312 2539 2388 hujus
2586 2314 2795 2389 ponit,
2847 2315 3028 2390 quod
3075 2315 3408 2391 profectui

310 2415 605 2474 aliorum
638 2415 1113 2476 detrimentum
1150 2414 1415 2489 inferat,
1456 2415 1570 2475 uhi
1598 2415 1932 2490 justitiam
1965 2431 2089 2474 nec
2122 2417 2411 2491 quaerit,
2447 2433 2568 2493 nec
2604 2418 2898 2493 inspicit,
2935 2420 3052 2479 sed
3087 2422 3201 2481 ubi
3237 2424 3411 2482 mala

304 2516 690 2592 desiderat,
743 2533 863 2594 per
910 2534 1082 2604 quae
1133 2518 1335 2590 etiam
1368 2515 1689 2593 Diabolus
1741 2518 2058 2594 mundum
2095 2518 2223 2579 sibi
2260 2518 2582 2594 subjecit,
2635 2521 3195 2597 quemadmodum
3246 2525 3411 2584 scri-

309 2623 498 2704 ptum
531 2627 658 2688 est:

1727 2830 1993 2894 xxxvl.

1195 3039 1389 3101 Liber
1442 3040 1823 3117 Sapientiae
1873 3042 1958 3100 ad
2007 3038 2308 3100 eamdem
2356 3058 2519 3101 rem.

396 3248 501 3309 44.
541 3248 806 3308 Invidia
836 3254 1061 3315 autem
1111 3247 1392 3319 Diaboli,
1445 3265 1617 3307 mors
1665 3249 1965 3306 introivit
2015 3249 2088 3306 in
2124 3246 2341 3306 orbem
2376 3253 2733 3307 terrarum.
2772 3247 3138 3309 Imitantur
3183 3257 3407 3310 autem

314 3356 542 3430 illum,
579 3358 697 3432 qui
734 3360 886 3413 sunt
924 3373 1008 3413 eae
1035 3361 1230 3431 parte
1264 3354 1452 3412 illius
1482 3349 1550 3431 ¹).
1583 3353 1788 3428 CuJus
1823 3366 2064 3411 sensus
2092 3351 2249 3411 talis
2283 3354 2405 3411 est.
2440 3351 2759 3411 Diabolus
2794 3368 2867 3411 se
2899 3352 3032 3412 Deo
3068 3357 3403 3431 opposuit,

302 3463 374 3518 et
407 3460 728 3518 honorem
762 3459 907 3534 ejus
940 3457 1238 3517 dividere
1271 3457 1504 3531 voluit,
1544 3457 1637 3516 ita
1672 3462 1895 3515 tamen
1943 3456 2120 3531 quod
2169 3456 2518 3531 aequalem
2552 3460 2813 3532 partem
2857 3456 3160 3533 ejusdem
3194 3457 3402 3519 hono-

305 3564 399 3621 ris
435 3562 570 3622 sibi
603 3568 984 3639 usurparet3
1023 3568 1432 3639 quapropter
1477 3561 1653 3620 Deus
1703 3560 1890 3619 illum
1927 3561 1994 3619 in
2027 3558 2398 3634 gehennam
2442 3559 2706 3634 stravit,
2760 3575 2881 3619 nec
2913 3576 3068 3620 eum
3098 3561 3405 3623 volunta-

303 3672 434 3727 tem
470 3683 667 3726 suam
702 3666 1022 3743 perlicere
1056 3666 1384 3742 permisit.
1436 3664 1560 3736 Qui
1609 3681 1760 3724 cum
1809 3663 2148 3724 hominem
2183 3669 2481 3723 creatum
2533 3663 2823 3736 videret,
2874 3665 3010 3723 vim
3049 3665 3265 3740 ipsius
3299 3681 3408 3726 co·

301 3771 556 3846 gnevit,
594 3779 662 3830 et
699 3787 848 3831 mox
884 3770 1201 3830 invidiam
1239 3785 1430 3835 suam
1464 3769 1795 3844 dilatavit,
1832 3768 1948 3828 ubi
1982 3768 2066 3828 ab
2102 3768 2216 3828 illo
2251 3767 2611 3844 quaesivit,
2665 3783 2787 3827 cur
2821 3768 2998 3829 Deus
3050 3771 3177 3845 ipsi
3212 3786 3404 3847 prae-

300 3878 570 3950 ceptum
621 3874 797 3949 quod
846 3875 930 3935 ab
979 3890 1057 3934 eo
1108 3877 1482 3949 acceperat,
1533 3873 1852 3933 dedisset.
1902 3873 1981 3932 Et
2032 3874 2131 3932 sic
2179 3888 2299 3948 per
2332 3872 2583 3932 malum
2620 3872 2931 3945 invidiae,
2973 3890 3011 3932 a
3043 3873 3178 3934 Deo
3228 3890 3398 3950 opus

305 3978 519 4054 ipsius
553 3978 732 4056 quod
766 3978 964 4039 homo
997 3984 1165 4054 erat,
1204 3979 1472 4053 avertit;
1501 3984 1568 4038 et
1595 3978 1726 4039 sibi
1752 3993 1906 4037 eum
1931 3978 2233 4051 attraxit,
2262 3978 2579 4053 quoniam
2616 3976 2726 4035 ille
2751 3975 2958 4035 Deum
2988 3992 3184 4036 suum
3216 3977 3405 4037 dere-

304 4082 617 4159 liquerat,
669 4098 745 4141 ac
779 4080 1056 4143 Diabolo
1091 4097 1165 4141 se
1198 4083 1654 4158 conjunxerat.
1693 4082 1834 4141 Hoc
1867 4080 2064 4140 modo
2098 4094 2218 4156 per
2251 4079 2482 4139 flatum
2516 4078 2806 4139 invidiae
2845 4078 3218 4139 diabolicae
3252 4096 3407 4156 sug-

303 4187 652 4260 gestioniS,
706 4200 886 4246 mors
936 4202 1108 4263 quae
1156 4187 1378 4246 omnia
1428 4185 1787 4259 interemit,
1833 4186 2062 4261 aperte
2096 4183 2278 4242 venit
2311 4183 2377 4241 in
2412 4182 2751 4256 mundum,
2790 4198 2868 4241 ac
2900 4198 3051 4240 eum
3085 4182 3214 4242 sihi
3249 4184 3405 4244 sub-

295 4291 579 4367 jugavit,
629 4298 696 4349 et
746 4290 810 4349 in
843 4306 922 4349 eo
955 4296 1357 4366 potestatem
1397 4306 1588 4349 suam
1624 4288 1936 4362 ostendit,
1974 4303 2182 4364 quum
2217 4287 2575 4358 hominem,
2609 4284 2660 4365 2)
2712 4286 2828 4363 qui
2858 4286 2928 4347 in
2960 4286 3205 4349 mundo
3234 4287 3403 4349 deus

303 4408 447 4453 esse
483 4394 737 4468 debuit,
776 4393 907 4453 sibi
941 4393 1200 4453 servire
1227 4394 1463 4469 coegit:
1495 4391 2057 4469 quemadmodum
2092 4390 2337 4466 aliquis
2372 4389 2881 4449 tabernaculum
2910 4390 3136 4466 intrat,
3169 4392 3234 4451 in
3267 4408 3399 4469 quo

299 4499 668 4558 dominium
702 4515 898 4557 suum
931 4505 1215 4558 exercet.
1244 4499 1403 4558 Post
1435 4498 1726 4573 vestigia
1761 4502 1982 4555 autem
2022 4494 2220 4570 hujus
2255 4495 2510 4571 antiqui
2549 4495 2949 4570 seductoris,
2987 4512 3220 4558 omnes
3253 4515 3404 4575 gra-

298 4604 593 4677 diuntur,
631 4604 746 4678 qui
778 4605 1154 4679 exemplum
1190 4603 1566 4678 iniquitatis
1599 4601 1684 4661 ab
1718 4617 1797 4660 eo
1833 4605 2129 4673 sumunt,
2182 4601 2276 4658 ita
2326 4599 2501 4675 quod
2552 4599 2721 4659 alios
2761 4616 2881 4675 per
2924 4600 3241 4662 invidiam
3288 4619 3404 4679 op-

303 4710 618 4784 primunt.
652 4707 734 4767 Et
769 4709 859 4767 ita
896 4715 1050 4767 sunt
1084 4724 1160 4766 ex
1195 4713 1385 4783 parte
1422 4707 1627 4781 illius,
1665 4706 1978 4781 quoniam
2013 4719 2184 4780 quae
2218 4703 2389 4763 bona
2422 4709 2490 4762 et
2518 4703 2701 4777 justa
2738 4705 2980 4777 sciunt,
3018 4705 3099 4764 de
3134 4722 3206 4764 se
3240 4706 3403 4782 abji-

303 4813 506 4886 ciunt,
544 4827 623 4870 ac
656 4811 828 4870 dona
853 4810 970 4870 Dei
1005 4827 1177 4888 quae
1216 4812 1358 4887 ipse
1391 4811 1573 4870 dedit
1605 4814 1671 4868 et
1706 4809 2083 4882 constituit,
2120 4808 2526 4866 mordaciter
2560 4807 2945 4881 corrodunt;
2993 4809 3163 4867 unde
3197 4811 3401 4869 etiam

306 4920 372 4975 et
407 4916 803 4974 societatem
837 4915 902 4973 in
935 4914 1235 4990 gehenna
1269 4930 1419 4973 cum
1470 4914 1583 4973 illo
1634 4912 1993 4972 habebunt.
2045 4911 2170 4970 Sed
2205 4911 2435 4971 fideles
2470 4912 2583 4987 qui
2633 4911 2759 4970 hoc
2809 4912 3058 4971 malum
3109 4912 3394 4988 fugiunt,

311 5025 374 5076 et
408 5019 611 5078 Deum
649 5033 769 5093 per
802 5017 996 5077 fidem
1031 5019 1545 5095 amplectuntur,
1585 5016 1702 5075 lilii
1738 5031 2070 5092 supernae
2108 5015 2439 5074 mercedis
2476 5027 2652 5087 sunt3
2691 5015 2845 5089 quia
2884 5032 2920 5073 a
2958 5014 3091 5074 Deo
3127 5021 3400 5090 exopta-

378 5187 417 5251 ί)
445 5187 572 5259 Sap.
608 5187 683 5250 11,
712 5190 798 5243 2⁴.
834 5187 989 5255 Quae
1011 5195 1137 5245 sunt
1159 5189 1227 5243 A.
1260 5218 1325 5227 ——
1351 5188 1397 5255 ²)
1423 5205 1542 5243 cum
1566 5188 1779 5242 homine
1802 5186 1867 5240 A.
3154 5271 3191 5307 ι
