4036 6117
699 480 833 544 596
1870 495 1918 540 s.
1975 494 2512 541 HILDEGARnts

631 628 961 687 tatianum
1011 623 1157 700 ejus
1193 622 1460 697 operuit
1490 626 1750 681 montes
1785 623 1852 681 et
1886 623 2165 682 arbusta
2198 623 2344 697 ejus
2378 621 2616 681 cedros
2650 622 2789 695 Dei,
2827 627 2894 680 et
2928 622 3363 682 exuberantia
3397 632 3734 699 aquarum

634 717 837 776 sontis
868 717 1064 773 istius
1097 728 1457 786 erumpens
1492 710 1708 770 effusa
1744 714 1848 770 est
1881 728 2088 787 super
2124 718 2395 783 terram,
2445 720 2514 770 et
2548 712 2907 772 inebriavit
2940 726 3111 786 earn,
3147 718 3215 771 et
3248 712 3731 787 multiplicavit

630 806 1043 880 locupletare
1076 818 1245 861 eam.
1285 800 1450 859 Hinc
1486 807 1590 859 est
1624 800 1799 875 quod
1839 800 2034 859 hodie
2070 808 2251 859 terra
2298 801 2556 873 eadem,
2597 803 2761 860 rivis
2795 802 2942 875 ejus
2980 801 3329 871 inebriata,
3364 809 3434 861 et
3468 801 3737 860 stillici-

631 895 762 953 diis
799 894 1160 969 compluta,
1201 892 1453 965 passim
1493 891 1781 948 laetatur
1816 891 2222 963 germinans
2258 890 2420 949 Nam
2458 891 2635 948 sicut
2671 892 3041 949 materialis
3076 894 3255 950 terra
3288 890 3549 966 profert
3584 905 3733 964 ger-

629 1000 783 1043 men
816 999 1035 1053 suurn,
1074 988 1140 1038 et
1177 981 1354 1038 sicut
1389 979 1626 1038 hortus
1663 994 1893 1037 semen
1928 994 2121 1037 suum
2161 978 2522 1052 germinat,
2561 981 2661 1038 sic
2695 980 3071 1055 spiritualis
3102 981 3249 1054 ejus
3284 980 3728 1053 agricultura,

629 1088 903 1133 vomere
937 1071 1335 1146 disciplinae
1369 1073 1667 1142 exarata,
1704 1075 1772 1126 et
1806 1068 2058 1127 semine
2095 1068 2278 1127 verbi
2318 1083 2664 1142 respersa,
2700 1069 3179 1144 doctrinaeque
3215 1069 3545 1127 imbribus
3581 1069 3736 1126 irri-

630 1165 810 1238 gata,
847 1160 1249 1237 germinavit
1278 1158 1613 1231 Justitiam
1663 1163 1729 1218 et
1780 1157 2042 1216 laudem
2080 1173 2303 1215 coram
2348 1159 2686 1216 universis
2737 1159 3072 1233 gentibus3
3110 1157 3285 1216 unde
3331 1174 3461 1216 non
3498 1158 3734 1215 imme-

627 1252 761 1311 rito
796 1252 911 1310 illa
959 1252 1017 1309 ei
1056 1247 1434 1324 Sapientiae
1480 1247 1684 1305 verba
1721 1247 2026 1321 coaptari
2076 1254 2379 1321 possunt:
2418 1248 2733 1307 Radicavi
2780 1251 2853 1305 in
2884 1248 3132 1323 populo
3177 1248 3625 1325 honorificato,
3666 1252 3727 1304 et

624 1343 699 1400 in
741 1349 937 1418 parte
990 1341 1110 1399 Dei
1161 1340 1286 1395 inei
1335 1337 1712 1395 haereditas
1763 1337 1979 1403 itlius,
2013 1343 2073 1393 et
2114 1339 2183 1394 in
2229 1336 2660 1411 plenitudine
2711 1343 3084 1395 sanctorum
3138 1337 3430 1394 detentio
3474 1354 3650 1394 mea.
3681 1329 3731 1409 ¹)

718 1430 820 1488 VI.
846 1430 989 1488 Jam
1029 1427 1353 1499 videmus,
1385 1426 1522 1499 jam
1558 1424 1927 1499 gaudemus
1961 1424 2136 1499 quod
2176 1431 2568 1500 praeceptor
2603 1426 2731 1484 iste
2760 1425 3041 1499 insignis
3072 1425 3241 1483 inter
3265 1432 3573 1483 caeteros
3598 1439 3735 1482 non

628 1519 847 1578 solum
878 1517 1005 1576 sibi
1036 1517 1356 1587 laborem,
1380 1515 1494 1573 sed
1521 1522 1588 1572 et
1613 1514 1924 1572 omuibus
1951 1515 2196 1573 avertit
2222 1513 2716 1589 inquirentibus
2741 1516 3119 1585 veritatem3
3144 1513 3390 1589 quippe
3417 1513 3533 1588 qui
3554 1514 3740 1588 agri-

627 1607 986 1667 colationis
1037 1620 1198 1664 suae
1237 1604 1531 1663 laborem
1583 1603 1776 1661 uberi
1814 1601 2155 1661 fructuum
2204 1608 2531 1677 proventu
2566 1604 2746 1663 votis
2794 1604 2941 1662 suis
2977 1602 3405 1677 respondere,
3458 1602 3587 1660 hoc
3622 1609 3733 1660 est

629 1696 900 1756 scholae
929 1710 1091 1754 suae
1118 1694 1424 1753 alumnos
1456 1694 1520 1751 in
1548 1692 1899 1751 stellarum
1927 1707 2203 1750 numero
2233 1692 2671 1766 multiplicari
2696 1692 3231 1767 gratulabundus
3258 1690 3733 1759 consideranS,

628 1787 1024 1862 proclamat:
1065 1784 1226 1844 Ecce
1261 1800 1373 1858 eqo
1407 1788 1469 1840 et
1503 1784 1701 1857 pueri
1736 1783 1890 1854 mei,
1930 1799 2090 1856 quos
2122 1784 2285 1839 mihi
2319 1782 2500 1840 dedit
2540 1782 2735 1841 Deus,
2768 1780 2820 1855 ²)
2853 1782 2933 1840 Et
2968 1781 3233 1841 iterum:
3272 1782 3352 1839 In
3384 1783 3486 1840 his
3518 1781 3738 1858 placi·-

627 1884 773 1934 tum
820 1881 916 1934 est
954 1874 1225 1951 spiritui
1261 1887 1424 1943 me0,
1461 1889 1627 1946 quae
1664 1877 1818 1929 sunt
1850 1869 2128 1945 probata
2160 1888 2377 1929 coram
2416 1872 2548 1930 Deo
2580 1880 2641 1929 et
2676 1870 3065 1931 hominibus
3100 1863 3151 1950 3)
3188 1870 3562 1930 Concordia
3598 1869 3735 1927 fra-

628 1971 808 2024 trum
840 1970 909 2022 et
943 1978 1131 2021 amor
1164 1961 1647 2036 proximorum,
1685 1957 1965 2034 proinde
1997 1961 2065 2017 et
2098 1975 2223 2017 vox
2250 1959 2367 2018 illa
2398 1959 2810 2034 psalmistae:
2848 1960 2979 2035 Epo
3012 1962 3179 2018 sicut
3214 1959 3387 2018 oliva
3417 1960 3737 2037 fructife-

625 2072 704 2113 ra
736 2057 809 2113 in
843 2053 1031 2112 domo
1067 2052 1356 2121 Domini,
1389 2045 1438 2123 ⁴)
1473 2052 1540 2106 et
1578 2049 1690 2107 illa
1723 2047 2123 2122 Sapientiae:
2164 2049 2295 2124 qu
2329 2051 2498 2108 sicut
2538 2050 2688 2108 vitis
2719 2051 3119 2127 fructificavi
3153 2050 3549 2107 suavitatem
3581 2048 3729 2105 odo-

629 2146 748 2217 ri8,
786 2149 849 2201 et
883 2144 1072 2221 flores
1105 2141 1236 2197 mei
1270 2140 1533 2216 fructus
1568 2140 1831 2197 honoris
1865 2145 1925 2195 et
1961 2141 2344 2197 honestatis.
2378 2132 2425 2213 ⁵)
2460 2138 2538 2196 Et
2573 2138 2628 2197 si
2665 2155 2795 2213 qua
2848 2144 3007 2196 sunt
3039 2137 3312 2210 similia,
3363 2138 3469 2195 cui
3510 2138 3729 2210 magis

629 2232 1021 2307 competunt
1054 2244 1255 2305 quam
1296 2228 1432 2300 isti,
1470 2227 1664 2301 cujus
1699 2228 2055 2302 progenies
2090 2227 2388 2301 quotidie
2424 2228 2487 2285 in
2524 2228 2701 2286 omni
2737 2242 2981 2301 genere
3014 2233 3079 2285 et
3114 2228 3382 2285 natione
3404 2222 3453 2304 ⁸)
3505 2240 3733 2284 exem·

625 2322 738 2396 pla
786 2319 1154 2397 patientiae
1187 2320 1255 2377 et
1306 2316 1707 2375 humilitatis
1757 2315 1928 2390 ejuS,
1981 2321 2054 2374 ut
2086 2315 2358 2388 dignum
2395 2324 2524 2385 est,
2571 2332 2890 2391 sequenS,
2939 2317 3264 2374 dilatatur
3294 2322 3361 2373 et
3411 2331 3726 2387 augmen·

626 2419 770 2470 tum
823 2409 985 2469 facit
1035 2409 1101 2467 in
1150 2406 1614 2465 aedificatione
1663 2405 1965 2478 corporis
2017 2404 2292 2475 Christi,
2335 2421 2414 2463 ne
2448 2405 2715 2464 deficiat
2764 2421 2975 2480 usque
3026 2406 3091 2463 in
3123 2419 3363 2463 aevum
3414 2403 3730 2463 sanctus?

625 2499 831 2574 Cujus
866 2499 988 2557 filii
1036 2499 1312 2572 propter
1345 2510 1496 2553 eum
1550 2509 1762 2570 usque
1797 2494 1863 2552 in
1906 2500 2251 2552 aeternum
2291 2500 2580 2566 manent3
2618 2495 2811 2567 cujus
2849 2493 3229 2552 haereditas
3263 2499 3500 2552 sancta
3535 2508 3733 2567 prae-

623 2589 809 2647 clara
840 2592 946 2645 est
983 2586 1080 2645 illi
1120 2587 1183 2645 in
1221 2584 1451 2643 multis
1487 2584 1867 2658 nepotibus;
1903 2583 2097 2657 quus
2134 2583 2478 2642 successio
2513 2589 2580 2642 et
2613 2584 2828 2657 gloria
2864 2599 3077 2658 usque
3114 2583 3176 2641 in
3214 2583 3561 2641 saeculum
3594 2598 3727 2640 non

623 2675 982 2748 delebitur;
1034 2675 1227 2749 cujus
1278 2672 1657 2749 spiritualis
1705 2674 2049 2747 generatio
2100 2672 2556 2740 benedicetur,
2608 2677 2673 2730 et
2712 2688 2938 2731 semen
2990 2677 3228 2747 potens
3260 2673 3391 2730 erit
3440 2672 3509 2729 in
3542 2678 3730 2729 terra

621 2765 1018 2824 viventium.
1069 2764 1246 2833 Quos
1299 2762 1641 2834 similiter,
1695 2761 2013 2819 videlicet
2061 2767 2319 2836 patrem
2373 2777 2524 2820 curn
2577 2761 2755 2833 filiis,
2808 2769 3040 2820 sancta
3090 2760 3352 2819 intuens
3400 2760 3731 2830 Ecclesia,

624 2853 1017 2929 prophetica
1052 2867 1217 2911 voce
1265 2851 1605 2910 collaudat
1639 2849 1892 2909 dicens:
1942 2850 2174 2909 Justus
2209 2857 2281 2908 ut
2322 2852 2552 2926 palma
2598 2849 2869 2928 florebit,
2908 2858 2969 2908 et
3006 2852 3174 2909 sicut
3210 2851 3449 2910 cedrus
3491 2849 3732 2909 Libani

621 2940 1206 3019 multiplicabitur,
1238 2942 1534 3017 plantati
1560 2942 1631 2998 in
1667 2940 1854 2997 domo
1883 2940 2171 3009 Domini,
2212 2942 2283 2998 in
2309 2942 2501 2998 atriis
2539 2940 2659 2999 Dei
2686 2942 2896 2998 nostri
2928 2939 3271 3017 florebunt,
3302 2938 3521 2998 adhuc
3554 2938 3735 2995 mul-

623 3031 1107 3110 tiplicabuntur
1141 3033 1214 3089 in
1247 3037 1512 3089 senecta
1541 3028 1753 3103 uberi,
1790 3035 1852 3087 et
1889 3028 2048 3087 bene
2080 3032 2416 3105 patientes
2450 3035 2647 3087 erunt
2683 3036 2753 3087 ut
2791 3031 3221 3088 annuntient.
3255 3025 3306 3105 ⁷)

713 3122 845 3181 VII.
881 3121 953 3180 In
981 3136 1264 3195 quorum
1302 3119 1563 3178 scilicet
1591 3119 1877 3178 filiorum
1914 3135 2193 3177 numero
2228 3118 2283 3175 si
2314 3118 2486 3177 sorte
2521 3119 2770 3176 ascribi
2805 3119 3177 3191 desideraS,
3207 3132 3487 3176 necesse
3513 3123 3625 3176 est
3656 3119 3733 3175 ut

622 3210 996 3270 doctrinam
1047 3207 1262 3286 patris
1297 3208 1556 3280 audiaS,
1607 3207 1880 3282 dignum
1914 3213 2021 3266 est
2069 3216 2140 3266 ut
2176 3209 2634 3281 praeceptoris
2686 3208 2998 3266 mandata
3049 3208 3415 3282 suscipiaS,
3458 3207 3725 3280 justum

620 3306 727 3359 est
772 3305 846 3359 ut
879 3299 1185 3374 exempla
1229 3297 1394 3372 justi
1434 3299 1494 3354 in
1547 3299 1870 3371 patientia
1903 3303 1970 3355 et
2020 3295 2399 3355 humilitate
2451 3297 2755 3368 imiteriS,
2809 3303 3143 3372 quatenus
3188 3297 3251 3354 in
3302 3295 3725 3354 haereditate

619 3390 779 3448 olim
813 3389 1078 3466 perdita
1127 3403 1246 3463 per
1282 3387 1794 3455 contumaciam,
1849 3385 2236 3444 restituaris
2270 3401 2388 3458 per
2433 3386 2904 3445 obedientiam.
2942 3386 3110 3456 Quid
3162 3386 3336 3444 enim
3373 3384 3555 3444 aliud
3607 3384 3725 3442 do-

616 3479 834 3537 ctrina
861 3478 1006 3552 ejus
1035 3476 1271 3535 suadet
1304 3476 1952 3547 transgressoribus,
1982 3475 2141 3549 quid
2170 3475 2346 3533 aliud
2384 3482 2741 3550 praecepta
2778 3476 3125 3549 imponunt
3156 3475 3729 3550 praevaricatori-

621 3569 768 3637 buS,
806 3567 936 3625 nisi
975 3572 1044 3624 ut
1081 3565 1143 3623 id
1184 3564 1313 3623 sibi
1349 3564 1705 3622 defendant
1738 3564 2162 3638 poenitende,
2214 3564 2389 3638 quod
2441 3565 2811 3622 amiserunt
2863 3563 3333 3639 superbiendo,
3384 3569 3453 3622 et
3504 3569 3725 3621 muta-

617 3663 683 3713 ta
718 3656 880 3729 vita,
918 3656 1176 3713 mutata
1212 3653 1341 3724 via,
1379 3653 1462 3710 ad
1496 3668 1648 3710 eum
1685 3660 2035 3710 recurrant
2069 3653 2611 3727 obtemperand0‚
2655 3671 2691 3711 a
2727 3670 2858 3728 quo
2895 3669 3056 3711 suae
3103 3653 3477 3711 voluntatis
3514 3658 3725 3710 attra-

615 3750 767 3804 ctus
817 3743 1180 3818 sequend0‚
1234 3742 1426 3816 longe
1476 3741 1992 3800 aberraverant?
2040 3741 2218 3800 Unde
2266 3748 2332 3800 et
2383 3742 2524 3816 ipse
2559 3758 2810 3816 ponens
2864 3743 2926 3800 in
2964 3742 3182 3801 fronte
3233 3741 3507 3815 regulae
3558 3756 3739 3799 suaev

615 3850 748 3908 quo
778 3828 828 3911 ⁸)
881 3839 1020 3891 tota
1073 3831 1392 3904 redoleat,
1444 3831 1836 3905 clarumque
1881 3831 1976 3889 illi
2011 3830 2092 3888 de
2128 3830 2507 3889 obedientia
2543 3832 2916 3906 praefigens
2948 3832 3244 3905 titulum,
3286 3831 3349 3889 in
3385 3830 3720 3905 principio

618 3922 948 3997 prooemii
982 3921 1083 3980 sic
1117 3920 1433 3995 loquitur:
1477 3940 1506 3976 <t
1535 3919 1884 3988 Ausculta,
1921 3936 1958 3978 o
1994 3918 2110 3991 fili,
2151 3924 2504 3994 praecepta
2542 3921 2874 3995 magistri,
2913 3927 2979 3978 et
3016 3921 3259 3979 inclina
3308 3935 3538 3978 aurern
3575 3935 3726 3977 cor-

615 4013 721 4070 dis
759 4012 878 4085 tui,
914 4013 981 4070 et
1014 4010 1563 4069 ammonitionem
1600 4008 1690 4083 pii
1727 4008 1941 4084 patris
1977 4008 2265 4068 libenter
2291 4011 2543 4082 excipe,
2581 4013 2647 4068 et
2680 4009 3048 4069 efficaciter
3075 4010 3298 4084 imple,
3339 4015 3411 4067 ut
3446 4009 3528 4066 ad
3564 4024 3720 4066 eum

615 4117 734 4176 per
781 4101 1199 4160 obedientiae
1236 4099 1534 4157 laborem
1587 4098 1846 4170 redeas,
1886 4115 1922 4156 a
1956 4114 2088 4172 quo
2123 4114 2242 4172 per
2278 4098 2767 4157 inobedientiae
2801 4098 3130 4158 desidiam
3169 4114 3580 4158 recesseras.
3618 4096 3715 4156 Ad

619 4199 679 4248 te
713 4206 896 4264 erg0,
952 4190 1192 4264 inquit,
1231 4204 1421 4246 meus
1471 4203 1692 4245 sermo
1725 4187 2065 4260 dirigitur,
2116 4188 2429 4262 quisquis
2464 4189 2756 4263 propriis
2797 4188 3261 4247 voluntatibus
3296 4188 3712 4256 renuntianS,

610 4280 890 4338 Domino
926 4279 1197 4339 Christo
1231 4293 1392 4335 vero
1422 4277 1559 4350 regi
1592 4277 2028 4348 militaturuS‚
2063 4276 2483 4335 obedientiae
2513 4277 2885 4337 fortissima
2912 4283 3113 4353 atque
3140 4278 3491 4351 praeclara
3527 4291 3714 4335 arma

612 4370 926 4428 assumis,
969 4385 1000 4424 i>
1055 4367 1132 4425 Et
1188 4373 1261 4425 ut
1311 4367 1608 4439 legitime
1667 4366 2083 4424 certantibus
2134 4369 2491 4441 postquam
2560 4383 2834 4426 suavem
2885 4367 3190 4442 placidae
3246 4367 3489 4425 mortis
3540 4381 3715 4424 som·

612 4474 837 4517 mnum
872 4457 1130 4515 dederit
1165 4456 1266 4514 eis
1301 4455 1500 4516 Deus.
1537 4455 1949 4529 praedictam
1991 4454 2507 4523 haereditatem,
2547 4456 3034 4516 inobedientiae
3071 4455 3313 4515 merito
3351 4455 3711 4531 perditam,

610 4548 851 4606 merito
898 4562 1153 4620 aequae
1186 4544 1608 4603 obedientiae
1660 4543 2153 4603 reformandam
2188 4544 2587 4619 declararet,
2639 4546 2939 4604 eamdem
2979 4546 3279 4620 regulam
3318 4545 3411 4604 ita
3444 4543 3717 4603 conclu-

607 4637 726 4696 dit:
782 4654 814 4693 (τ
874 4634 1301 4694 Facientibus
1354 4634 1517 4691 haec
1568 4650 1770 4707 regna
1819 4633 2142 4708 patebunt
2207 4650 2517 4708 superna.
2582 4651 2613 4690 »
2670 4635 2875 4709 Cujus
2923 4634 3237 4694 videlicet
3304 4634 3600 4708 regulae,
3654 4633 3713 4691 si

605 4727 790 4785 nulla
825 4724 954 4783 alia
1008 4724 1086 4783 ad
1125 4723 1588 4782 informandos
1638 4723 1984 4781 auditores
2022 4722 2488 4782 instructionis
2524 4731 2705 4783 esset
2740 4724 3031 4796 utilitas,
3070 4725 3285 4783 solum
3325 4722 3490 4782 illud
3528 4720 3716 4780 suffi-

604 4820 789 4874 ceret
823 4813 1219 4889 capitulum,
1256 4811 1448 4885 cujus
1483 4812 1662 4870 tituli
1702 4812 2052 4887 inscriptio
2086 4818 2210 4870 est:
2254 4831 2283 4868 t<
2309 4813 2489 4883 Quae
2524 4820 2677 4871 sunt
2716 4813 3158 4872 instrumenta
3192 4813 3521 4873 bonorum
3558 4826 3715 4885 ope·

606 4920 777 4979 rum,
805 4921 837 4959 w
872 4896 921 4981 ⁹)
958 4903 1025 4962 in
1060 4918 1191 4978 quo
1226 4902 1439 4960 totius
1472 4907 1538 4958 et
1573 4903 1824 4960 veteris
1861 4907 1926 4960 et
1966 4916 2181 4960 novae
2220 4902 2387 4976 legis
2422 4908 2805 4977 praecepta,
2838 4903 3358 4977 justificationes
3392 4906 3459 4960 et
3492 4899 3713 4960 consi-

681 5122 724 5179 ¹)
763 5119 938 5177 Eccli.
982 5118 1198 5182 XXIV.
1252 5125 1334 5176 16.
1382 5151 1443 5159 -
1483 5121 1528 5179 2)
1569 5121 1639 5176 ts.
1697 5120 1853 5175 vni.
1910 5125 1990 5174 18.
2049 5150 2112 5159 —-
2202 5119 2418 5181 XXlV.
2447 5124 2533 5176 23.
2568 5121 2697 5185 -——⁶)
2718 5138 2823 5194 per
2847 5139 2995 5177 exem
3036 5122 3092 5177 la
3117 5120 3239 5177 cod.
3268 5151 3339 5161 —
3366 5120 3523 5184 ⁷)Ps.
3554 5117 3702 5180 xct.

608 5194 651 5260 ³>
681 5192 856 5248 sccii.
889 5191 1075 5254 xxv,
1110 5198 1153 5246 ι.
1190 5192 1325 5257 ΜΛ)
1357 5192 1441 5245 rs,
1475 5192 1567 5253 ιι,
1615 5193 1696 5245 10.
1744 5223 1768 5229 -
1848 5193 1889 5248 ⁵)
1931 5190 2105 5245 sccii.
2208 5192 2432 5246 1³.-⁸›
2466 5191 2635 5258 Quia.
2668 5192 2873 5246 codl-
2904 5192 2961 5258 ς»γ
3025 5191 3426 5260 egsnened„
3452 5189 3697 5262 cap-iv.
