4036 6117
730 465 813 526 76
1889 485 1941 528 S.
2003 480 2548 550 fflLDFJGARms·

658 606 862 680 sistit,
894 621 1013 664 neo
1045 622 1117 665 se
1151 605 1216 664 in
1249 605 1452 664 ullam
1489 606 1950 665 diversitatem
1987 606 2490 665 contrarietatis
2524 606 2786 681 dividit,
2819 607 3130 683 quamvis
3165 607 3465 666 homines
3503 607 3749 667 multas

654 709 1084 769 diversitates
1132 710 1200 767 in
1236 709 1534 768 moribus
1576 710 1716 769 suis
1766 708 2079 782 habeant,
2124 717 2191 768 et
2226 710 2402 786 quod
2438 711 2642 770 etiam
2686 727 2917 771 omnes
2954 711 3289 785 sapientes
3334 716 3470 769 tam
3504 711 3752 770 veteris

645 828 844 887 quam
894 813 1050 872 novi
1084 813 1488 872 Testamenti
1528 812 1612 871 de
1650 813 1915 873 Christo
1950 813 2282 887 dixerunt,
2319 810 2364 892 ¹)
2417 831 2622 873 unum
2658 816 2721 874 in
2754 815 2900 889 ipso
2954 814 3295 874 facientes,
3331 814 3407 873 Et
3440 815 3507 873 in
3541 814 3762 888 nigre-

643 917 957 991 dineest,
995 917 1154 993 quia
1190 918 1606 976 rationalitas
1643 918 1709 975 in
1743 917 2031 977 humano
2068 933 2267 978 sensu
2317 918 2400 977 ad
2435 934 2705 978 carnem
2750 918 3019 992 saepius
3073 918 3457 992 inclinatur,
3494 924 3566 978 et
3600 918 3755 993 quia

646 1023 916 1099 saepius
966 1024 1170 1081 etiam
1206 1024 1490 1082 miratur
1538 1040 1710 1099 quae
1743 1031 1810 1083 et
1843 1024 2070 1099 qualia
2119 1023 2283 1083 haec
2319 1026 2454 1084 sint
2486 1025 2566 1083 de
2617 1025 2860 1101 quibus
2905 1025 3226 1099 loquitur,
3265 1022 3384 1081 sed
3433 1029 3659 1081 tamen
3693 1021 3757 1079 in

644 1128 795 1187 luce
830 1127 1181 1187 stellarum
1215 1128 1413 1200 lucet,
1451 1128 1768 1203 quoniam
1801 1128 1963 1187 fides
1996 1134 2065 1186 et
2098 1129 2542 1202 intelligentia
2574 1130 2638 1187 in
2693 1128 3070 1188 hominibus
3106 1129 3284 1200 sunt,
3322 1126 3479 1203 quia
3531 1140 3652 1200 per
3686 1124 3758 1183 fi-

648 1232 802 1291 dem
855 1233 920 1290 in
953 1231 1160 1290 Deum
1209 1231 1510 1304 credunt,
1564 1247 1760 1307 quem
1796 1231 2024 1290 videre
2074 1249 2204 1290 non
2237 1236 2538 1307 possunt,
2590 1236 2657 1291 et
2690 1233 2845 1308 quia
2894 1233 3098 1291 etiam
3143 1233 3212 1291 in
3262 1231 3611 1291 miraculis
3642 1227 3754 1286 Dei

645 1336 1050 1411 intelligunt,
1103 1351 1275 1411 quae
1334 1335 1814 1410 intelligentiae
1866 1351 2095 1394 eorum
2155 1337 2425 1412 saepius
2483 1337 2823 1395 laboriosa
2871 1335 2954 1395 ad
3011 1335 3517 1409 intelligendum
3579 1336 3753 1405 sunt,

647 1456 798 1499 cum
837 1455 906 1499 se
944 1457 981 1498 a
1014 1438 1148 1498 Deo
1182 1445 1447 1497 creatos
1482 1454 1631 1498 esse
1666 1443 2109 1513 cognoscunt.

2086 1648 2334 1708 XXXII.

1007 1856 1321 1934 Mysteria
1368 1856 1605 1913 veteris
1639 1861 1697 1913 et
1753 1857 1900 1913 novi
1957 1853 2360 1915 Testamenti
2411 1863 2645 1914 contra
2694 1857 2995 1935 infideles
3038 1862 3391 1933 parantur.

733 2065 837 2125 41.
891 2064 1015 2123 Sed
1049 2065 1351 2125 candidis
1386 2066 1627 2125 litteris
1661 2065 1742 2124 de
1776 2064 2228 2141 profunditate
2270 2064 2767 2140 praedictorum
2802 2067 3125 2124 librorum
3176 2064 3569 2138 contractis,
3608 2063 3753 2139 plu-

644 2169 848 2228 rimas
884 2169 1255 2245 scripturas
1290 2170 1688 2244 compilatas
1721 2169 1790 2227 in
1824 2185 1894 2228 se
1929 2169 2151 2243 habet,
2188 2169 2501 2244 quoniam
2539 2169 2959 2228 rationalitas
3001 2169 3069 2228 in
3106 2168 3457 2244 splendore
3494 2167 3753 2226 bonita-

644 2273 730 2332 tis
763 2271 881 2331 Dei
923 2273 1244 2347 mysteria
1279 2273 1529 2333 veteris
1563 2280 1629 2331 et
1663 2274 1818 2332 novi
1853 2273 2247 2333 Testimonii
2281 2276 2683 2347 congregata
2720 2275 2785 2331 in
2817 2273 3271 2332 exarationem
3305 2275 3371 2331 et
3404 2270 3755 2330 confirma·-

642 2376 890 2435 tionem
919 2377 1253 2452 proponit,
1290 2392 1444 2434 cum
1477 2376 1705 2435 fideles
1740 2379 1805 2436 et
1838 2376 2198 2450 prudentes
2233 2376 2535 2435 homines
2569 2393 2647 2436 ex
2683 2376 3035 2435 catholicis
3083 2375 3408 2434 doctrinis
3444 2375 3563 2434 illa
3599 2390 3752 2432 con-

644 2484 974 2553 gerenteS‚
1013 2496 1164 2540 cum
1199 2480 1295 2538 eis
1322 2480 1466 2539 vias
1501 2479 1916 2540 rectitudinis
1952 2482 2183 2541 contra
2213 2481 2521 2540 tenebras
2555 2480 2967 2540 infidelitatis
2994 2483 3060 2539 et
3092 2485 3328 2538 contra
3356 2480 3576 2553 ipsum
3604 2476 3753 2536 Dia-

645 2584 870 2643 bolum
906 2588 1165 2660 parant,
1203 2590 1270 2643 et
1305 2584 1432 2643 hoc
1468 2585 1532 2643 in
1565 2585 1679 2644 siti
1713 2584 2212 2659 Scripturarum
2249 2584 2522 2660 faciunt,
2560 2586 2677 2643 ubi
2711 2601 2826 2644 eas
2863 2601 3102 2659 magno
3137 2583 3469 2642 desiderio
3506 2582 3754 2640 exhau-

647 2688 849 2762 riunt,
877 2703 1000 2748 nec
1027 2689 1110 2748 ab
1139 2688 1262 2747 hoc
1288 2688 1638 2763 desistunt,
1669 2689 1881 2748 donec
1907 2704 2172 2748 omnem
2200 2689 2680 2748 conscientiam
2715 2689 2934 2747 cordis
2962 2690 3066 2748 sui
3092 2703 3212 2762 per
3245 2688 3395 2746 illas
3423 2686 3749 2761 repleant,

646 2794 819 2852 sicut
854 2808 975 2851 nec
1007 2792 1182 2853 Deus
1217 2794 1300 2852 ab
1333 2809 1534 2870 opere
1568 2808 1689 2852 suo
1724 2793 2038 2865 cessavit,
2068 2793 2280 2852 donec
2317 2793 2480 2852 illud
2517 2793 2597 2852 ad
2632 2791 3003 2868 perfectum
3039 2790 3368 2867 perduxit.
3397 2790 3565 2849 Nam
3602 2804 3751 2848 cum

651 2893 1033 2969 Scripturas
1069 2895 1409 2954 subtiliter
1439 2895 1824 2971 inspiciunt,
1864 2894 2335 2971 subtiliterque
2369 2895 2772 2969 excribrant,
2808 2892 3016 2953 Deum
3065 2897 3490 2965 venerantur,
3526 2907 3609 2950 ac
3642 2906 3757 2949 no-

650 3014 799 3058 men
833 2998 979 3074 ejus
1030 2999 1481 3074 magnificant,
1520 2998 1833 3076 quoniam
1883 2999 1951 3057 in
1985 3016 2115 3075 quo
2152 2998 2452 3058 homines
2488 2998 2860 3073 aedificant,
2900 2997 3217 3056 honorem
3260 2996 3462 3055 etiam
3494 2993 3621 3053 Dei
3654 2995 3755 3052 in-

649 3103 945 3179 quirunt,
985 3110 1058 3163 ut
1090 3103 1450 3163 Psalmista
1484 3101 1693 3162 David
1727 3103 1910 3162 dicit.
1949 3100 1999 3181 ²)

2066 3320 2344 3380 xxxnl.

1752 3526 1962 3588 David
2012 3529 2099 3587 ad
2146 3528 2446 3588 eamdem
2495 3548 2655 3588 rem.

743 3734 849 3797 42.
903 3737 1140 3797 Omnes
1172 3740 1422 3813 qenteS,
1466 3752 1911 3813 quascumque
1943 3737 2186 3812 fecisti,
2222 3740 2519 3806 venient,
2558 3742 2619 3794 et
2654 3736 3019 3796 adorabunt
3057 3752 3274 3796 coram
3309 3742 3393 3810 te,
3444 3735 3749 3811 Domine,

662 3850 722 3902 et
772 3838 1223 3920 ylorificabunt
1275 3856 1514 3898 nomen
1563 3845 1783 3909 tuum,
1834 3841 2146 3916 quoniam
2192 3856 2470 3915 maynus
2520 3857 2587 3897 es
2637 3846 2738 3908 tu,
2791 3846 2854 3898 et
2888 3841 3144 3916 faciens
3177 3838 3537 3908 mirabilia,
3573 3845 3653 3898 tu
3684 3857 3751 3897 es

654 3950 829 4009 Deus
879 3945 1075 4004 solus.
1129 3942 1333 4018 Cujus
1383 3958 1620 4001 sensus
1671 3942 1827 4002 talis
1868 3946 1989 4002 est.
2028 3941 2271 4002 Omnes
2305 3948 2652 4002 creaturas
2685 3941 2860 4002 Deus
2896 3941 3073 4015 fecit,
3110 3944 3177 4002 et
3208 3945 3283 4001 ut
3314 3942 3516 4001 etiam
3551 3941 3749 4001 homo

655 4068 858 4127 opera
883 4049 1303 4124 operaretur,
1324 4046 1651 4123 permisit;
1676 4046 1979 4106 homines
2007 4048 2182 4105 enim
2211 4049 2594 4122 operantur,
2615 4046 2903 4106 formant
2928 4049 2995 4106 et
3014 4046 3445 4121 jubent.Nam
3476 4045 3542 4105 in
3567 4060 3752 4118 crea-

653 4156 824 4215 turis
853 4155 1235 4229 operantur,
1265 4157 1333 4210 et
1359 4150 1725 4212 secundum
1751 4151 1928 4225 ipsas
1956 4151 2089 4210 alia
2116 4166 2420 4226 quaeque
2451 4151 2738 4209 formant
2762 4166 2936 4226 quae
2962 4151 3217 4224 volunt,
3245 4150 3491 4226 quibus
3520 4151 3746 4209 tamen

655 4260 969 4337 spiritum
1001 4256 1159 4316 dare
1194 4272 1324 4315 non
1357 4258 1658 4332 possunt;
1697 4272 1775 4314 ac
1809 4254 2053 4330 quibus
2088 4260 2431 4331 praesunt,
2475 4260 2834 4330 praecepta
2866 4254 3236 4330 imponunt.
3270 4254 3347 4312 Et
3382 4253 3538 4329 quia
3571 4252 3749 4312 Deus

657 4362 990 4424 hominem
1026 4360 1303 4434 creavit,
1339 4366 1406 4419 et
1439 4376 1591 4421 eum
1625 4360 1987 4435 spiramine
2022 4360 2298 4435 spiritus
2333 4359 2438 4418 sui
2474 4359 2555 4418 ad
2588 4359 2796 4419 vitam
2840 4359 3213 4431 suscitavit,
3251 4373 3480 4417 omnes
3514 4360 3747 4432 gentes

654 4482 827 4544 quae
880 4482 961 4524 ex
1007 4464 1214 4525 Adam
1271 4469 1467 4524 natae
1515 4467 1691 4538 sunt,
1753 4464 2011 4523 factura
2060 4462 2175 4523 Dei
2225 4465 2607 4537 existenteS,
2660 4464 2728 4522 in
2774 4464 3119 4523 voluntate
3169 4478 3290 4522 sua
3344 4464 3613 4522 venient
3668 4460 3749 4520 ad

653 4572 886 4644 Deum,
922 4571 1246 4645 quaerent
1279 4568 1635 4627 adorantes
1670 4583 1897 4627 coram
1935 4567 2170 4627 eodem
2202 4568 2505 4641 Domino,
2541 4567 2655 4626 ubi
2688 4582 2931 4625 nomen
2966 4566 3181 4642 ipsius
3226 4567 3559 4639 invocant,
3596 4581 3748 4625 cum

657 4691 809 4735 eum
850 4673 1167 4746 sentiunt,
1205 4672 1520 4748 quoniam
1556 4671 1637 4731 ab
1672 4687 1749 4731 eo
1786 4672 2133 4732 discedere
2172 4688 2300 4731 non
2333 4677 2638 4748 possunt,
2675 4670 3231 4746 quemadmodum
3277 4671 3456 4730 filius
3490 4672 3751 4745 ignora-

659 4795 730 4839 re
765 4794 896 4837 non
943 4777 1190 4852 poterit
1224 4791 1420 4852 quem
1472 4777 1730 4852 patrem
1767 4775 2031 4836 habeat.
2080 4776 2160 4835 Et
2193 4775 2290 4835 sic
2337 4775 2713 4850 glorificant
2760 4790 3000 4834 nomen
3032 4774 3173 4848 Dei,
3225 4791 3375 4833 cum
3419 4774 3501 4832 ad
3542 4773 3747 4832 Deum

656 4886 968 4955 clamant,
1005 4884 1072 4943 et
1104 4897 1255 4941 cum
1290 4880 1495 4940 Deum
1549 4881 1878 4941 invocant.
1915 4880 2041 4939 Sed
2091 4880 2360 4956 quidam
2397 4879 2700 4939 homines
2734 4895 2903 4954 opus
2954 4895 3271 4938 manuum
3306 4894 3579 4938 suarum
3629 4894 3746 4952 pro

662 4989 796 5048 Deo
848 4986 1113 5059 habent,
1167 4992 1234 5046 et
1285 4986 1458 5045 idem
1508 5002 1675 5061 opus
1717 4984 1890 5043 Deus
1925 4986 2289 5057 nominant,
2326 4988 2393 5043 et
2427 4968 2939 5043 boc'consilium
2974 4982 3234 5042 Diaboli
3269 4988 3393 5056 est,
3431 4997 3582 5040 cum
3618 4995 3747 5055 quo

731 5154 772 5220 ¹)
806 5171 970 5209 unum
995 5154 1057 5210 de
1086 5153 1303 5209 Christo
1329 5154 1589 5208 dixerunt
1618 5152 1706 5205 W.
1747 5183 1806 5191 -
1839 5183 1900 5191 —--
1927 5153 1972 5215 2)
2003 5152 2089 5206 Ps.
2124 5149 2411 5212 LXXXV,
2443 5156 2491 5205 9.
2529 5151 2847 5221 Inquirunt.
2886 5192 2896 5203 .
2930 5151 3077 5203 dz'oeit
3104 5148 3168 5201 A.
