4036 6117
1344 539 1581 587 nena
1636 538 1837 588 virae
1892 538 2358 587 nemi-onum
3240 522 3320 582 51

1804 763 1871 825 C.

1236 972 1463 1032 Poena
1505 973 1982 1033 homicidarum
2036 992 2120 1033 eae
2168 975 2469 1033 avaritia.

385 1174 537 1237 118.
574 1175 655 1235 Et
689 1176 892 1236 etiam
926 1176 1133 1237 alium
1171 1177 1389 1253 ignem
1422 1178 1582 1254 vidi,
1621 1179 1687 1238 in
1720 1196 1852 1255 quo
1886 1179 2016 1240 duo
2050 1179 2324 1238 maximi
2357 1184 2424 1239 et
2457 1176 2805 1238 horribilis
2842 1176 3095 1236 formae
3128 1190 3391 1235 vermes

299 1285 508 1356 erant,
562 1281 679 1356 qui
727 1280 1033 1341 eumdem
1082 1283 1303 1358 ignem
1350 1288 1418 1343 et
1467 1283 1723 1342 animas
1774 1298 1945 1359 quae
1981 1283 2050 1343 in
2081 1299 2159 1342 eo
2193 1282 2690 1357 cruciabantur,
2728 1281 3000 1341 flatibus
3035 1280 3177 1339 suis
3212 1277 3397 1339 afssa-

300 1383 472 1446 bant.
523 1385 802 1445 Animae
850 1394 1073 1446 autem
1120 1402 1294 1464 quae
1346 1387 1412 1446 in
1444 1387 1843 1463 corporibus
1878 1387 2021 1447 suis
2056 1393 2333 1463 propter
2366 1386 2720 1446 avaritiam
2755 1385 3190 1445 homicidium
3226 1383 3399 1442 fece-

298 1492 466 1561 rant,
517 1487 587 1547 in
621 1489 769 1564 igne
804 1488 934 1548 isto
984 1489 1329 1565 ardebant,
1380 1469 1447 1549 et
1495 1490 1579 1550 ab
1614 1483 1854 1549 iisdem
1890 1490 2236 1550 vermibus
2271 1490 2761 1565 affligebantur.
2809 1488 3091 1564 Propter
3123 1485 3401 1546 homici-

298 1587 479 1648 dium
515 1591 764 1667 quippe
800 1592 1041 1668 ignem,
1076 1596 1145 1652 et
1176 1599 1450 1673 propter
1483 1594 1840 1657 avaritiam
1872 1609 2139 1659 vermes
2174 1594 2328 1655 illos
2362 1593 2806 1653 sustinebant.

1803 1802 1901 1863 CI.

992 2012 1217 2072 Poena
1248 2029 1477 2072 eorum
1505 2013 1621 2090 qui
1652 2011 2058 2086 occiderunt,
2097 2030 2181 2070 ne
2215 2012 2690 2073 occiderentur.

382 2215 536 2277 119.
589 2217 737 2278 Vidi
770 2235 1036 2296 quoque
1071 2219 1335 2281 foveam
1367 2221 1573 2281 latam
1619 2227 1686 2280 et
1735 2218 2158 2297 profundam,
2211 2236 2383 2296 quae
2435 2219 2734 2280 fervente
2784 2220 2931 2296 pice
2965 2224 3032 2279 et
3071 2218 3393 2295 sulphure

297 2320 486 2396 plena
538 2328 709 2398 erat,
760 2328 829 2383 et
875 2324 1056 2384 circa
1103 2340 1305 2400 quam
1353 2340 1555 2385 ranae
1602 2329 1670 2383 et
1719 2324 2107 2400 scorpiones
2152 2323 2486 2399 jacebant;
2540 2324 2653 2400 qui
2699 2321 3074 2397 animabuS,
3124 2323 3400 2399 quaein

298 2421 533 2483 eadem
586 2424 779 2485 fovea
828 2427 1335 2504 torquebantur,
1389 2434 1715 2487 terrorem
1764 2427 2198 2503 incutiebant,
2250 2443 2371 2487 nec
2415 2433 2638 2486 tamen
2680 2441 2797 2485 eas
2831 2425 3202 2486 laedebant.
3238 2425 3406 2487 Nam

297 2527 563 2588 animae
611 2530 902 2607 illorum,
955 2531 1071 2607 qui
1118 2546 1193 2590 se
1242 2531 1630 2592 invadentes
1679 2537 1923 2591 conatu
1971 2548 2209 2606 magno
2251 2530 2657 2607 occiderant,
2695 2547 2778 2590 ne
2810 2530 3300 2605 occiderentur,
3338 2530 3406 2589 in

300 2627 420 2689 hac
468 2629 670 2692 fovea
721 2631 1009 2710 fuerunt,
1061 2641 1130 2695 et
1177 2635 1262 2696 ob
1312 2635 1744 2695 homicidium
1792 2635 1968 2711 quod
2020 2634 2145 2694 hoc
2193 2635 2389 2696 modo
2437 2640 3013 2711 perpetraverant,
3041 2633 3401 2694 fervorem

231 2808 241 2817 ·
298 2732 442 2806 ejus
476 2736 931 2813 sustinebant;
967 2743 1035 2798 et
1069 2737 1154 2798 ob
1188 2739 1511 2815 impetum
1544 2740 1611 2798 in
1642 2754 1773 2816 quo
1810 2739 1877 2799 in
1909 2739 2024 2798 illo
2058 2739 2544 2798 incontinentes
2577 2743 2791 2812 erant,
2828 2738 2975 2814 pice
3022 2737 3403 2798 inficieban-

301 2838 427 2909 tur3
462 2842 540 2896 et
569 2837 658 2898 ob
695 2838 1217 2915 indignationem
1258 2858 1460 2918 quam
1504 2842 1639 2901 illis
1690 2842 1756 2901 in
1803 2841 2140 2900 occisione
2190 2841 2579 2916 intulerunt,
2632 2839 2954 2916 sulphure
3003 2840 3406 2916 torqueban-

302 2942 425 2997 tur.
460 2936 594 2997 Sed
626 2945 695 3000 et
726 2942 884 3017 quia
918 2958 992 3002 se
1025 2942 1445 3004 incursantes
1486 2944 1880 3020 praevenire
1928 2944 2192 3004 insidiis
2243 2944 2747 3019 festinaverant,
2787 2944 2855 3003 in
2896 2943 3212 3007 cordibus
3261 2943 3406 3003 suis

300 3041 627 3104 dicentes:
669 3064 702 3104 α
730 3045 865 3122 Ego
898 3052 967 3108 te
1000 3046 1323 3125 occidam,
1362 3028 1793 3126 antequam-a
1827 3054 1892 3109 te
1927 3049 2143 3109 occidi
2175 3049 2397 3125 patiar
2425 3068 2485 3126 ι,
2524 3050 2833 3110 timorem
2867 3068 2905 3109 a
2940 3048 3405 3126 scorpionibus

304 3144 666 3223 habebant;
702 3154 770 3209 et
800 3151 960 3226 quia
990 3149 1119 3213 hoc
1153 3152 1221 3211 in
1253 3152 1698 3213 amaritudine
1731 3152 2036 3216 cordium
2074 3168 2351 3238 suorum
2388 3151 2705 3229 fecerant,
2741 3152 3089 3222 horrorem
3133 3171 3172 3214 a
3221 3153 3403 3212 ranis

308 3252 754 3313 sustinebant.

1787 3468 1915 3528 CII.

1202 3675 1430 3737 Poena
1474 3675 1954 3736 homicidarum
2001 3695 2087 3735 eae
2135 3678 2530 3754 iynorantia.

391 3873 548 3936 120.
586 3874 714 3936 Sed
746 3882 814 3937 et
845 3877 985 3939 vidi
1020 3879 1374 3956 quemdam
1410 3882 1676 3957 igneum
1711 3897 1957 3957 aerem,
1994 3883 2111 3960 qui
2146 3900 2184 3943 a
2217 3883 2508 3961 quodam
2539 3889 2737 3944 vento
2775 3883 2899 3944 hac
2931 3890 2999 3946 et
3033 3885 3187 3945 illac
3230 3900 3407 3945 com-

306 3980 728 4056 movebatur,
763 3987 831 4043 et
862 3983 929 4043 in
961 3985 1092 4044 isto
1126 3984 1387 4045 animae
1421 3986 1688 4046 illorum
1719 3992 1932 4062 erant,
1969 3988 2084 4064 qui
2119 4003 2239 4063 per
2273 3989 2718 4063 ignorantiam
2752 3988 3185 4049 homicidium
3235 3990 3404 4050 fece-

308 4088 478 4157 rant,
515 4089 588 4143 et
622 4083 786 4145 illud
818 4101 939 4162 pro
987 4086 1194 4148 nihilo
1245 4087 1636 4150 habuerant.
1686 4089 1854 4161 Quia
1901 4091 2078 4149 enim
2114 4090 2473 4152 homicidio
2509 4105 2731 4150 aerem
2765 4092 3402 4166 contaminaverant,

308 4186 373 4248 in
402 4189 603 4265 igneo
637 4207 793 4251 aere
838 4191 1126 4268 fuerunt;
1176 4199 1244 4254 et
1292 4194 1450 4270 quia
1497 4193 1624 4254 hoc
1675 4195 2261 4272 parvipenderant,
2313 4196 2826 4256 commotionem
2877 4196 3176 4272 ejusdem
3224 4199 3406 4259 venti

309 4292 758 4368 patiebantur.

1781 4506 1943 4567 CIII.

1500 4714 1729 4776 Poena
1772 4717 2230 4797 veneficorum.

403 4918 557 4985 121.
592 4919 843 4985 Deinde
876 4937 1188 5001 magnum
1222 4930 1289 4984 et
1324 4921 1711 4984 rutilantem
1747 4924 1966 5000 ignem
1998 4925 2160 4999 vidi,
2199 4926 2266 4985 in
2299 4941 2430 5002 quo
2457 4921 2729 5001 quidam
2765 4920 3077 4984 horrendi
3110 4938 3396 4999 vermeS,

314 5042 432 5087 ora
464 5035 540 5088 ut
570 5029 759 5105 porci
792 5028 1137 5104 habentes,
1176 5028 1463 5105 fuerunt,
1499 5030 1614 5105 qui
1647 5029 1953 5089 eumdem
1989 5030 2207 5105 ignem
2241 5036 2456 5091 totum
2490 5029 3021 5102 commovebant;
3058 5032 3125 5086 et
3157 5027 3224 5086 in
3258 5026 3409 5102 igne

317 5123 446 5189 isto
479 5132 742 5192 animae
778 5134 1043 5194 illorum
1075 5139 1288 5209 erant,
1325 5133 1440 5209 qui
1475 5133 1631 5194 dum
1668 5134 1733 5194 in
1766 5133 2163 5210 corporibus
2198 5135 2340 5193 suis
2393 5133 2704 5202 fuissent,
2741 5130 2911 5190 alios
2948 5131 3247 5190 homines
3295 5145 3406 5189 ve-
