4036 6117
747 432 877 493 234
1893 448 1945 495 s,
2000 446 2536 496 ninnssuAnms

681 566 1014 633 intuitum,
1068 582 1198 640 quo
1248 567 1503 639 septem
1551 565 1722 625 dona
1772 565 2061 642 Spiritus
2109 567 2331 628 Sancti
2381 570 2448 627 in
2498 569 2819 639 regimine
2872 584 2991 629 suo
3042 577 3273 644 aperte
3311 564 3746 646 inspexerant,

669 685 817 728 cum
855 669 985 729 sibi
1020 686 1139 745 pro
1171 668 1284 728 Dei
1337 685 1563 728 amore
1613 671 2014 744 regulariter
2064 671 2405 746 subJectos
2457 672 2522 730 in
2570 672 2793 731 activa
2844 672 2979 731 vita
3028 673 3472 748 corporaliter
3519 688 3749 750 procu-

669 774 1002 845 raverant,
1053 776 1122 830 et
1163 787 1316 831 cum
1348 787 1466 831 eos
1503 772 1566 830 in
1601 773 2149 848 comtemplativa
2184 774 2323 833 vita
2373 774 2769 850 spiritaliter
2804 781 3136 849 rexerant,
3191 776 3257 835 in
3289 777 3524 835 eadem
3569 781 3749 834 veste

668 875 749 935 ad
784 880 1043 952 pectu8,
1079 877 1265 935 velut
1297 876 1489 950 signa
1524 877 1774 949 septem
1810 876 2230 951 planetarum
2265 877 2435 936 miro
2472 877 2664 937 modo
2701 877 3013 952 lucentia,
3051 882 3524 953 apparuerunt.

753 982 861 1043 37.
911 981 991 1039 Et
1024 979 1336 1055 quoniam
1389 980 1454 1038 in
1489 978 1802 1038 cordibus
1853 981 1995 1038 suis
2033 995 2258 1040 veram
2304 980 2638 1055 Justitiam
2678 996 2828 1040 cum
2863 983 3177 1057 passione
3210 996 3568 1058 corporum
3603 996 3748 1040 suo-

664 1099 811 1142 rum
864 1098 935 1142 se
984 1088 1369 1141 coercentes
1415 1084 1870 1156 portaverant,
1909 1083 2024 1142 ubi
2073 1099 2193 1157 per
2228 1083 2608 1143 instabilem
2661 1084 3057 1159 injustitiam
3090 1084 3224 1145 Deo
3273 1085 3608 1145 obsistere
3638 1099 3747 1144 no-

663 1189 915 1259 lentes,
965 1201 1115 1244 eum
1167 1200 1319 1243 curn
1368 1200 1605 1260 magna
1664 1186 2044 1245 constantia
2093 1186 2383 1246 fidelium
2436 1203 2713 1263 operum
2764 1188 3225 1263 inspexerant,
3279 1204 3484 1264 super
3531 1188 3746 1263 capita

661 1307 784 1350 sua
833 1305 1116 1350 coronas
1163 1288 1357 1365 quasi
1409 1288 1668 1364 topazio
1720 1292 1992 1349 ornatas
2041 1291 2433 1364 gestabant;
2485 1294 2551 1351 et
2597 1292 2913 1367 quoniam
2966 1293 3029 1350 in
3078 1293 3283 1352 rectis
3331 1293 3463 1351 viis
3522 1306 3742 1351 coram

652 1395 785 1453 Deo
837 1392 1147 1452 subditos
1197 1408 1356 1451 suos
1406 1394 1744 1468 sapienter
1780 1393 2086 1452 incedere
2124 1393 2441 1468 fecerant,
2494 1395 2945 1455 calceamenta
3002 1396 3186 1455 velut
3241 1411 3320 1454 ex
3383 1395 3741 1470 purissimo

654 1514 818 1557 auro
847 1495 1199 1556 habebant.
1229 1495 1352 1554 Sed
1380 1501 1446 1554 et
1479 1497 1635 1572 quia
1671 1498 1737 1555 in
1769 1498 2087 1572 operibus
2125 1499 2265 1557 suis
2304 1515 2528 1557 veram
2562 1498 2933 1559 doctrinam
2969 1499 3172 1559 verbo
3208 1506 3273 1558 et
3300 1499 3604 1575 exemplo
3638 1498 3744 1558 de-

656 1604 1128 1661 monstrantes
1182 1615 1253 1658 se
1305 1600 1489 1675 ipsos
1538 1600 1692 1659 aliis
1741 1602 1925 1660 velut
1975 1602 2320 1675 speculum
2370 1606 2893 1678 proposuerant,
2946 1619 3096 1663 cum
3146 1605 3349 1663 etiam
3401 1618 3736 1663 rumorem

650 1706 1035 1764 sanctorum
1091 1718 1392 1777 operum,
1444 1702 1703 1763 scilicet
1739 1703 1803 1762 in
1836 1703 2193 1763 dilectione
2243 1720 2440 1764 verae
2474 1706 2958 1780 continentiae,
3010 1707 3179 1766 etin
3227 1706 3739 1768 mortificatione

646 1809 869 1868 carnis
903 1822 1087 1880 suae,
1124 1812 1192 1866 et
1226 1807 1291 1866 in
1324 1805 1545 1867 officio
1596 1808 1996 1880 sanctitatiS,
2037 1808 2102 1866 in
2150 1809 2431 1884 populos
2465 1808 2876 1869 credentium
2928 1810 3313 1886 emiserant,
3365 1810 3480 1870 ubi
3531 1809 3740 1870 servi-

647 1914 738 1972 tio
788 1914 855 1972 et
890 1911 1083 1971 laude
1119 1911 1458 1971 Creatoris
1493 1909 1598 1969 sui
1648 1910 1754 1969 die
1789 1918 2124 1987 noctuque
2176 1912 2535 1986 instantes,
2587 1911 2783 1971 fidem
2832 1919 2898 1971 et
2940 1913 3272 1988 justitiam
3321 1912 3736 1989 patriarcha-

644 2034 791 2076 rum
840 2023 907 2077 et
954 2015 1433 2092 prophetarum
1469 2021 1537 2074 et
1570 2017 2055 2090 apostolorum,
2093 2016 2207 2091 qui
2257 2017 2668 2076 clamoribus
2701 2017 2843 2076 suis
2892 2018 3244 2076 veritatem
3280 2033 3452 2094 quae
3500 2017 3570 2076 in
3599 2016 3732 2077 Deo

637 2124 743 2180 est
776 2116 1394 2189 manifestaveram,
1435 2117 1676 2178 imitati
1727 2124 1917 2192 sunt,
1974 2119 2039 2177 in
2078 2119 2385 2178 manibus
2422 2119 2563 2178 suis
2598 2119 2794 2194 quasi
2843 2119 3040 2178 tubas
3075 2120 3505 2195 crystallinas
3554 2122 3733 2180 tene·

637 2225 833 2298 bant,
886 2224 966 2283 de
1000 2224 1246 2299 quibus
1295 2228 1536 2282 ventus
1570 2223 1844 2284 odorem
1892 2225 2078 2284 velut
2112 2240 2376 2298 myrrae
2410 2230 2478 2283 et
2522 2224 2740 2283 thuris
2789 2222 3075 2283 offerens
3111 2224 3347 2297 flabat,
3400 2239 3554 2284 cum
3588 2223 3730 2299 qui·

638 2330 766 2389 bus
815 2329 1016 2389 etiam
1052 2330 1120 2386 in
1166 2327 1449 2386 canticis
1481 2335 1548 2387 et
1598 2328 1663 2386 in
1697 2328 2008 2388 laudibus
2062 2328 2350 2402 illorum,
2387 2329 2501 2404 qui
2534 2343 2765 2387 vocem
2801 2343 3025 2387 coram
3059 2327 3193 2389 Deo
3230 2328 3501 2403 habent,
3537 2344 3727 2388 cane-

633 2433 814 2493 bant.
851 2433 972 2492 Isti
1020 2437 1243 2491 autem
1287 2432 1443 2490 dum
1497 2432 1562 2490 in
1596 2437 1861 2492 terreno
1896 2434 2168 2492 saeculo
2217 2432 2661 2507 corporaliter
2694 2431 3014 2507 fuissent,
3065 2448 3185 2508 per
3216 2431 3724 2508 inspirationem

635 2538 819 2596 illam
867 2551 1002 2612 qua
1047 2535 1223 2594 Deus
1273 2534 1635 2610 magistros
1683 2542 1751 2594 et
1800 2536 2138 2611 praelatos
2190 2534 2331 2594 fieri
2380 2535 2796 2609 designavit,
2847 2535 3158 2593 doctores
3206 2537 3272 2593 et
3322 2537 3622 2594 rectores
3657 2534 3721 2591 in

631 2640 876 2716 populo
924 2638 1042 2697 Dei
1090 2638 1484 2711 existentes,
1535 2637 1741 2697 verbo
1789 2644 1857 2698 et
1904 2640 2203 2712 exemplo
2253 2637 2542 2698 subditis
2592 2640 2732 2697 suis
2770 2637 3234 2712 praefuerant,
3287 2653 3324 2695 a
3360 2636 3559 2695 malis
3606 2651 3720 2695 eos

628 2744 1030 2817 eripienteS,
1081 2756 1204 2800 nec
1235 2757 1352 2799 eos
1401 2740 1483 2799 ad
1520 2741 2036 2801 internecionem
2073 2742 2310 2801 cadere
2361 2744 2676 2815 sinenteS,
2716 2743 2829 2803 ubi
2878 2740 3078 2801 etiam
3116 2757 3189 2800 se
3242 2741 3422 2814 ipsos
3456 2754 3576 2814 per
3607 2738 3721 2798 bo-

625 2864 709 2906 na
743 2861 945 2922 opera
993 2844 1125 2903 Deo
1159 2845 1558 2905 obtulerant.
1613 2845 1891 2905 Caetera
1935 2861 2095 2904 vero
2144 2853 2533 2905 ornamenta
2586 2847 2868 2904 istorum
2918 2851 2984 2903 et
3035 2844 3563 2919 significationes
3611 2858 3718 2901 eo-

626 2966 773 3010 rum
808 2949 982 3009 visui
1018 2952 1085 3007 et
1121 2949 1485 3007 intellectui
1523 2964 1668 3007 meo
1705 2950 2042 3008 occultata
2077 2955 2252 3010 sunt.

2054 3207 2270 3266 XXIX.

1215 3418 1307 3477 De
1356 3417 1744 3494 quibusdam
1794 3415 2174 3475 coelestibus
2223 3423 2597 3492 martyrum.
2645 3415 2922 3492 qaudiis.

699 3622 806 3682 38.
847 3623 1031 3683 Alios
1066 3623 1268 3681 etiam
1306 3623 1372 3682 in
1406 3623 1640 3681 eadem
1676 3639 1879 3700 supra
1914 3624 2091 3682 dicta
2126 3623 2434 3682 claritate
2470 3623 2673 3682 simili
2709 3622 2927 3694 mod0‚
2965 3627 3038 3680 ut
3084 3626 3696 3698 praemonstratum

610 3731 738 3800 est,
769 3725 961 3802 quasi
996 3740 1116 3801 per
1151 3726 1518 3800 speculum,
1557 3741 1677 3785 ceu
1714 3742 1917 3800 supra
1951 3724 2283 3801 quoddam
2322 3740 2504 3783 mare
2540 3730 2797 3783 stantes
2832 3724 3160 3797 videbam,
3199 3723 3374 3799 quod
3407 3738 3529 3782 nec
3563 3740 3697 3783 ma-

607 3830 828 3903 nebat,
883 3844 1002 3888 nec
1053 3828 1621 3888 humectationem
1672 3829 1847 3888 sicut
1894 3845 2067 3904 aqua
2115 3829 2426 3902 habebat3
2465 3827 2579 3886 sed
2623 3827 2799 3903 quod
2836 3830 3091 3885 tantum
3129 3825 3454 3900 fulgorem
3491 3825 3696 3886 maxi-

608 3949 787 3992 mum
814 3932 894 3991 de
922 3948 995 3992 se
1032 3930 1370 3991 reddebat.
1400 3927 1444 4009 ¹)
1473 3931 1551 3990 Et
1577 3931 1645 3990 hi
1678 3932 1872 4007 quasi
1907 3934 2094 3991 veste
2123 3931 2306 3991 rubri
2332 3929 2381 4008 ²)
2420 3931 2713 4006 hyacinti
2741 3931 2987 3989 coloris
3014 3930 3495 4002 vestiebantur,
3525 3944 3695 4006 quae

602 4055 807 4116 supra
856 4038 1173 4097 humeros
1223 4052 1303 4096 ac
1354 4037 1417 4096 in
1468 4037 1753 4096 circuitu
1805 4052 2006 4110 supra
2060 4036 2259 4112 pedes
2308 4051 2537 4095 eorum
2574 4036 2759 4095 velut
2807 4034 3319 4109 pretiosissimis
3356 4032 3689 4108 lapidibus

597 4142 1062 4202 decorabatur.
1115 4140 1412 4199 Coronas
1461 4154 1726 4214 quoque
1779 4139 1959 4197 velut
2007 4154 2085 4196 ex
2137 4139 2501 4213 purissimo
2552 4154 2714 4197 auro
2766 4137 3128 4211 fulgenteS,
3182 4141 3247 4194 et
3294 4136 3482 4194 velut
3528 4134 3689 4194 luci-

597 4244 896 4304 dissimis
946 4240 1236 4317 speculis
1270 4241 1336 4299 in
1372 4242 1658 4299 circuitu
1691 4240 2071 4312 distinctaS,
2110 4241 2177 4299 in
2211 4239 2546 4315 capitibus
2597 4239 2735 4298 suis
2774 4238 3128 4311 habebant,
3179 4240 3247 4296 et
3279 4236 3686 4295 calceamen-

597 4351 686 4409 tis
721 4349 906 4407 velut
929 4341 979 4425 ³)
1018 4345 1373 4420 smaragdo
1403 4347 1469 4405 et
1494 4345 1731 4405 berillo
1765 4346 2020 4404 ornatis
2052 4345 2512 4404 induebantur.
2550 4343 2673 4401 Sed
2708 4349 2773 4401 et
2811 4343 2874 4401 in
2911 4341 3217 4400 manibus
3253 4339 3392 4399 suis
3424 4339 3682 4415 palmas

595 4469 717 4512 ceu
746 4447 795 4529 ⁴)
831 4450 1198 4527 purissima
1234 4466 1407 4525 aqua
1442 4449 1823 4525 perlucidas
1858 4449 2213 4522 habebant,
2254 4448 2317 4506 in
2353 4447 2598 4523 quibus
2632 4447 2832 4506 etiam
2885 4446 3174 4521 plurima
3207 4442 3533 4502 miracula
3564 4440 3680 4500 Dei

590 4556 783 4632 quasi
818 4555 885 4613 in
920 4554 1214 4629 speculis
1250 4554 1681 4630 apparebant.
2205 4541 2219 4553 ’

678 4661 784 4721 39.
837 4661 914 4720 Et
948 4661 1172 4719 audivi
1223 4675 1454 4718 vocem
1488 4658 1568 4718 de
1618 4660 1803 4718 coelo
1839 4664 2157 4734 tanquam
2208 4672 2437 4715 vocem
2476 4656 2751 4715 tonitrui
2793 4657 3195 4714 clamantem
3226 4659 3292 4712 et
3323 4652 3671 4711 dicentem:

587 4757 917 4842 Antiquus
952 4779 1228 4837 serpens
1276 4763 1410 4821 Deo
1447 4779 1517 4821 se
1565 4764 1899 4839 opposuit,
1941 4762 2111 4822 unde
2145 4763 2211 4820 et
2262 4763 2326 4820 in
2363 4761 2691 4820 infernum
2743 4760 3085 4836 projectus
3119 4763 3245 4831 est;
3284 4755 3401 4815 sed
3453 4755 3564 4814 ille
3595 4753 3675 4812 de

585 4870 797 4929 forma
849 4866 1134 4925 hominis
1186 4865 1484 4924 membra
1520 4865 1647 4924 sibi
1684 4867 1976 4940 collegit,
2012 4871 2344 4941 quatenus
2381 4864 2509 4939 ipsi
2559 4865 3151 4935 communicarent,
3187 4868 3252 4920 et
3287 4875 3406 4935 per
3438 4875 3516 4918 ea
3560 4857 3671 4916 ho·

653 5113 693 5179 ¹)
721 5113 1033 5168 reddiderat
1060 5115 1109 5166 et
1135 5110 1221 5165 hii
1246 5108 1338 5165 W.
1371 5139 1416 5147 -·
1435 5110 1479 5174 ²)
1508 5109 1669 5182 quali
1693 5109 1784 5164 W.
1817 5108 1938 5176 —³)
1968 5107 2004 5164 s.
2039 5113 2175 5164 reste
2201 5110 2391 5172 rubra.
2421 5107 2515 5164 scd
2542 5106 2612 5165 cf.
2646 5111 2730 5163 ⁴0.
2762 5137 2831 5148 -
2855 5107 2897 5175 ⁴)
2924 5125 3014 5164 seu
3039 5106 3110 5170 A.
3140 5106 3233 5170 W,
3265 5104 3359 5161 hic
3385 5108 3442 5160 et
3470 5117 3652 5174 supra.
