4036 6117
749 537 878 595 552
1893 554 1943 599 s.
2009 553 2547 605 ntuneoAnnls

681 673 1071 750 extinyuere
1123 673 1546 746 charitatem,
1596 692 1716 732 nec
1761 674 2045 753 {lumina
2092 676 2364 739 obruent
2414 682 2626 753 illam,
2675 674 2721 759 ¹)
2775 680 2932 758 quia
2983 678 3265 758 virginei
3318 678 3521 741 flores
3570 674 3781 738 circu·

682 778 818 838 lum
868 776 1168 838 ardentis
1203 783 1389 837 rotae
1441 777 1505 836 in
1540 793 1783 838 carnea
1826 784 2067 839 natura
2106 783 2547 858 reliquerunt,
2601 792 2753 859 post
2786 786 3090 861 exempla
3138 786 3329 861 Agni,
3380 786 3448 844 in
3496 782 3777 857 vestigio

679 880 1094 956 virginitatis
1142 879 1590 952 ambulantes,
1641 886 1843 958 atquc
1893 899 2204 958 pompam
2247 891 2314 945 et
2362 887 2635 948 divitias
2670 904 2748 947 ac
2784 895 3088 949 terrenas
3121 905 3366 948 causas
3401 887 3611 964 hujus
3645 901 3780 945 sae-

673 985 810 1045 culi
860 985 1335 1061 relinquentes,
1371 985 1448 1043 Et
1500 986 1725 1045 omnia
1757 1001 2006 1061 genera
2060 989 2212 1062 ista,
2254 991 2432 1050 sicut
2479 1008 2724 1068 genera
2769 1008 3098 1069 aquarum
3135 992 3529 1064 multarum,
3569 988 3779 1048 chari·-

679 1089 884 1148 tatem
920 1088 987 1148 in
1036 1087 1173 1147 illis
1208 1102 1640 1164 corrumpere
1689 1106 1818 1150 non
1854 1098 2235 1167 potuerunt.
2285 1095 2467 1155 Unde
2500 1098 2705 1156 etiarn
2749 1098 3076 1173 scriptum
3112 1099 3234 1157 est:
3271 1096 3352 1156 Et
3390 1094 3777 1155 dilatabitur

680 1210 789 1254 cor
822 1199 1035 1266 tuum,
1084 1193 1349 1269 quando
1383 1210 1694 1253 conversa
1737 1197 1946 1271 fuerit
1981 1198 2069 1255 ad
2119 1208 2180 1255 te
2214 1200 2577 1258 multitudo
2624 1203 2852 1275 maris,
2887 1202 3212 1277 fortitudo
3244 1204 3552 1277 qentium
3591 1217 3777 1257 vene-

674 1303 766 1360 rit
798 1298 937 1360 tibi.
975 1300 1339 1359 Inundatio
1372 1300 1774 1359 camelorum
1811 1305 2061 1379 operiet
2099 1310 2189 1374 te,
2226 1305 2634 1365 dromedarii
2673 1306 2941 1367 Madian
2976 1316 3039 1365 et
3074 1307 3278 1384 Epha.
3311 1303 3363 1384 ²)

767 1403 819 1465 Ο
849 1403 1251 1472 Jerusalem,
1279 1418 1520 1478 magna
1553 1403 1860 1464 dilatatio
1897 1406 1963 1466 in
1997 1408 2198 1467 corde
2233 1414 2348 1468 tuo
2379 1411 2535 1480 erit,
2567 1411 2631 1469 in
2672 1410 3117 1471 innumerosis
3150 1408 3593 1477 ornamentis,
3632 1423 3777 1467 cum

682 1506 1053 1568 fortissima
1100 1505 1206 1565 vis
1242 1506 1309 1565 in
1357 1506 1500 1566 sole
1539 1508 1952 1584 virginitatis
2002 1511 2068 1570 in
2105 1517 2170 1571 te
2217 1511 2667 1582 diffundetur,
2705 1514 2882 1573 sicut
2915 1530 3100 1573 mare
3134 1514 3304 1573 alias
3340 1529 3558 1588 aquas
3595 1526 3779 1587 prae-

674 1611 882 1686 cellit,
916 1613 985 1672 et
1019 1626 1172 1671 cum
1205 1613 1673 1673 communibus
1711 1614 1981 1690 populis
2020 1616 2083 1676 in
2129 1633 2289 1677 vera
2324 1618 2745 1678 abscissione
2793 1619 2998 1695 gladii
3035 1619 3232 1679 Verbi
3282 1618 3397 1678 Dei
3434 1619 3779 1677 saeculum

677 1719 1062 1796 relinquens
1100 1719 1167 1778 in
1200 1719 1461 1795 magnis
1496 1721 1892 1781 criminibus
1928 1728 1996 1782 et
2022 1725 2743 1800 praevaricationibus,
2775 1732 2847 1787 ut
2880 1727 3176 1786 camelus
3204 1732 3556 1793 oneratuS,
3581 1730 3778 1800 atque

680 1827 745 1886 in
777 1825 957 1886 omni
992 1825 1274 1886 lascivia
1307 1826 1889 1886 dromedariorum
1927 1843 2225 1888 meorum
2264 1835 2332 1888 et
2364 1829 2706 1890 vitiorum.

767 1928 954 1990 Nunc
977 1944 1138 2005 ergo
1173 1928 1399 1990 audite
1426 1936 1495 1990 et
1528 1930 1905 2006 intelligite,
1944 1949 1982 1991 o
2017 1932 2445 1993 dilectissimi
2482 1934 2598 1994 filii
2632 1934 3027 2010 Jerusalem,
3065 1935 3179 2010 qui
3216 1935 3281 1992 in
3315 1930 3457 2009 (fol.
3496 1930 3617 2010 88)
3656 1930 3779 1990 ista

678 2033 1027 2094 vocatione
1060 2034 1246 2106 esti3‚
1303 2035 1518 2110 etqui
1568 2033 1632 2094 in
1669 2051 1955 2094 caverna
2006 2040 2337 2097 maceriae
2388 2038 2564 2097 sicut
2612 2039 2961 2099 columbae
2998 2039 3271 2113 sedetis,
3322 2037 3555 2097 tunica
3594 2037 3780 2098 Chri-

678 2140 769 2199 sti
819 2137 1055 2213 induti,
1094 2138 1210 2214 qui
1259 2139 1632 2215 assumpsit
1665 2140 1841 2215 quod
1878 2144 2031 2201 ante
2066 2157 2196 2200 non
2244 2141 2501 2216 habuit,
2549 2159 2698 2201 cum
2736 2142 3220 2203 humanitatem
3259 2142 3493 2215 induit,
3531 2142 3658 2202 sed
3690 2148 3781 2202 ta-

689 2260 838 2305 men
886 2243 953 2303 in
987 2243 1236 2304 deitate
1285 2245 1679 2321 permansit.
1731 2245 2108 2307 Secundum
2161 2248 2347 2309 illum
2398 2265 2557 2325 ergo
2608 2250 2972 2326 ambulate,
3025 2251 3137 2327 qui
3189 2252 3375 2311 dixit:
3411 2252 3565 2311 Non
3617 2252 3778 2308 sicut

674 2367 787 2428 eqo
819 2349 981 2425 volo,
1020 2350 1134 2414 sed
1169 2354 1336 2410 sicut
1374 2358 1447 2410 tu
1480 2354 1598 2426 vi3,
1639 2354 1866 2432 Rater.
1900 2348 1950 2432 ⁸)
1985 2354 2066 2414 Et
2116 2355 2208 2414 ita
2242 2372 2516 2415 auream
2568 2356 2927 2431 ligaturam
2961 2358 3382 2419 obedientiae
3416 2356 3775 2417 habebitis

673 2455 859 2515 Nunc
907 2471 1067 2532 ergo
1104 2455 1483 2516 imitatores
1535 2457 1713 2519 illius
1751 2465 1990 2535 estote,
2045 2460 2111 2519 in
2146 2461 2418 2535 speculo
2470 2462 2811 2537 magistri,
2865 2463 3022 2539 quia
3072 2464 3249 2524 sicut
3283 2464 3483 2523 homo
3537 2462 3779 2523 faciem

674 2576 867 2621 suam
918 2561 986 2620 in
1019 2561 1292 2636 speculo
1343 2561 1548 2637 videt,
1601 2564 1700 2623 sic
1752 2564 1817 2624 in
1865 2566 2191 2640 magistro
2243 2571 2469 2625 vestro
2522 2564 2757 2626 faciem
2808 2566 2924 2626 Dei
2975 2567 3252 2643 videtis,
3301 2574 3370 2628 et
3402 2568 3779 2630 benedicite

675 2666 800 2740 illi,
837 2666 1160 2726 dicentes:
1210 2666 1487 2727 Domine
1522 2673 1588 2727 et
1639 2670 1981 2744 magister,
2020 2670 2397 2746 exemplum
2444 2670 2621 2746 quod
2654 2671 2897 2732 dedisti
2933 2673 3149 2742 nobiS‚
3189 2689 3574 2750 sequemur.
3613 2672 3776 2732 Num

674 2773 836 2851 quid
883 2789 1014 2833 non
1046 2773 1317 2848 videtiS,
1370 2789 1493 2833 nec
1527 2775 1843 2850 cogitatis
1889 2776 1970 2836 de
2005 2777 2223 2853 primo
2271 2777 2534 2853 perdito
2570 2779 2838 2853 ange10,
2890 2779 3007 2856 qui
3043 2780 3443 2855 magistrum
3478 2793 3681 2838 suum
3715 2776 3778 2835 in

670 2880 923 2943 honore
969 2882 1362 2959 permittere
1394 2881 1630 2956 noluit,
1685 2882 1800 2942 sed
1835 2900 2041 2959 super
2086 2885 2276 2944 illum
2312 2900 2386 2944 se
2428 2885 2675 2945 erexit?
2710 2884 2829 2944 Sed
2870 2901 3108 2945 manus
3138 2884 3445 2961 magistri
3485 2883 3677 2943 illum
3715 2882 3777 2941 in

672 2985 995 3064 abyssum
1043 2984 1304 3064 dejecit.
1340 2985 1526 3046 Nunc
1560 3002 1719 3063 ergo
1754 2988 2112 3064 custodite,
2151 3005 2231 3048 ne
2266 2988 2333 3049 in
2367 2973 2499 3050 ista
2532 2988 2955 3066 correptione
2989 2988 3473 3066 corripiamini,
3511 3003 3648 3047 non
3681 3001 3778 3045 re-

672 3096 779 3150 cte
827 3089 1153 3164 videndo,
1204 3095 1273 3149 et
1320 3105 1524 3166 super
1574 3091 1970 3167 magistrum
2022 3100 2325 3152 vestrum
2377 3093 2624 3170 inJuste
2669 3092 3050 3170 judicando
3102 3091 3288 3164 Quod
3338 3092 3399 3152 si
3451 3092 3776 3167 magister

672 3196 901 3255 vester
946 3210 1099 3255 cum
1133 3194 1456 3255 caedente
1491 3195 1682 3272 virga
1721 3196 1786 3256 in
1824 3197 2284 3274 inquietudine
2317 3198 2513 3258 vobis
2550 3198 2865 3273 minatur,
2905 3197 3253 3258 humiliate
3285 3214 3410 3257 vos
3443 3197 3526 3257 ad
3565 3197 3774 3270 illum,

672 3297 911 3361 humili
943 3297 1296 3359 devotione
1328 3298 1651 3360 dicentes:
1687 3299 1906 3374 Pater,
1944 3307 2157 3375 pater,
2197 3301 2360 3360 haec
2396 3302 2535 3378 pati
2568 3317 2699 3361 non
2748 3317 3130 3376 possumne,
3182 3300 3356 3360 unde
3391 3315 3770 3377 precamur,

674 3411 749 3465 ut
783 3418 1026 3479 parcas
1061 3404 1274 3465 nobiS.
1309 3403 1389 3464 Et
1422 3410 1581 3464 tunc
1613 3405 1817 3465 etiam
1856 3421 2006 3464 cum
2040 3405 2359 3466 inclinato
2397 3406 2653 3483 capite,
2690 3404 3045 3465 consilium
3096 3405 3383 3465 aliorum
3420 3404 3774 3478 magistro-

671 3521 819 3569 rum
871 3505 938 3567 in
984 3505 1364 3567 humilitate
1411 3508 1748 3583 quaerite,
1800 3514 1868 3569 et
1915 3508 2043 3568 hoc
2090 3509 2295 3569 etiam
2346 3525 2499 3569 curn
2549 3523 2788 3584 magna
2836 3508 3245 3568 discretione
3291 3513 3361 3567 et
3408 3506 3769 3581 disciplina

675 3609 902 3684 facite,
950 3625 1034 3672 ne
1068 3625 1295 3670 coram
1345 3627 1633 3685 superno
1668 3613 1992 3688 magistro
2042 3614 2471 3674 accusemini.
2508 3613 2560 3674 Ο
2594 3614 3019 3674 dilectissimi
3054 3612 3205 3686 filii,
3240 3627 3418 3672 nunc
3450 3611 3676 3671 videte
3707 3611 3772 3669 in

670 3714 854 3793 quali
889 3714 1111 3775 studio
1147 3715 1436 3791 primum
1487 3715 1771 3790 plantati
1821 3717 1995 3793 sitia,
2033 3723 2100 3778 et
2133 3725 2367 3778 cavete
2403 3735 2485 3779 ne
2534 3725 2799 3780 vosmet
2834 3719 3017 3796 ipsos
3067 3716 3354 3777 invicem
3405 3716 3767 3776 seducatis,

668 3818 846 3882 Deus
893 3822 1114 3880 autem
1152 3819 1216 3879 in
1265 3834 1540 3878 aureum
1579 3836 1929 3881 numerum
1981 3840 2100 3883 vos
2144 3829 2516 3899 computet,
2570 3830 2635 3883 et
2672 3824 2914 3884 ardens
2962 3823 3063 3882 sol
3103 3821 3394 3899 Spiritus
3441 3819 3666 3878 Sancti
3709 3819 3769 3878 in

667 3927 983 3989 omnibus
1021 3927 1213 3988 bonis
1249 3943 1370 3985 vos
1403 3927 1678 4005 plantet.

2152 4148 2280 4208 CII.

1406 4342 1726 4401 Ger-trudi
1764 4340 2095 4418 quoidam
2135 4341 2488 4400 Palatinae
2520 4335 2567 4418 ⁴)
2606 4340 3047 4417 Hildeqardis

739 4543 1056 4600 Palatinam
1083 4542 1362 4615 dejectam
1389 4558 1421 4598 e
1448 4541 1631 4598 nobili
1661 4543 1782 4598 loco
1808 4547 1866 4597 et
1891 4537 2161 4596 afflictam
2188 4540 2531 4596 consolatur.

761 4680 919 4741 Dies
953 4681 1132 4750 illos,
1171 4679 1285 4756 qui
1323 4679 1441 4739 tibi
1475 4695 1595 4755 per
1642 4678 2058 4739 nobilitatem
2095 4682 2161 4736 et
2202 4675 2476 4736 divitias
2511 4676 2711 4752 hujus
2747 4676 3000 4736 saeculi
3036 4677 3334 4752 aderant,
3370 4676 3547 4736 Deus
3582 4671 3767 4737 incli-

667 4787 877 4862 navit,
931 4801 1012 4846 ne
1047 4786 1429 4862 proprietas
1481 4785 1723 4842 mentis
1757 4790 1911 4843 tuae
1963 4798 2082 4858 per
2116 4781 2373 4855 lapsum
2412 4780 2590 4840 Adae
2626 4782 2688 4841 te
2739 4781 3034 4840 seducat..
3072 4779 3196 4841 Sed
3233 4797 3349 4840 cor
3401 4787 3589 4841 tuum
3635 4797 3762 4840 non

740 4991 959 5049 ¹lCant.
987 4991 1150 5053 vm,
1178 4996 1226 5046 7.
1253 5021 1319 5030 -
1339 4991 1385 5054 ²)
1411 4988 1481 5045 ts.
1508 4987 1626 5050 Lx.
1655 4990 1710 5049 k:
1735 4992 1784 5042 6.
1810 5018 1872 5026 —
1890 4985 1936 5050 ³)
1957 4984 2164 5041 Matth.
2261 4983 2336 5038 tis
2362 4981 2676 5039 Hermanni
2704 4983 2972 5048 Palatini,
2994 4983 3092 5055 qui
3118 4982 3250 5044 dum
3277 4983 3591 5053 Imperator
3609 4980 3759 5037 Otho

668 5077 884 5141 XXVI.
914 5081 1001 5133 ⁴2.
1032 5107 1095 5118 -
1115 5077 1158 5141 ⁴)
1186 5074 1395 5130 Eadem
1421 5073 1776 5129 nobilissima
1808 5074 2060 5128 Palatina
2090 5090 2173 5128 re-
2260 5068 2341 5123 ΙΙΙ
2380 5085 2478 5140 per
2518 5069 2740 5124 ltaliam
2782 5071 2929 5125 bella
2963 5075 3201 5138 gereret,
3240 5066 3454 5123 defecit
3480 5072 3536 5121 et
3563 5063 3757 5122 hostili

662 5164 851 5220 currit
886 5163 944 5218 in
986 5161 1152 5234 epist.
1183 5159 1331 5222 CIX,
1370 5159 1580 5230 ubique
1607 5158 1826 5220 dolens,
1860 5159 2171 5228 multisque
2259 5171 2427 5210 manu
2473 5154 2682 5210 invasit
2728 5154 3056 5226 iinperium3
3108 5153 3202 5209 sed
3253 5157 3414 5208 tanto
3461 5153 3612 5208 bello
3654 5150 3759 5205 im-

668 5248 956 5305 aerumnis
998 5253 1212 5303 vexata.
1257 5245 1451 5300 Nonne
1495 5243 1659 5299 vidua
1695 5242 1804 5298 erit
1833 5260 1973 5298 uxor
1999 5243 2172 5298 comi·
2261 5259 2378 5315 par,
2407 5241 2852 5313 profligatusque
2890 5240 3037 5297 circa
3078 5240 3179 5294 hos
3216 5253 3418 5300 annos.
3457 5237 3756 5292 damnatus
