4036 6117
968 526 1004 550 ⁴·
1236 535 1473 585 Lmen
1519 533 1716 583 vri-213
1763 526 2251 579 nemi-onum.
2302 528 2360 572 ι).
2412 525 2501 570 vi.
3218 503 3345 561 ‘223

1821 752 1923 817 IV.

1257 968 1554 1028 christus
1592 956 1806 1039 judea:
1855 966 2095 1022 cuncta
2141 960 2505 1018 eaeaminat.

421 1181 484 1241 5.
532 1180 715 1242 Unde
763 1185 831 1238 et
877 1178 943 1237 in
993 1175 1269 1236 sinistro
1320 1173 1570 1232 femore
1618 1187 1740 1230 suo
1791 1167 2135 1229 unicornis
2184 1169 2491 1241 apparet,
2543 1163 2861 1238 quoniam
2909 1162 3024 1237 qui
3074 1163 3140 1221 in
3188 1170 3421 1224 sancta

330 1287 747 1347 humanitate
772 1282 1048 1343 Diabolo
1077 1280 1356 1353 resistit,
1384 1278 1593 1353 etqui
1643 1276 1829 1335 illum
1862 1273 2085 1349 gladio
2121 1269 2459 1330 castitatis
2494 1267 2888 1344 prostravit,
2926 1266 3185 1326 scilicet
3217 1268 3428 1329 Filius

329 1389 471 1464 Dei,
504 1390 570 1448 in
597 1389 811 1448 forma
837 1384 1126 1444 hominis
1151 1382 1395 1453 veniet3
1432 1379 1546 1455 qui
1582 1393 1796 1453 genua
1829 1376 1973 1451 ejus
2009 1374 2330 1445 lambenS,
2368 1371 2433 1431 id
2466 1375 2572 1431 est
2599 1369 2989 1445 judicialem
3022 1375 3427 1445 potestatem

330 1511 367 1553 a
398 1493 536 1552 Deo
569 1491 779 1551 Padre
807 1490 1168 1564 accipienS,
1204 1487 1448 1545 clamat
1485 1487 1696 1542 totum
1731 1479 2051 1540 mundum
2084 1494 2204 1554 per
2238 1478 2457 1552 ignem
2493 1474 3017 1551 expurgandum,
3056 1491 3133 1534 ac
3170 1476 3234 1535 in
3270 1477 3431 1535 alie-

331 1612 489 1655 num
542 1594 810 1653 modum
860 1589 1344 1663 renovandum,
1397 1592 1464 1647 et
1510 1586 1715 1646 etiam
1762 1582 2280 1660 perversitatem
2330 1580 2671 1639 hominum
2714 1578 2967 1653 judicio
3020 1594 3142 1637 suo
3179 1581 3425 1639 exami-

329 1697 640 1772 nandam,
678 1701 879 1772 atque
912 1694 1337 1754 sanctitatem
1372 1692 1439 1751 in
1470 1690 1663 1751 bonis
1697 1694 1764 1748 et
1797 1688 2001 1748 rcctis
2036 1684 2353 1762 operibus
2388 1684 2453 1743 in
2499 1683 2765 1763 homine
2814 1682 2896 1742 ad
2943 1683 3422 1758 perfectionem

332 1799 742 1874 ducendam,
797 1798 889 1857 ita
939 1797 1116 1874 quod
1165 1795 1425 1855 animae
1455 1794 1793 1870 justorum
1828 1792 2117 1852 maxima
2150 1789 2365 1865 gloria
2398 1794 2466 1848 et
2501 1788 2787 1847 maximo
2822 1787 3065 1862 gaudio
3102 1788 3182 1847 ad
3215 1787 3431 1848 beati-

336 1903 636 1964 tudinem
671 1908 984 1963 aeternae
1017 1901 1197 1960 vitae
1233 1905 1389 1959 tunc
1423 1896 1824 1958 transibunt.

1845 2105 1915 2165 V.

992 2305 1174 2378 Quod
1222 2305 1444 2363 omnia
1492 2304 1564 2362 in
1612 2300 1861 2360 mundo
1906 2298 2245 2360 maculata
2284 2294 2771 2374 purqabuntur.

427 2513 487 2573 6.
541 2514 705 2574 Cum
751 2512 929 2571 enim
975 2510 1149 2571 Deus
1194 2511 1484 2570 virtutes
1530 2508 1776 2568 virium
1810 2521 2084 2566 suarum
2134 2506 2200 2565 in
2249 2503 2516 2564 homine
2548 2503 2929 2579 perfecerit,
2969 2502 3425 2566 fortitudinem

343 2633 530 2675 suam
585 2617 650 2674 in
697 2615 988 2675 nubibus
1035 2615 1355 2690 elevabit,
1405 2617 1472 2674 et
1522 2612 1821 2671 favillam
1854 2626 1988 2688 qua
2022 2610 2353 2669 elementa
2400 2607 2794 2668 obnubilata
2830 2614 3007 2683 sunt,
3047 2610 3418 2685 abstrahct;

337 2726 403 2778 et
451 2718 578 2778 hoc
627 2735 778 2778 cum
828 2723 1011 2780 tanto
1061 2725 1318 2778 terrore
1355 2717 1576 2791 faciet,
1615 2715 1793 2792 quod
1842 2714 2068 2775 omnia
2114 2728 2287 2790 quae
2336 2713 2404 2772 in
2446 2720 2627 2788 terra
2663 2717 2818 2771 sunt
2854 2713 3319 2790 movebuntur,
3356 2722 3426 2775 et

345 2823 518 2900 quod
569 2823 791 2883 omnia
837 2839 1010 2900 quae
1057 2823 1352 2899 peccatis
1403 2821 1745 2881 hominum
1795 2820 2132 2878 maculata
2180 2822 2336 2878 sunt
2384 2815 2867 2893 purgabuntur.
2919 2818 3102 2877 Tunc
3149 2824 3217 2878 et
3247 2818 3430 2878 Deus

341 2930 735 3004 Aquilonem
766 2934 832 2987 et
866 2944 1094 2988 omnes
1124 2920 1170 3006 ¹)
1206 2927 1388 2987 vires
1421 2925 1769 3001 Aquilonis
1817 2925 2144 2999 destruet,
2180 2929 2248 2983 et
2280 2920 2630 2983 Diabolum
2679 2924 2746 2982 in
2785 2923 3180 2984 victricibus
3212 2924 3427 2982 armis

342 3034 481 3095 suis
515 3033 804 3112 dejiciet,
842 3050 920 3094 ac
952 3048 1106 3094 eum
1141 3031 1377 3109 spoliis
1412 3031 1554 3091 suis
1588 3029 1970 3091 denudabit.

1831 3254 1929 3313 VI.

1331 3450 1426 3510 De
1478 3448 1651 3509 coelo
1697 3465 1858 3507 novo
1905 3454 1967 3506 et
2020 3455 2203 3506 terra
2248 3465 2431 3507 nova.

437 3651 495 3711 7.
546 3650 791 3710 Deinde
842 3652 1124 3711 rutilans
1174 3651 1437 3710 coelum
1485 3654 1553 3710 et
1599 3666 1768 3724 pura
1817 3656 2000 3709 terra
2034 3649 2478 3725 apparebunt,
2516 3650 2672 3724 quia
2707 3665 2858 3709 cum
2891 3651 3045 3711 aliis
3078 3654 3432 3717 elementis

348 3759 629 3828 purgata
679 3757 863 3826 sunt;
916 3753 1230 3829 quoniam
1285 3768 1460 3811 nunc
1518 3739 1872 3828 quamdam
1931 3752 2314 3811 clausuram
2367 3752 2431 3810 in
2489 3751 2987 3813 obnubilatione
3036 3757 3429 3817 coelestium

349 3860 637 3928 portant,
698 3857 874 3922 tunc,
909 3860 1130 3914 autem
1181 3854 1245 3914 in
1295 3855 1587 3915 novitate
1639 3852 2003 3928 fulgebunt.
2057 3854 2238 3913 Tunc
2285 3859 2352 3913 et
2383 3852 2606 3928 home,
2643 3855 2755 3930 qui
2805 3856 3042 3916 beatus
3074 3860 3325 3935 existit,
3365 3863 3430 3921 in

346 3957 597 4017 eisdem
646 3958 994 4017 elementis
1044 3964 1392 4034 purgatuS,
1430 3973 1634 4016 aureo
1670 3959 1921 4018 circulo
1972 3962 2157 4019 rotae
2193 3958 2704 4032 assimilabitur,
2742 3973 2819 4017 ac
2852 3960 3094 4034 spiritu
3128 3968 3194 4021 et
3228 3978 3431 4022 carne

353 4062 505 4119 tunc
541 4067 805 4120 torrens
839 4063 990 4135 erit,
1029 4067 1230 4137 atque
1264 4061 1478 4120 omnis
1513 4061 1827 4121 clausura
1861 4062 2280 4121 occultorum
2315 4064 2728 4121 secretorum
2769 4064 3042 4136 patebit.
3080 4064 3186 4122 Sic
3220 4064 3429 4124 homi-

352 4183 466 4224 nes
503 4166 680 4225 beati
713 4165 845 4225 Deo
880 4165 1358 4238 adhaerebunt,
1396 4170 1461 4223 et
1498 4165 1638 4239 ipse
1672 4165 1939 4240 plenum
1975 4165 2290 4242 gaudium
2326 4166 2424 4224 eis
2458 4165 2662 4226 dabit.

1825 4371 1957 4433 v11.

1315 4550 1410 4611 De
1461 4548 1727 4611 Diabolo
1768 4557 1914 4627 post
1962 4551 2161 4630 finem
2209 4548 2462 4610 mundi.

441 4756 502 4818 8.
553 4756 738 4828 Quod
799 4763 1020 4817 autem
1059 4757 1125 4817 in
1172 4757 1338 4817 vitia
1409 4757 1657 4833 aliqua,
1708 4772 1829 4816 nec
1878 4756 2010 4817 alia
2084 4754 2293 4837 ullaff)
2347 4757 2451 4816 his
2504 4755 2750 4817 similia
2798 4774 2969 4835 quae
3031 4763 3220 4836 prius
3282 4777 3436 4822 con-

353 4863 653 4937 spexisti,
691 4861 801 4921 hic
835 4867 1194 4937 apparent,
1244 4876 1366 4920 nec
1415 4862 1775 4937 quicquam
1823 4862 1975 4921 istis
2024 4861 2242 4922 simile
2292 4862 2398 4921 hic
2456 4863 2579 4921 tibi
2628 4864 3031 4941 ostenditur,
3092 4865 3217 4926 hoc
3283 4867 3430 4927 idco

355 4970 474 5036 est,
514 4963 825 5038 quoniam
864 4963 1047 5022 finito
1083 4963 1309 5021 mundi
1346 4964 1654 5036 termino,
1707 4963 2027 5024 Diabolus
2076 4964 2311 5025 amodo
2363 4964 2596 5024 sordes
2630 4966 2946 5026 vitiorum
2984 4967 3065 5027 ad
3100 4968 3433 5043 deceptio-

356 5080 500 5123 nem
541 5065 881 5123 hominum
917 5082 1045 5124 non
1081 5065 1412 5140 producit,
1451 5067 1608 5141 quia
1647 5067 1929 5126 mundus
1959 5067 2096 5143 jam
2130 5070 2424 5128 cessavit
2476 5067 2599 5129 hoc
2651 5070 2843 5129 modo
2894 5088 3067 5145 csse,
3124 5080 3194 5131 ut
3243 5073 3432 5149 prius

429 5216 471 5284 ¹)
491 5235 557 5273 ac
578 5235 755 5274 omnes
779 5218 870 5274 W.
903 5250 969 5259 —
995 5218 1037 5286 ¹)
1063 5219 1183 5274 ulla
1209 5233 1318 5274 om.
1354 5218 1442 5274 W.
