4036 6117
1697 517 2163 567 ssr1sroLAt.
3260 491 3391 554 :357

381 648 786 719 quapropter
834 643 915 702 ad
951 644 1173 719 priora
1223 648 1522 716 tempora
1555 641 1856 718 aspicite,
1908 643 1975 700 et
2009 640 2075 697 in
2123 638 2307 714 quali
2342 637 2590 696 honore
2645 635 2960 707 fuissent,
3011 632 3454 706 considerate,

373 756 440 808 et
474 751 557 810 ab
593 751 885 809 inimicis
919 750 1168 808 vestris
1200 765 1318 807 vos
1352 747 1707 822 defendite,
1744 754 1810 807 et
1842 747 2017 806 Deus
2054 762 2175 805 vos
2209 745 2528 821 adjuvare
2562 759 2691 802 non
2726 746 3013 801 recusat.

463 855 750 930 Tempus
798 854 970 912 enim
1009 854 1218 912 bonae
1269 852 1655 911 intentionis
1690 858 1757 911 et
1805 851 2337 911 conversationis
2371 847 2768 923 quandoque
2815 847 3058 920 veniet,
3094 850 3161 904 et
3208 844 3291 904 ad
3324 844 3458 920 pri-

370 973 545 1016 mam
576 973 888 1016 auroram
920 956 1270 1031 aspicient,
1297 949 1342 1027 ¹)
1371 958 1437 1014 et
1465 956 1804 1014 saeculum
1834 971 1954 1029 pro
1981 969 2209 1014 amore
2238 961 2394 1013 tunc
2421 953 2821 1028 relinquent;
2852 950 2932 1010 ad
2958 950 3167 1010 Deum
3191 947 3458 1009 anhela-

371 1062 556 1136 bunt,
594 1069 660 1120 et
695 1062 793 1120 sic
831 1062 896 1120 in
929 1061 1102 1119 bono
1138 1060 1683 1135 perseverabunt.

459 1167 537 1225 Et
586 1172 743 1224 tunc
776 1165 856 1224 de
905 1165 1071 1240 ipsis
1103 1164 1290 1222 clara
1338 1179 1500 1222 voce
1533 1165 1759 1239 populi
1810 1165 1877 1222 in
1908 1163 2159 1239 Spiritu
2208 1162 2446 1221 Sancto
2482 1160 2770 1219 dicetur:
2831 1158 2960 1217 Vox
3011 1156 3294 1217 turturis
3342 1172 3459 1212 au-

367 1270 510 1328 dita
556 1277 650 1328 est
688 1272 758 1328 in
809 1275 990 1327 terra
1022 1272 1266 1326 nostra.
1313 1264 1364 1344 ²)
1402 1266 1585 1338 Quod
1621 1274 1743 1327 est:
1782 1267 1916 1328 Vox
1951 1266 2433 1326 heremitarum
2467 1270 2533 1325 et
2569 1265 2768 1340 hujus
2802 1261 3031 1322 mundi
3074 1259 3459 1338 peregrino-

368 1388 539 1445 rum,
578 1378 710 1430 tam
745 1370 1008 1430 fortiter
1043 1370 1108 1428 in
1141 1370 1401 1429 coelum
1435 1370 1927 1446 aspicientium,
1965 1370 2143 1448 quod
2178 1377 2434 1432 arctam
2466 1371 2668 1444 viam,
2708 1383 2877 1445 quae
2912 1368 2993 1427 ad
3028 1367 3288 1426 coelum
3320 1370 3458 1424 ten-

365 1476 505 1546 dit,
560 1476 656 1534 ire
690 1475 939 1535 volunt.
991 1475 1071 1533 Et
1106 1473 1171 1532 hi
1222 1474 1444 1533 omnia
1495 1479 1834 1535 transacta
1883 1482 1949 1536 et
1998 1475 2404 1551 praeterita,
2457 1490 2630 1551 quae
2662 1475 2769 1532 vel
2820 1487 3145 1550 prospera
3188 1471 3299 1533 vel
3346 1468 3458 1532 ad-

365 1600 564 1643 versa
617 1582 907 1657 fuerunt,
960 1581 1357 1656 inspiciunt,
1409 1586 1740 1656 quatenus
1791 1588 2236 1658 praecaveant
2283 1580 2616 1657 quomodo
2665 1580 2993 1642 acerrimo
3044 1576 3351 1652 accipitri
3384 1591 3457 1636 se

369 1686 772 1761 surripiant,
823 1682 1387 1760 quemadmodum
1434 1685 1744 1744 columba
1794 1686 1877 1745 ab
1927 1685 2057 1744 isto
2116 1685 2309 1760 fugit,
2346 1701 2499 1745 cum
2536 1685 2758 1760 ipsum
2808 1684 2875 1742 in
2920 1684 3194 1759 speculo
3245 1695 3457 1758 aquae

372 1789 635 1850 viderit.

455 1893 638 1951 Nunc
690 1893 933 1951 iterum
981 1891 1225 1951 audite:
1265 1891 1444 1960 Inter
1492 1908 1613 1951 vos
1664 1900 1888 1953 tamen
1936 1892 2208 1968 aliquod
2258 1893 2480 1952 lumen
2530 1891 2825 1952 lucidum
2869 1896 2935 1950 et
2985 1891 3287 1965 igneum,
3339 1885 3455 1946 sed

367 2014 517 2058 cum
566 1998 1054 2071 vicissitudine3
1094 1997 1310 2057 adhuc
1358 2003 1463 2056 est
1498 1997 1792 2057 lucidum
1842 1998 2109 2073 quidem
2145 1998 2211 2056 in
2245 1998 2415 2057 bona
2450 1998 2816 2071 voluntate,
2869 1997 3134 2071 igneum
3182 2008 3341 2053 vero
3393 1981 3458 2050 in

371 2106 610 2165 timore
657 2105 947 2177 Domini,
999 2119 1148 2163 cum
1200 2104 1422 2179 aliqua
1473 2110 1695 2163 tamen
1744 2104 1949 2164 stulta
1996 2103 2430 2177 dispersione.
2481 2103 2580 2162 Ab
2612 2104 2803 2178 nigra
2845 2108 3063 2162 autem
3119 2098 3456 2171 foeditate,

368 2225 539 2284 quae
571 2208 704 2268 Deo
737 2215 805 2268 et
838 2207 1217 2268 hominibus
1253 2211 1589 2268 contraria
1622 2215 1748 2282 est,
1785 2214 1851 2267 et
1884 2223 2055 2283 quae
2090 2208 2292 2267 etiam
2326 2223 2442 2267 cor
2474 2207 2733 2268 Diaboli
2766 2213 2892 2282 est,
2930 2206 3261 2267 custodite
3285 2218 3407 2264 vos
3428 2249 3445 2276 ,

369 2317 524 2392 quia
574 2332 722 2374 cum
760 2314 864 2374 his
912 2316 1125 2391 quiin
1174 2315 1470 2390 peccatis
1508 2315 1654 2375 istis
1704 2316 1878 2390 sunt,
1914 2314 2232 2374 Diabolus
2284 2315 2348 2373 in
2401 2314 2788 2373 fortitudine
2838 2314 3054 2375 omnis
3089 2308 3457 2372 voluntatis

373 2436 532 2480 suae
562 2420 918 2495 jaculatur.
2146 2410 2160 2422 “

1802 2642 2013 2715 VIII.

462 2882 691 2957 Itaque
740 2896 885 2955 egO,
921 2881 1170 2940 misera
1218 2887 1284 2940 et
1317 2882 1722 2957 paupercula
1774 2881 2026 2956 forma,
2081 2883 2145 2940 in
2193 2883 2477 2957 mystica
2524 2883 2821 2958 visione,
2874 2899 3006 2960 qua
3038 2882 3123 2941 ab
3172 2880 3452 2941 infantia

368 3001 516 3045 mea
564 3003 602 3043 a
634 2985 767 3043 Deo
815 2984 1049 3043 edocta
1084 3001 1253 3060 sum,
1306 2983 1469 3044 haec
1502 2986 1706 3046 verba
1746 2985 1809 3044 in
1844 2985 2103 3062 magnis
2136 2986 2669 3061 aegritudinibus
2702 2987 2862 3064 vidi,
2897 2994 2965 3047 et
2998 2987 3245 3062 audivi,
3281 2991 3349 3046 et
3381 2991 3453 3046 ut

367 3108 447 3150 ea
495 3092 561 3149 in
611 3091 756 3149 loca
805 3092 1032 3149 vestra
1080 3090 1237 3149 viva
1284 3104 1445 3148 voce
1496 3089 1907 3165 proferrem,
1955 3091 2147 3166 jussa
2182 3108 2351 3152 sum.
2404 3091 2528 3151 Sed
2565 3110 2684 3151 vos
2733 3109 2813 3153 ea
2844 3108 2977 3152 non
3026 3092 3448 3164 contemnite,

366 3213 579 3273 neque
610 3199 924 3273 abjicite,
962 3214 1042 3257 ne
1092 3213 1294 3273 super
1325 3202 1574 3256 terram
1610 3197 2021 3271 moriamini;
2060 3197 2175 3255 sed
2209 3197 2497 3272 Spiritus
2531 3198 2812 3258 Sanctus
2845 3198 3219 3257 aedilicium
3255 3212 3451 3257 suum

372 3301 437 3359 in
483 3303 675 3362 vobis
708 3302 1040 3379 perficiat,
1094 3305 1161 3362 et
1197 3302 1261 3361 in
1308 3302 1480 3362 bono
1514 3301 1640 3361 fine
1687 3318 1810 3361 vos
1844 3302 2018 3362 finiri
2071 3302 2293 3375 faciat;
2331 3303 2488 3379 quia
2538 3303 2725 3362 locus
2759 3308 2985 3362 vester
3034 3302 3100 3362 in
3131 3318 3210 3362 ea
3257 3301 3454 3361 bene-

367 3404 656 3465 dictione
704 3413 830 3480 est,
868 3424 999 3483 qua
1048 3422 1201 3466 eum
1233 3405 1554 3465 Dominus
1601 3407 1682 3466 de
1716 3407 2051 3466 communi
2084 3407 2327 3484 populo
2362 3407 2444 3467 ad
2480 3408 2828 3468 servitium
2864 3423 3060 3466 suurn
3094 3421 3455 3482 congrega-

368 3509 488 3584 vit;
541 3509 715 3568 sicut
748 3511 830 3568 ab
880 3510 1069 3569 initio
1108 3509 1300 3583 fecit,
1339 3526 1488 3569 cum
1527 3526 1792 3586 semper
1824 3511 2085 3587 aliquos
2130 3511 2413 3587 populos
2449 3511 2578 3571 sibi
2613 3511 2681 3570 in
2712 3509 3196 3570 haereditatem
3228 3525 3456 3571 serva-

366 3614 483 3674 vit.
519 3615 616 3673 Ab
657 3614 1015 3689 ignominia
1047 3630 1333 3691 quoque,
1371 3606 1607 3698 [quae]
1645 3615 1711 3673 in
1741 3615 2003 3675 duobus
2039 3615 2323 3692 pedibus
2359 3617 2532 3675 inter
2562 3631 2681 3675 vos
2715 3614 3036 3689 ambulat,
3072 3630 3194 3676 vos
3227 3614 3456 3675 obser·-

366 3722 540 3794 vate3
578 3723 892 3798 quoniam
919 3725 977 3783 si
1006 3724 1129 3783 hoc
1155 3726 1303 3784 erit.
1332 3724 1507 3784 Deus
1533 3724 1914 3801 periculosa
1945 3724 2241 3784 vindicta
2264 3739 2387 3783 vos
2412 3723 2693 3797 occidet;
2730 3723 2909 3800 quod
2933 3723 3129 3784 vobis
3162 3722 3451 3784 nondum

368 3823 639 3894 accidit,
667 3830 733 3882 et
762 3825 906 3883 ideo
933 3827 1134 3884 etiam
1164 3826 1226 3886 in
1254 3827 1563 3886 omnibus
1590 3827 1910 3903 periculis
1940 3828 2193 3888 vestris
2226 3826 2683 3887 defensionem
2709 3828 2922 3902 ipsius
2949 3827 3306 3903 habuistis3
3335 3828 3454 3888 sed

365 3942 517 3986 cum
566 3929 973 4003 proprietate
997 3923 1046 4006 ³)
1081 3930 1449 3989 voluntatis
1497 3934 1761 3991 vestrae
1793 3932 2081 4007 pleniter
2128 3932 2444 4007 operibus
2488 3933 2714 4008 finitis,
2752 3934 2944 4009 quasi
2979 3932 3155 3993 Deus
3186 3949 3228 3993 a
3258 3933 3453 3994 vobis

372 4030 824 4106 inspiciendus
872 4047 1006 4090 non
1037 4031 1165 4105 sit,
1214 4037 1370 4090 tunc
1418 4031 1893 4093 detrimentum
1944 4035 2132 4094 vobis
2166 4042 2505 4109 occurret,
2557 4041 2625 4094 et
2657 4034 2940 4097 adversa
2987 4052 3160 4113 quae
3191 4036 3451 4113 praedi-

367 4143 478 4197 cta
526 4145 724 4210 sunt,
775 4136 967 4197 vobis
1016 4137 1316 4197 aderunt.
1366 4137 1440 4197 In
1487 4139 1770 4212 mystica
1797 4135 1846 4218 ⁴)
1905 4156 2172 4217 quoque
2219 4142 2499 4216 visione,
2550 4147 2624 4201 ut
2671 4141 3129 4214 Deus-voluit,
3179 4149 3455 4220 propter

367 4241 758 4317 petitionem
809 4250 876 4304 et
904 4246 1275 4320 jussionem
1324 4246 1777 4324 praelatorum
1816 4263 2144 4323 meorum,
2184 4249 2444 4308 scilicet
2477 4249 2854 4326 Helingeris
2888 4251 3153 4312 abbatis
3186 4258 3454 4315 cuncto·

368 4364 648 4425 rumque
707 4350 1012 4428 fratrum,
1077 4355 1140 4413 in
1191 4360 1410 4414 monte
1467 4355 1646 4415 beati
1693 4353 1992 4415 Disibodi
2046 4354 2179 4416 Deo
2233 4356 2721 4434 famulantium,
2787 4359 2868 4420 de
2900 4360 3040 4421 vita
3072 4366 3140 4421 et
3196 4363 3455 4425 meritis

365 4449 664 4525 ejusdem
699 4452 874 4511 beati
911 4454 1130 4514 Patris
1165 4456 1595 4530 aspiciebam,
1632 4462 1699 4514 et
1733 4461 1886 4532 post
1920 4456 2217 4517 visiones
2254 4458 2433 4519 Libri
2464 4462 2635 4519 vitae
2669 4463 3091 4538 meritorum,
3128 4477 3299 4524 anno
3330 4463 3457 4523 Do-

369 4553 653 4613 minicae
699 4554 1179 4616 incarnationis
1228 4558 1525 4631 MCLXX,
1580 4564 1898 4634 regnante
1946 4559 2298 4621 Frederico
2347 4562 2801 4624 Romanorum
2852 4566 3279 4643 imperatore,
3330 4569 3455 4630 sub

366 4676 687 4738 pressura
736 4664 1143 4737 apostolicae
1178 4665 1388 4737 sediS,
1445 4665 1581 4723 fere
1615 4681 1734 4740 per
1781 4665 2139 4725 triennium
2178 4667 2243 4725 in
2291 4668 2464 4729 lecto
2499 4672 2940 4746 aegritudinis
2985 4674 3212 4748 Jacens
3245 4690 3325 4737 ex
3357 4676 3456 4735 di-

364 4769 559 4829 vinae
608 4769 856 4844 pietate
892 4772 1291 4847 sapientiae,
1344 4789 1578 4832 vocem
1611 4773 1692 4833 de
1728 4774 1936 4848 eoem,
1974 4774 2262 4851 vigilans
2297 4793 2576 4854 corpore
2609 4782 2676 4840 et
2708 4781 2956 4853 anim0,
2993 4783 3091 4842 sic
3124 4782 3455 4845 dicentem

367 4872 610 4932 audivi:
649 4873 912 4935 Electus
945 4874 1062 4935 Dei
1095 4874 1456 4935 Disibodus
1492 4883 1618 4937 ete.

440 5072 482 5135 ¹)
508 5077 731 5145 mpiciet
755 5074 846 5131 W.
895 5074 955 5130 iu
992 5089 1181 5147 apogr.
1213 5107 1281 5116 —
1305 5079 1351 5143 2)
1377 5076 1536 5134 Cant.
1580 5078 1657 5141 11,
1703 5084 1786 5135 12.
1831 5111 1899 5121 —-
1958 5085 2034 5143 ta,
2076 5081 2224 5153 apud
2260 5081 2657 5147 Bollandistas.
2697 5091 2755 5141 et
2791 5084 2873 5140 ibi
2906 5085 2983 5141 ita
3024 5085 3133 5141 fert
3175 5084 3352 5145 codex
3381 5084 3444 5142 in

437 5157 483 5225 ³)
500 5163 883 5232 proprietatem
910 5161 999 5217 W.
1033 5193 1098 5202 -
1127 5162 1167 5229 ⁴)
1209 5162 1320 5218 Hic
1362 5163 1567 5235 incipit
1605 5164 1755 5221 edita
1787 5165 1864 5221 vi-
1957 5167 2226 5237 margine:
2266 5168 2393 5225 Vita
2419 5168 2512 5226 Sei
2547 5169 2815 5240 Dyn’bodi
2837 5174 2943 5241 epi.
