4036 6117
623 463 752 520 3:35
1767 482 1818 524 s.
1872 481 2423 528 nrhnzoaanis

557 613 634 654 ex
685 604 823 655 toto
859 600 1242 657 contemnit,
1297 599 1435 657 Hoc
1472 600 1689 673 mode,
1739 618 1779 659 o
1811 603 2017 677 probe
2070 605 2285 676 mileS,
2326 606 2389 662 in
2438 609 2805 664 certamine
2842 607 2965 665 hoc
2999 617 3167 681 esto,
3206 615 3659 683 quatenus
3704 608 3787 667 in

557 702 832 759 coelesti
885 702 1231 762 harmonia
1263 720 1415 762 esse
1465 706 1719 778 possiS,
1755 710 1822 763 et
1859 714 1928 763 ut
1963 708 2082 765 tibi
2118 723 2158 765 a
2190 707 2323 766 Deo
2354 709 2637 767 dicatur:
2674 711 2770 768 Tu
2802 728 2877 768 es
2910 728 2989 769 ex
3024 713 3178 770 filiis
3214 714 3523 782 lsrael,
3574 712 3777 787 quia

556 821 677 879 per
724 805 955 864 oculos
987 809 1266 866 cancelli
1315 813 1379 866 et
1415 825 1534 881 per
1581 810 1874 867 studium
1909 812 2226 870 coelestis
2273 811 2615 885 desiderii,
2653 814 2718 870 in
2769 822 3059 873 montem
3091 817 3499 873 excelsum
3549 815 3775 888 aspi-

559 910 677 966 cis.
729 908 851 967 Sed
885 917 950 969 et
998 928 1254 983 omnes,
1291 915 1403 987 qui
1453 914 1515 971 in
1552 914 1796 971 litteris
1846 915 1978 973 tuis
2014 915 2176 973 mihi
2228 916 2645 974 transmissis
2694 918 2902 976 notati
2956 926 3131 989 sunt,
3170 935 3287 993 per
3334 918 3774 993 Spiritum

561 1012 868 1071 Sanctum
910 1016 1000 1073 ita
1035 1024 1383 1089 regantur,
1421 1024 1492 1074 ut
1530 1017 1590 1074 in
1631 1018 1800 1077 libro
1835 1020 2013 1076 vitae
2050 1021 2450 1078 scribantur.

2048 1227 2156 1285 111.

1339 1422 1758 1497 Hildeyardis
1808 1422 1893 1477 ad
1941 1425 2289 1481 monachos
2342 1423 2780 1481 cistellenses,
2816 1419 2863 1497 ¹)

569 1615 702 1671 Post
727 1620 1091 1686 gravissimas
1122 1623 1380 1691 querelas
1417 1621 1486 1676 de
1526 1621 2018 1677 schismaticorum
2062 1623 2305 1686 insania,
2344 1624 2466 1678 sine
2502 1623 2785 1679 charitate
2824 1624 3164 1685 viventium.
3204 1630 3481 1679 matrem
3534 1640 3733 1694 repu-

640 1704 922 1760 diantium
952 1732 974 1756 c
1024 1725 1122 1780 pro
1164 1714 1412 1764 tortuosa
1442 1710 1704 1771 muliere,
1734 1710 1896 1778 plena
1924 1708 2082 1777 rugis
2106 1714 2162 1764 et
2193 1710 2510 1778 nigredine,
2553 1712 2715 1782 plena
2742 1710 2986 1781 vipereis
3011 1712 3267 1766 moribus
3303 1726 3379 1766 ac
3426 1710 3731 1765 striden-

643 1792 796 1849 tibus
833 1794 1103 1850 dentibus
1131 1795 1417 1859 horribili,
1456 1819 1477 1844 ι
1517 1795 1623 1859 (Cf.
1655 1796 1823 1857 ΕΜ.)
1852 1796 2129 1851 visionem
2170 1813 2371 1852 novam
2398 1796 2746 1865 aggreditur,
2787 1803 2853 1851 ut
2884 1798 3145 1853 hortetur
3163 1797 3230 1850 ad
3270 1797 3723 1853 exercendum

642 1897 770 1936 cum
801 1882 1053 1937 Diabolis
1078 1888 1383 1938 certamen.

1786 2003 1950 2059 Circa
1984 2021 2193 2059 annum
2240 2005 2410 2059 1172.

657 2172 789 2244 Ego
829 2168 990 2230 'sons
1025 2173 1220 2231 vivus
1227 2219 1449 2232 ..........
1500 2172 1981 2229 existimantes,
2020 2169 2188 2228 Heul
2232 2170 2399 2228 Heu!
2443 2170 2560 2229 filii
2596 2170 2837 2243 Israel,
2875 2171 2941 2228 in
2976 2171 3191 2246 primo
3224 2173 3383 2230 ortu
3426 2176 3706 2229 vestro

569 2292 781 2333 nonne
809 2272 861 2352 ²)
913 2276 1262 2335 constituit
1311 2293 1430 2334 vos
1487 2277 1661 2334 sicut
1711 2274 2067 2349 mysticum
2120 2273 2368 2332 donum
2416 2274 2576 2346 Dei,
2637 2274 2952 2348 quoniam
3000 2275 3410 2334 mitissimus
3474 2276 3707 2333 Pater

569 2379 780 2436 voluit
809 2380 872 2437 in
901 2385 1129 2439 vestro
1155 2380 1457 2453 angelico
1489 2378 1735 2438 Ordine
1769 2378 2115 2452 antiquum
2152 2384 2526 2452 serpentem
2563 2393 2906 2452 superare,
2936 2380 3047 2454 qui
3083 2380 3471 2455 pessimum
3504 2394 3707 2437 mor-

570 2480 726 2539 bum
755 2484 1346 2556 praesumptionis»,
1382 2483 1567 2541 velut
1599 2481 1942 2559 putridum
1975 2481 2283 2555 cadaver,
2323 2483 2387 2539 in
2423 2496 2498 2539 se
2525 2482 2668 2555 ipso
2701 2484 3031 2543 evomuit?
3055 2484 3106 2543 O
3132 2484 3397 2558 pulchri
3442 2484 3697 2554 ssoreS,

569 2591 636 2643 et
672 2587 834 2643 socii
871 2588 1291 2660 angelorum,
1328 2604 1537 2663 quare
1570 2587 1920 2646 comeditis
1955 2586 2142 2645 cibos
2177 2587 2530 2661 serpentiS,
2572 2584 2887 2646 videlicet
2923 2588 2988 2645 in
3021 2588 3429 2646 alterutrum
3472 2601 3702 2662 quae·

572 2698 795 2746 rentes
843 2695 1212 2764 torpentem
1249 2694 1316 2750 et
1365 2691 1692 2749 furentem
1723 2686 1773 2767 ²)
1825 2691 2212 2749 societatem
2250 2706 2641 2763 magnorum
2693 2689 3156 2765 schismatum,
3195 2693 3392 2767 quasi
3436 2690 3695 2750 morti-

577 2790 788 2848 ferum
818 2793 1073 2851 scelus?
1106 2794 1182 2852 Et
1217 2810 1339 2852 cur
1371 2795 1731 2852 ascenditis
1763 2794 2095 2869 inquietos
2132 2809 2353 2852 mores
2375 2789 2424 2869 ⁴)
2457 2793 2826 2869 frequentis
2862 2795 3442 2870 interrogationiS,
3478 2802 3555 2853 et
3599 2795 3699 2851 in-

572 2894 1083 2967 vestigationem
1133 2896 1493 2955 multarum
1543 2897 1947 2970 vanitatum,
2013 2913 2143 2955 non
2199 2896 2656 2956 discernentes
2704 2898 3063 2973 unicuique
3126 2899 3376 2958 homini
3429 2900 3685 2957 datum

571 3013 790 3071 suum,
831 2998 1193 3057 secundum
1230 3016 1611 3060 mensuram
1647 3001 1874 3060 suam?
1906 2999 2258 3060 Ambulate
2307 3000 2767 3060 convenientia
2816 3008 2882 3062 et
2931 3008 3163 3076 aperta
3214 3004 3485 3076 itinera,
3530 3003 3688 3060 sine

571 3104 839 3163 volante
888 3111 1086 3164 vento
1122 3106 1514 3180 sparsionis,
1564 3105 1688 3165 Sed
1722 3123 1842 3165 vos
1877 3105 2279 3181 ubicumque
2312 3120 2557 3165 vanum
2607 3112 2896 3165 montem
2931 3107 3268 3179 invenitiS,
3324 3107 3525 3164 illum
3563 3121 3684 3179 ap-

571 3209 1009 3285 prehendum,
1061 3216 1128 3270 et
1174 3227 1323 3270 eum
1374 3210 1788 3270 confirmatis
1837 3211 1981 3269 sine
2032 3226 2240 3282 mora,
2298 3217 2365 3269 et
2417 3211 2479 3268 in
2512 3226 2591 3269 eo
2643 3210 3010 3284 fabricatiS‚
3070 3210 3154 3270 ab
3200 3227 3279 3269 eo
3338 3227 3471 3269 non
3529 3225 3681 3268 ces-

573 3316 823 3384 santes;
864 3315 980 3373 sed
1018 3314 1082 3373 in
1114 3331 1360 3374 vanum
1392 3315 1460 3374 in
1495 3316 1638 3391 ipso
1674 3314 2020 3386 laborati5‚
2059 3314 2235 3373 sicut
2267 3319 2333 3373 et
2370 3315 2624 3373 inutilis
2661 3313 2869 3388 faber,
2904 3315 3019 3389 qui
3056 3315 3288 3374 inutile
3322 3333 3447 3374 vas
3486 3331 3673 3375 com·

573 3418 780 3493 ponit,
832 3419 1008 3493 quod
1043 3426 1225 3478 stare
1274 3437 1400 3478 non
1435 3426 1696 3495 potest,
1749 3419 1905 3494 quia
1941 3418 2255 3478 instabile
2302 3422 2425 3477 est.
2477 3418 2662 3476 Nunc
2709 3434 2889 3493 ergo,
2927 3436 2965 3478 o
3008 3419 3194 3479 filioli
3230 3422 3383 3493 mei,
3423 3436 3673 3497 appre-

575 3520 844 3580 hendite
894 3522 1241 3597 pulchram
1278 3530 1557 3583 matrem
1608 3528 1927 3596 vestram,
1967 3522 2228 3581 scilicet
2274 3522 2556 3580 amicam
2596 3537 2809 3580 meam
2853 3522 3273 3596 charitatem,
3309 3529 3375 3581 et
3410 3523 3669 3598 ample-

575 3625 832 3683 ctimini
866 3640 1035 3684 eam.

663 3730 820 3790 Dico
871 3737 1097 3791 autem
1130 3732 1342 3792 vobis:
1398 3731 1679 3803 Quidam
1713 3732 1779 3789 in
1827 3728 2176 3789 velocibus
2209 3728 2401 3803 equis
2435 3728 2765 3802 sedenteS,
2802 3735 2871 3787 et
2904 3729 3219 3803 pretiosis
3252 3732 3318 3787 et
3370 3729 3666 3789 sortibus

578 3838 788 3898 armis
838 3838 1078 3897 armati
1130 3837 1484 3913 fulgentes„
1522 3836 1604 3896 ad
1653 3835 2077 3895 Occidentem
2127 3849 2200 3892 se
2249 3839 2628 3906 verterunt,
2685 3840 2755 3892 ut
2803 3840 3035 3893 contra
3084 3834 3236 3892 illos
3284 3839 3662 3908 pugnarent

577 3941 694 4017 qui
741 3941 825 4000 ab
858 3940 1212 4000 Occidente
1262 3940 1636 4000 veniebant.
1675 3939 1768 3998 Ad
1818 3938 2161 3997 dexteram
2195 3953 2429 3996 eorum
2476 3938 2675 3997 vallis
2717 3941 2862 3996 erat
2910 3938 3160 3996 multae
3196 3936 3657 4011 longitudinis;

576 4045 761 4105 velut
811 4045 1138 4122 profunda
1187 4047 1297 4106 via
1343 4048 1509 4120 erat3
1548 4051 1616 4104 et
1665 4043 1747 4104 ad
1781 4044 2124 4103 sinistram
2172 4058 2426 4117 eorum,
2465 4043 2636 4101 silva
2685 4059 2922 4117 magna
2955 4049 3022 4102 et
3071 4045 3229 4116 alta,
3268 4048 3409 4102 tota
3458 4045 3526 4103 in
3560 4059 3662 4102 ra-

578 4150 706 4209 mis
755 4151 898 4210 suis
946 4150 1098 4210 nive
1146 4150 1438 4227 perfusa.
1490 4150 1581 4210 De
1630 4166 1760 4225 qua
1811 4147 2083 4224 plurimi
2134 4147 2460 4221 homines,
2499 4147 2688 4221 parvi
2736 4153 2803 4205 et
2839 4147 3156 4222 inermeS,
3208 4154 3552 4221 exeuntes,
3591 4150 3661 4204 ut

578 4264 874 4316 armatos
926 4257 1077 4316 illos
1127 4258 1452 4332 viderent,
1507 4258 1572 4315 in
1623 4256 1862 4314 silvam
1913 4254 2124 4312 multo
2174 4267 2420 4326 pavore
2474 4251 2816 4327 fugerunt,
2879 4251 3197 4312 dicentes:
3247 4252 3485 4311 Wach!
3544 4250 3651 4327 qui

653 4460 698 4523 2)
726 4459 790 4513 ln
815 4459 981 4516 codd.
1008 4459 1182 4517 Catal.
1214 4460 1379 4532 epist.
1412 4464 1536 4517 258.
1568 4460 1633 4516 ln
1659 4458 1798 4515 Edd.
1830 4474 1917 4530 ep.
1954 4459 2076 4520 ΗΑ,
2171 4456 2381 4512 Patr-ol.
2412 4457 2517 4512 col.
2551 4460 2677 4518 580,
2708 4459 2830 4511 581.

583 4543 787 4599 mutila
824 4551 881 4600 et
919 4544 1092 4601 etiam
1132 4545 1192 4600 in
1218 4545 1401 4601 media
1439 4546 1668 4618 periodo
1706 4560 1972 4616 suspensa
1993 4551 2082 4599 est
2237 4543 2281 4608 ⁸)
2301 4547 2677 4600 noneontituit
2696 4543 2786 4598 W.
2812 4557 2940 4598 cum
2960 4542 3084 4599 edd.
3107 4543 3256 4614 quod
3279 4542 3447 4598 lieeat
3475 4557 3654 4598 emen-

583 4632 651 4688 ad
679 4633 814 4689 haec
854 4634 1020 4688 verba
1047 4634 1276 4696 absona;
1316 4650 1425 4688 non
1448 4635 1726 4689 constituit
1751 4649 1843 4687 vos
1867 4634 1944 4686 eie
1966 4645 2079 4699 my·
2170 4631 2320 4687 dare.

583 4723 772 4775 sticum
807 4725 856 4774 et
892 4737 1134 4774 aureum.
1174 4717 1451 4774 Subditur
1478 4721 1535 4773 in
1561 4717 1698 4773 Edd.
1732 4716 1969 4788 Reliqua
1994 4717 2081 4770 de·
2242 4715 2288 4780 ⁴)
2314 4723 2601 4789 torpentem
2620 4724 2669 4772 et
2689 4718 2943 4788 serentem
2960 4715 3052 4770 W.
3078 4715 3184 4771 Sed
3204 4730 3475 4786 quorsum
3496 4713 3654 4770 haec?

585 4807 918 4869 siden-antur,
933 4806 1177 4860 abscissis
1195 4824 1223 4861 e
1241 4822 1332 4859 ms.
1357 4805 1533 4860 codice
1553 4804 1726 4859 tribus
1743 4803 2084 4876 sequentibus
2172 4800 2461 4857 Pertinere
2491 4800 2754 4856 videntur
2780 4799 2847 4854 ad
2875 4799 3176 4855 schismata
3212 4802 3529 4869 germanica
3559 4799 3653 4855 sub

458 4885 470 4895 ⁴
582 4892 754 4962 solist.
795 4891 1017 4958 Quibus
1054 4890 1283 4961 quidem
1324 4888 1477 4945 soliis
1517 4887 1762 4944 feliciter
1795 4885 2085 4958 supplevit
2173 4887 2461 4944 Friderico
2486 4886 2749 4948 Barbato,
2779 4885 2841 4940 in
2864 4887 3076 4957 quibus
3106 4890 3296 4959 torpor
3321 4894 3379 4943 et
3411 4888 3569 4944 furor
3591 4885 3655 4942 si·

589 4976 762 5033 codex
791 4975 1197 5032 Wisbadensis.
1229 4973 1549 5046 Respondet
1575 4972 1937 5040 Hildegardis
1970 4986 2085 5028 mo-
2175 4976 2293 5030 mul
2339 4974 2753 5043 grassabantur.
2802 4974 2927 5040 Quo
2970 4972 3139 5028 etiam
3182 4973 3416 5029 fortasse
3449 4973 3651 5045 spectat

587 5061 784 5117 nachis
809 5060 1262 5124 Cistellensihus,
1299 5061 1369 5116 ab
1395 5076 1456 5114 ea
1485 5059 1691 5116 rescire
1716 5059 2087 5115 desideranti·
2177 5060 2323 5116 visio
2351 5076 2479 5116 mox
2507 5059 2629 5115 fuse
2653 5064 2928 5115 enarrata.

587 5147 694 5202 bus
732 5147 868 5216 quid
912 5146 969 5201 in
1008 5146 1218 5203 Ordine
1246 5165 1347 5203 suo
1376 5146 1564 5203 minus
1591 5148 1702 5202 Deo
1731 5148 1963 5220 placcat.
1997 5146 2078 5203 Cf.
2175 5151 2217 5215 ⁵)
2245 5147 2333 5202 Nil
2366 5147 2594 5209 mirum,
2619 5145 2666 5202 si
2695 5144 2894 5216 legeris
2919 5151 3134 5209 montes,
3163 5145 3234 5201 ob
3261 5141 3569 5214 sequentia.
