4036 6117
1353 516 1818 567 ems-romaum
1867 518 2046 567 NovA
2097 518 2344 567 semes.
3194 504 3325 565 555

285 651 416 697 nox
466 637 790 712 plurimas
824 639 1132 713 optiones
1184 638 1249 698 in
1282 639 1515 698 multis
1564 640 1976 700 utilitatibus
2012 640 2245 713 habet,
2297 644 2365 699 et
2398 639 2572 698 diem
2627 638 2931 699 attendit.
2969 636 3094 698 Sed
3128 644 3196 698 et
3231 639 3396 697 tem-

288 748 519 816 pestas
570 742 907 802 interdum
941 742 1308 817 percurrit,
1360 747 1428 802 et
1460 746 1696 819 postea
1745 760 1914 819 pura
1947 744 2093 803 dies
2128 748 2428 819 apparet.
2467 743 2562 802 Tu
2599 742 2735 801 filia
2768 742 2910 817 Dei,
2949 743 3015 801 in
3048 742 3263 816 prima
3300 742 3397 800 lu·

288 861 364 904 ce
417 845 627 921 suisti,
680 854 747 907 et
797 848 862 907 in
913 848 1235 908 torculari
1285 849 1544 909 calcata
1593 866 1698 923 es,
1751 850 1869 908 sed
1918 856 2156 925 postea
2211 848 2637 909 latitudinem
2688 850 2951 908 viarum
3005 847 3391 908 ambulasti.

288 950 473 1010 Nunc
499 952 837 1025 praevide,
877 967 955 1009 ne
985 951 1195 1010 bonas
1229 951 1377 1010 vias
1410 952 1866 1029 derelinquas,
1896 954 2054 1029 quia
2089 952 2266 1012 Deus
2301 959 2366 1011 te
2399 952 2567 1028 vult,
2604 959 2672 1012 et
2704 958 2770 1011 te
2798 954 2950 1029 scit,
2983 953 3076 1012 ita
3108 957 3186 1013 ut
3217 954 3276 1012 si
3311 952 3394 1012 ad

292 1052 478 1111 illum
528 1054 800 1129 aspicis,
843 1053 1240 1113 festinanter
1289 1061 1352 1113 te
1388 1054 1683 1131 adjuvat.
1722 1057 1886 1116 Cum
1937 1063 2161 1116 autem
2213 1057 2579 1116 vanitatem
2630 1056 2885 1115 saeculi
2920 1057 3171 1133 tangiS,
3208 1055 3290 1116 ad
3325 1057 3390 1115 te

290 1159 626 1233 superflue
677 1161 911 1220 currit.
950 1160 1182 1237 Itaque
1233 1156 1299 1220 in
1332 1162 1596 1221 duabus
1643 1163 1952 1238 partibus
2000 1162 2175 1237 elige
2225 1162 2406 1239 quod
2439 1162 2564 1222 tibi
2612 1162 2863 1223 bonum
2912 1162 3024 1237 sit,
3076 1159 3392 1237 quoniam

287 1264 345 1321 si
393 1263 599 1324 Deum
647 1265 931 1325 videndo
980 1271 1047 1325 et
1097 1265 1427 1326 audiendo
1478 1267 1784 1340 invocaS‚
1836 1284 1967 1327 non
2015 1267 2438 1344 derelinquet
2486 1274 2573 1328 te.
2620 1267 2801 1326 Deus
2850 1272 2915 1325 te
2966 1266 3261 1342 adjuvet,
3315 1271 3389 1326 ut

287 1367 432 1427 dies
467 1368 533 1426 in
582 1370 646 1428 te
678 1369 1032 1443 clarescat,
1083 1375 1151 1428 et
1183 1375 1256 1429 ut
1304 1385 1430 1429 nox
1466 1386 1505 1428 a
1539 1376 1602 1429 te
1641 1368 1930 1446 recedat,
1968 1378 2303 1447 quatenus
2336 1386 2598 1447 gemma
2635 1370 2702 1429 in
2734 1368 3102 1429 virtutibus
3137 1368 3279 1428 fias.
3312 1366 3394 1426 Et

289 1471 391 1529 sic
428 1471 492 1529 in
527 1477 879 1533 aeternum
914 1474 1123 1532 viveS.

1754 1683 1910 1743 CIX.

1064 1891 1383 1952 Gertrudi
1415 1891 1746 1969 quondam
1782 1893 2135 1954 Palatinae
2167 1893 2610 1970 Hildeqardis.

363 2092 444 2150 De
471 2092 758 2149 Palatinae
785 2109 927 2149 nova
952 2092 1101 2155 sede,
1132 2108 1231 2164 pro
1258 2092 1379 2165 ipsa
1404 2097 1463 2149 et
1488 2093 1606 2148 suis
1633 2092 1978 2149 monialibus
2005 2092 2286 2162 eligenda,
2312 2091 2561 2148 disserit.

385 2230 436 2289 Ο
488 2231 624 2291 filia
657 2229 798 2304 Dei,
852 2246 1025 2307 quae
1058 2245 1289 2290 curam
1340 2229 1547 2291 habes
1597 2231 2000 2301 animarum,
2051 2246 2226 2307 quae
2276 2231 2684 2290 intrinsecus
2728 2228 2916 2304 latet,
2966 2235 3057 2305 et,
3094 2246 3135 2291 o
3170 2243 3396 2291 aman-

295 2333 562 2393 tissima
611 2334 747 2395 filia
779 2335 896 2396 Dei
947 2337 1019 2397 G.
1056 2353 1228 2413 quae
1279 2352 1544 2412 semper
1577 2337 1868 2397 sollicita
1917 2354 1989 2397 es
2026 2338 2092 2397 in
2140 2337 2365 2396 anima
2397 2341 2533 2411 tua,
2586 2335 2761 2411 quod
2799 2336 3073 2411 quaeris
3121 2337 3204 2398 de
3240 2339 3386 2398 loco

291 2435 430 2511 illo,
487 2439 550 2496 in
587 2455 718 2514 quo
769 2441 1028 2500 mansio
1065 2447 1181 2501 tua
1230 2444 1321 2501 sit
1357 2441 1423 2500 in
1470 2442 1744 2516 pascuis
1778 2443 2042 2500 animae
2091 2447 2158 2500 et
2192 2441 2534 2515 corporiS,
2584 2438 2762 2500 Deus
2797 2440 2959 2500 mibi
2993 2458 3126 2501 non
3171 2447 3395 2503 osten-

288 2543 407 2602 dit.
456 2541 579 2601 Sed
616 2543 745 2604 ista
782 2545 985 2604 verba
1037 2545 1102 2604 in
1137 2544 1386 2605 lumine
1436 2544 1683 2604 audivi:
1719 2545 2247 2604 perscrutamini
2298 2546 2364 2603 in
2397 2543 2724 2604 scrutinio
2766 2549 3037 2604 vestrae
3070 2545 3394 2607 scientiae

285 2653 356 2707 et
390 2648 680 2707 aliorum
730 2650 1134 2725 sapientum,
1170 2644 1216 2727 ¹)
1268 2656 1472 2725 atque
1506 2649 1733 2724 eligite
1783 2650 1975 2709 vobis
2026 2649 2513 2724 habitaculum,
2564 2648 2743 2725 quod
2791 2649 3074 2710 utilitati
3122 2656 3392 2714 vestrae

287 2755 750 2813 necessarium
798 2755 910 2829 sit,
947 2771 1077 2814 non
1127 2760 1353 2814 autem
1387 2754 1794 2829 spiritalium
1846 2757 1913 2814 et
1947 2754 2400 2815 saecularium
2451 2753 2710 2827 mixtio,
2748 2754 2947 2829 quasi
2989 2770 3195 2815 unum
3229 2758 3387 2833 sint,

284 2860 446 2934 quia
481 2859 659 2919 Deus
693 2860 821 2920 hoc
851 2863 1192 2937 negotium
1227 2862 1342 2922 dat
1375 2860 1519 2940 (fol.
1555 2862 1701 2939 92),
1739 2862 1917 2938 quod
1952 2878 2032 2921 ea
2077 2862 2144 2921 in
2180 2862 2581 2921 alterutrum
2629 2861 3186 2937 subministretis,
3223 2880 3395 2939 quae

287 2963 373 3021 ad
409 2959 791 3024 necessaria
840 2964 1041 3041 hujus
1085 2966 1263 3026 vitae
1310 2968 1671 3042 pertinent,
1723 2982 1965 3027 vanam
2013 2967 2300 3041 gloriam
2352 2965 2816 3041 fugientes.1n
2855 2967 3167 3027 omnibus
3215 2970 3394 3029 enim

290 3067 460 3126 locis
505 3066 712 3126 Deum
747 3068 1022 3142 invenit,
1075 3069 1188 3144 qui
1226 3069 1414 3128 illum
1465 3070 1532 3129 in
1567 3070 1773 3130 rectis
1823 3070 2362 3130 invocationibus
2398 3070 2683 3145 quaerit.
2719 3068 2926 3144 Unde,
2963 3088 3002 3131 o
3037 3070 3214 3132 filiae
3245 3073 3386 3149 Dei,

289 3170 642 3229 scientiam
694 3170 760 3229 in
807 3177 1042 3231 sancta
1087 3171 1543 3232 rationalitate
1590 3173 1768 3232 Deus
1816 3189 1948 3232 non
1992 3174 2275 3249 spernit,
2334 3173 2493 3248 quia
2543 3172 2880 3232 hominem
2938 3173 3021 3234 ad
3077 3175 3392 3238 similitu-

288 3274 516 3333 dinem
564 3290 752 3334 suam
792 3274 969 3335 fecit.
1021 3275 1427 3335 Mansionem
1462 3281 1689 3336 tamen
1735 3281 2034 3336 vestram
2069 3277 2363 3336 lucidam
2410 3275 2643 3351 video,
2683 3276 2750 3334 in
2784 3292 3205 3354 quocumque
3241 3280 3388 3342 loco

288 3393 439 3435 eam
488 3376 662 3437 Deus
695 3377 1086 3453 providerit.
1135 3377 1322 3437 Nunc
1371 3378 1616 3438 iterum
1666 3378 1980 3454 gaudete,
2033 3384 2099 3438 et
2149 3379 2573 3454 propositum
2620 3382 2926 3438 vestrum
2977 3379 3043 3438 in
3091 3378 3228 3442 Deo
3277 3398 3392 3444 cu-

294 3480 563 3539 stodite.

367 4118 583 4177 Laudes
603 4137 836 4179 censura
866 4129 1226 4196 temperatae.

388 4261 460 4320 In
506 4278 666 4322 vero
700 4263 948 4323 lumine
996 4262 1215 4336 video,
1267 4263 1334 4322 in
1391 4262 1615 4346 aliqua
1666 4264 2084 4337 ascensione,
2146 4264 2227 4324 ad
2274 4264 2482 4324 Deum
2528 4269 2817 4324 mentem
2874 4265 3056 4323 tuam
3108 4266 3385 4327 rutilan-

295 4367 454 4437 tem,
505 4367 573 4425 et
603 4372 826 4427 tamen
877 4367 942 4427 in
976 4367 1414 4443 occupatione
1463 4372 1940 4443 tempestatum
1990 4367 2486 4429 vicissitudinis
2535 4381 2794 4428 morum
2830 4384 2927 4443 ea,
2980 4368 3096 4429 sed
3146 4386 3383 4435 manus

293 4466 555 4528 Domini
606 4473 820 4545 tangit
852 4477 941 4545 te,
991 4474 1059 4531 et
1093 4471 1218 4532 sub
1267 4470 1503 4530 umbra
1537 4487 1660 4530 sua
1709 4472 1890 4532 tenet
1924 4477 2012 4545 te,
2050 4485 2173 4531 nec
2206 4487 2525 4548 umquam
2560 4477 2623 4532 te
2655 4472 3096 4548 derelinquet,
3134 4474 3251 4535 sed
3286 4483 3384 4538 ta·-

296 4589 445 4632 men
498 4576 716 4650 magni
754 4576 1018 4636 labores
1067 4576 1189 4637 tibi
1224 4582 1486 4646 assunt,
1538 4591 1708 4652 quos
1743 4580 1819 4635 ut
1864 4575 2135 4636 Goliath
2184 4577 2556 4653 superabis.
2606 4577 2844 4637 Anima
2892 4583 3008 4644 tua
3049 4594 3201 4640 cum
3248 4579 3382 4642 Deo

297 4679 503 4753 vivet,
540 4686 607 4738 et
644 4681 710 4740 in
744 4682 1100 4741 velocitate
1136 4681 1341 4757 cervi,
1380 4696 1528 4741 cum
1564 4680 1698 4740 Deo
1735 4683 2179 4757 permanebis

370 4895 413 4962 ¹>
451 4895 642 4968 Neque
678 4897 988 4970 spernenda
1026 4897 1387 4954 doctissimae
1427 4896 1789 4969 Hildegardis
1873 4898 1953 4954 tia
1975 4903 2034 4954 et
2054 4897 2331 4971 sapientia
2356 4900 2442 4953 vel
2465 4915 2494 4954 a
2512 4899 2855 4955 monialibus
2876 4914 3046 4969 gnare
3068 4905 3123 4956 et
3146 4906 3375 4958 strenue

294 4982 654 5048 ammonitio.
670 4983 761 5041 bis
775 4984 842 5039 ad
859 4982 1172 5040 Palatinam
1207 4983 1506 5046 inculcata,
1523 4983 1591 5040 de
1612 4983 1788 5039 scien·
1878 4985 2207 5042 exercenda.
