4036 6117
3222 547 3345 605 441

840 1225 1612 1368 SANCTAE
1732 1220 2901 1352 HILDEGARDIS

1583 1511 2037 1585 CARMIN
2064 1512 2148 1582 A.

1507 1897 1554 1954 1.
1591 1896 2109 1971 Responsorium
2135 1888 2202 1972 ¹).

1499 2106 1604 2165 vis
1666 2105 2124 2179 aeternitatiS‚
2191 2120 2362 2180 quae
2427 2105 2651 2165 omnia
2737 2105 3064 2164 ordinasti
3130 2107 3195 2166 in
3260 2122 3405 2166 cor-

1498 2209 1582 2268 de
1616 2216 1729 2269 tuo
1764 2225 1884 2286 per
1915 2208 2207 2268 Verbum
2241 2215 2455 2283 tuum,
2492 2208 2715 2269 omnia
2748 2212 2976 2269 creata
3012 2216 3189 2285 sunt,
3226 2211 3403 2269 sicut

1499 2312 1810 2388 voluisti,
1860 2319 1929 2373 et
1962 2313 2185 2389 ipsum
2232 2312 2523 2372 Verbum
2558 2320 2746 2373 tuum
2784 2313 2998 2373 induit
3030 2329 3299 2374 carnem
3338 2315 3404 2371 in

1500 2415 1898 2476 formatione
1949 2417 2086 2490 illa,
2139 2431 2310 2492 quae
2359 2415 2599 2475 educta
2647 2420 2751 2475 est
2784 2415 2866 2475 de
2899 2416 3147 2491 Adam,
3198 2423 3266 2476 et
3299 2417 3396 2474 sic

1500 2519 1884 2579 indumenta
1919 2520 2134 2594 ipsius
2168 2536 2207 2579 a
2241 2519 2528 2578 maximo
2564 2518 2795 2579 dolore
2831 2519 3142 2579 abstersa
3175 2523 3349 2579 sunt.

1673 2611 1756 2705 fi.
1793 2623 1844 2683 Ο
1893 2638 2097 2698 quam
2137 2637 2381 2698 magna
2428 2629 2534 2682 est
2567 2622 2946 2698 benignitas
2996 2622 3390 2694 Salvatoris‚

1489 2725 1606 2802 qui
1641 2726 1862 2786 omnia
1891 2725 2206 2786 liberavit
2235 2741 2356 2800 per
2382 2724 2910 2785 incarnationem
2938 2740 3153 2801 suam,
3192 2741 3393 2801 quam

1488 2830 1820 2891 Divinitas
1866 2830 2234 2906 exspiravit
2266 2827 2315 2909 ²)
2353 2831 2497 2889 sine
2531 2830 2799 2890 vinculo
2832 2831 3115 2906 peccati.
3164 2831 3245 2891 Et
3279 2831 3397 2891 sic.

1493 2934 1720 2994 Gloria
1752 2934 1935 2994 Patri
1969 2940 2038 2994 et
2070 2933 2238 2994 Filio
2270 2935 2338 2994 et
2369 2933 2646 3008 Spiritui
2682 2939 2936 2994 sancto,
2971 2934 3050 2994 Et
3085 2934 3203 2994 sic.

1668 3176 1744 3235 ΙΙ.
1785 3177 2189 3253 Antiphona.

383 3363 436 3425 Ο
486 3380 719 3441 magne
751 3366 977 3441 Pater,
1030 3366 1097 3426 in
1132 3380 1370 3441 magna
1403 3364 1804 3423 necessitate
1841 3377 2096 3421 sumus:
2131 3377 2305 3421 nunc
2340 3362 2545 3437 igitur
2579 3363 3038 3438 obsecramuS,
3077 3364 3389 3424 obsecra-

295 3485 447 3528 mus
481 3475 568 3544 te,
619 3486 739 3545 per
771 3470 1060 3531 Verbum
1095 3475 1308 3544 tuum,
1344 3484 1464 3546 per
1513 3468 1688 3543 quod
1738 3482 1860 3526 nos
1903 3465 2319 3527 constituisti
2350 3468 2585 3542 plenos
2616 3461 2666 3546 ³)
2695 3468 2941 3544 quibus
2993 3469 3387 3545 indigemus:

291 3590 465 3635 nunc
515 3577 777 3650 placeat
823 3577 969 3653 tibi,
1008 3577 1227 3651 Pater,
1265 3576 1427 3653 quia
1454 3580 1518 3634 te
1552 3574 1745 3633 decet
1776 3575 1849 3633 ut
1880 3573 2175 3649 aspicias
2211 3573 2278 3633 in
2311 3590 2433 3634 nos
2466 3591 2586 3651 per
2619 3575 3024 3652 adjutorium
3061 3583 3274 3652 tuum,
3314 3587 3385 3638 ut

289 3693 421 3736 non
467 3677 878 3754 deficiamus,
929 3682 996 3740 et
1042 3696 1125 3739 ne
1172 3695 1412 3739 nomen
1463 3682 1649 3738 tuum
1685 3678 1752 3737 in
1798 3677 1993 3738 nobis
2043 3678 2468 3755 obscuretur,
2520 3681 2589 3739 et
2621 3695 2742 3755 per
2792 3680 3012 3757 ipsum
3059 3698 3303 3742 nomen
3331 3679 3379 3761 ⁴)

298 3786 485 3841 tuum
520 3782 795 3859 dignare
831 3800 953 3843 nos
988 3783 1332 3860 adjuvare·

1553 3982 1662 4042 111.
1716 3984 2119 4060 Antiphona.

377 4161 429 4221 Ο
463 4167 734 4223 aeterne
764 4161 963 4236 DeuS,
999 4177 1173 4221 nunc
1207 4160 1331 4220 tibi
1378 4159 1663 4236 placeat,
1716 4166 1790 4221 ut
1823 4163 1890 4222 in
1923 4176 2152 4222 amore
2200 4161 2316 4221 illo
2352 4160 2615 4235 ardeaS,
2663 4165 2737 4220 ut
2786 4161 3086 4220 membra
3130 4162 3244 4222 illa
3288 4164 3378 4221 si-

288 4282 461 4341 mne,
491 4281 661 4343 quae
690 4264 911 4325 fecisti
939 4266 1004 4325 in
1028 4264 1264 4325 eodem
1291 4278 1541 4338 amore,
1581 4279 1730 4323 cum
1759 4264 2003 4326 Filium
2053 4268 2238 4325 tuum
2265 4264 2559 4340 genuisti
2611 4263 2678 4323 in
2703 4264 2921 4339 prima
2970 4278 3236 4341 aurora,
3266 4283 3380 4326 an-

287 4376 351 4430 te
383 4387 643 4432 omnem
680 4377 1084 4445 creaturam,
1135 4373 1204 4428 et
1251 4369 1506 4444 inspice
1553 4369 2033 4429 necessitatem
2080 4370 2252 4429 hanc
2300 4383 2473 4445 quae
2506 4383 2711 4443 super
2753 4384 2873 4428 nos
2922 4368 3125 4444 cadit,
3162 4375 3231 4429 et
3263 4371 3378 4430 ab-

285 4473 511 4536 strahe
546 4492 693 4567 eam
726 4492 767 4535 a
797 4475 991 4536 nobis
1023 4476 1300 4550 propter
1332 4470 1574 4532 Filium
1607 4475 1820 4547 tuum,
1857 4478 1924 4533 et
1955 4473 2207 4548 perduc
2239 4488 2361 4532 nos
2398 4472 2464 4531 in
2512 4471 2839 4532 laetitiam
2872 4472 3135 4533 salutis.

1555 4655 1656 4715 IV.
1709 4657 2107 4735 Antiphona.

367 4837 418 4897 Ο
450 4837 669 4899 virtus
704 4834 1102 4913 Sapientiae,
1139 4849 1311 4910 quae
1345 4834 1676 4895 circuiens
1711 4835 2014 4913 circuisti
2050 4819 2669 4912 comprehendendo
2703 4837 2949 4911 omnia,
3000 4838 3066 4897 in
3100 4856 3228 4900 una
3261 4845 3371 4903 via

352 5039 396 5103 ¹)
434 5039 517 5094 Ex
543 5039 664 5096 cod.
698 5037 897 5111 majori
937 5033 1322 5098 wisbadensi,
1362 5037 1568 5093 collato
1598 5036 1782 5092 mino·
1870 5037 1917 5099 1.
1969 5041 2056 5093 20:
2115 5036 2276 5105 Quod
2310 5041 2453 5094 em'm
2490 5042 2551 5094 in
2586 5056 2651 5094 ea
2686 5045 2877 5094 natum
2912 5046 3006 5099 ext.
3047 5042 3112 5095 de
3150 5042 3370 5115 Spiritu

284 5140 364 5185 re,
416 5129 480 5178 ut
525 5129 757 5178 notatur
803 5140 857 5195 p.
910 5126 1031 5178 358.
1086 5122 1380 5176 amborum
1427 5139 1592 5193 porro
1637 5122 1776 5188 sigla
1867 5123 2067 5179 Sancto
2106 5131 2197 5179 est.
2225 5123 2357 5187 —⁸)
2378 5123 2615 5179 Scilicet
2640 5126 2714 5178 iis
2735 5125 2894 5179 rebus
2917 5130 2966 5178 el
2990 5125 3146 5181 bonis
3169 5131 3369 5199 quibus

278 5213 451 5263 erunt
470 5208 537 5271 A.
556 5208 615 5265 B.
635 5208 836 5271 -·2)1‹1
861 5214 966 5271 est.
992 5207 1052 5262 in
1073 5207 1292 5279 Spiritu
1314 5208 1538 5264 Sancto.
1565 5208 1769 5263 Matth.
1865 5226 2010 5264 nunc
2035 5211 2354 5281 indiyemus.
2387 5239 2454 5251 -—
2476 5209 2519 5273 ⁴)
2544 5207 2579 5263 i.
2607 5225 2636 5262 e
2650 5227 2751 5281 per
2771 5209 3063 5266 Christum.

3139 5320 3184 5362 «Ut
