4036 6117
1638 531 2113 579 musi-onan.
3208 517 3337 577 363

338 652 475 713 lam
510 655 768 730 partem
803 652 985 713 illius
1022 652 1418 714 fuscationis
1453 653 1714 729 habete,
1739 650 1786 731 ¹)
1836 662 1904 714 et
1935 671 2060 715 vos
2097 655 2161 714 in
2208 654 2517 714 omnibus
2554 672 2589 712 a
2625 653 2799 713 malo
2837 655 3211 714 observate.
3263 656 3423 714 Nam

337 761 577 819 sibilus
611 759 870 820 Diaboli
906 761 1155 829 veniet,
1190 766 1258 818 et
1292 759 1533 819 sibilus
1570 762 1931 820 multarum
1968 764 2463 836 tempestatum.

421 862 544 922 Sed
588 869 655 922 et
689 863 907 923 adhuc
942 864 1009 921 in
1041 864 1265 939 aliquo
1320 870 1618 939 tempore
1663 863 1979 923 Chaldaei
2034 863 2564 923 infirmabuntur.
2614 860 2665 940 ²)
2717 863 2953 922 Graeci
3005 863 3425 923 robustiores

336 967 730 1026 efficientur.
768 965 1049 1025 Romani
1079 959 1129 1044 ³)
1165 982 1318 1026 cum
1351 966 1636 1025 caeteris
1686 967 2004 1026 Romanis
2055 966 2369 1041 silebunt,
2408 971 2480 1025 ut
2526 966 2770 1025 ardens
2822 967 2994 1040 ign-is
3042 969 3157 1043 qui
3206 969 3419 1029 cadat.

337 1069 415 1127 Et
450 1067 621 1127 Galli
657 1068 911 1128 tirones
945 1066 1122 1127 fient.

427 1169 552 1230 Sed
603 1169 766 1229 haec
821 1171 1044 1230 omnia
1101 1186 1232 1231 non
1279 1186 1561 1246 semper.
1619 1173 1699 1232 Et
1745 1189 1904 1249 pars
1962 1174 2378 1234 transeuntis
2434 1173 2688 1233 saeculi
2738 1174 2804 1232 in
2851 1173 3070 1235 tribus
3120 1175 3423 1249 parti-bus

333 1275 569 1348 currit,
609 1275 672 1332 in
711 1274 957 1350 quibus
994 1291 1187 1350 reges
1221 1282 1288 1335 et
1320 1276 1525 1335 duces
1559 1276 1887 1336 diluvium
1923 1277 2460 1353 inquietudinum
2496 1278 2943 1338 sustinebunt.

425 1378 502 1437 Et
537 1393 651 1436 rex
686 1385 939 1454 surget,
981 1394 1289 1454 magnum
1333 1381 1661 1457 praelium
1697 1381 1947 1456 colenS,
1999 1387 2068 1442 et
2100 1397 2230 1440 non
2261 1386 2366 1440 est
2401 1382 2515 1457 qui
2554 1382 2740 1441 illurn
2773 1381 3067 1457 adjuvet,
3119 1383 3247 1442 nisi
3285 1384 3430 1443 mil-

339 1484 635 1544 lenarius
685 1490 987 1545 armatus
1035 1501 1355 1546 numerus
1408 1485 1674 1545 illorum
1721 1488 1837 1562 qui
1885 1487 2311 1562 praeputium
2361 1504 2488 1545 non
2540 1486 2805 1547 habent.
2855 1484 2936 1546 Et
2980 1487 3079 1546 sic
3128 1486 3429 1546 homines

340 1589 819 1664 fatigabuntur.

423 1697 664 1755 Locum
703 1702 927 1755 autem
976 1701 1301 1770 vestrum,
1353 1713 1390 1756 o
1425 1696 1602 1756 filiae
1655 1711 1860 1768 meae,
1912 1694 2089 1756 Deus
2139 1713 2269 1756 non
2318 1696 2641 1756 destruet.
2694 1695 2817 1755 Sed
2858 1696 3009 1755 illos
3045 1698 3159 1772 qui
3211 1699 3277 1756 in
3313 1713 3424 1755 va-

336 1800 542 1858 nitate
600 1806 666 1858 et
723 1800 1131 1875 negligentia
1198 1799 1608 1874 mendicant,
1676 1801 1762 1860 ab
1816 1816 1894 1859 eo
1958 1801 2255 1876 fugabit,
2323 1807 2522 1875 atque
2588 1799 2953 1860 schismata
3020 1805 3087 1859 et
3135 1802 3427 1861 terrores

340 1904 629 1981 abjiciet.

424 2009 701 2080 Quidam
737 2017 960 2070 autem
1007 2011 1187 2070 caeci
1224 2017 1291 2069 et
1325 2010 1568 2084 claudi,
1620 2026 1780 2069 eum·
1806 2010 2171 2070 absorbere
2204 2010 2527 2084 volenteS,
2566 2025 2694 2067 non
2728 2008 3234 2084 praevalebunt,
3272 2026 3432 2084 quo-

335 2114 513 2173 niam
548 2114 841 2173 scintilla
876 2115 1314 2174 scrutationis
1349 2114 1504 2174 illos
1537 2114 1964 2174 excribrabit.

420 2215 601 2275 Unde
649 2225 904 2278 mentes
937 2226 1204 2278 vestras
1255 2219 1514 2279 similes
1552 2219 1751 2278 facite
1802 2218 2053 2278 homini
2094 2218 2445 2294 aspicienti
2499 2219 2560 2276 in
2597 2218 2891 2291 hortum,
2946 2218 3011 2276 in
3045 2235 3177 2294 quo
3226 2219 3426 2277 flores

336 2323 404 2380 et
456 2320 780 2396 pomifera
835 2329 1176 2395 crescunt,
1239 2327 1312 2384 ut
1366 2323 1641 2383 odorem
1696 2322 2085 2383 eorumdem
2143 2322 2380 2382 florum
2438 2323 2715 2381 naribus
2772 2322 3031 2397 capiat,
3091 2327 3158 2381 ct
3216 2329 3287 2381 ut
3343 2323 3424 2382 de

339 2426 589 2486 eisdem
627 2431 842 2503 pomis
877 2428 1202 2490 comedat.

424 2531 601 2591 Odor
646 2533 821 2591 enim
857 2533 1092 2593 ssorum
1126 2541 1253 2609 est,
1306 2535 1483 2610 quod
1533 2533 1728 2593 homo
1771 2551 1808 2592 a
1858 2534 2155 2609 peccatis
2205 2531 2623 2606 abstinendO,
2675 2531 3043 2591 bonitatem
3086 2532 3424 2614 justorum

337 2637 581 2696 imitari
627 2637 986 2712 desiderat;
1039 2655 1390 2714 pomorum
1439 2644 1662 2698 autem
1697 2637 1910 2708 cibus,
1965 2638 2079 2697 ubi
2118 2637 2312 2695 homo
2364 2637 2533 2696 alios
2569 2636 2698 2695 sibi
2748 2635 3090 2711 subjectos
3140 2635 3426 2695 fideliter
3480 2642 3498 2657 ·

339 2743 530 2816 regit,
583 2748 650 2802 et
682 2743 795 2802 ubi
844 2744 911 2802 in
944 2744 1163 2817 gratia
1208 2743 1325 2803 Dei
1374 2745 1832 2818 eleemosynas
1878 2742 2231 2817 egentibus
2276 2741 2579 2815 largitur;
2620 2740 2903 2817 ideoque
2937 2746 3005 2799 et
3037 2755 3267 2800 vocem
3302 2740 3429 2800 Do·-

336 2845 496 2904 mini
531 2846 635 2904 sui
671 2846 768 2904 sic
801 2846 1085 2907 dicentis
1119 2848 1246 2907 sibi
1274 2845 1508 2906 audire
1539 2847 1978 2922 promeretur:

427 2953 548 3012 Hic
600 2953 795 3014 homo
844 2973 965 3032 per
1011 2955 1306 3016 officium
1356 2974 1551 3018 suum
1603 2972 1707 3015 me
1754 2958 1988 3032 tangit,
2041 2959 2106 3016 et
2139 2972 2256 3033 per
2290 2957 2713 3031 largitionem
2762 2957 3333 3032 eleemosynarum
3373 2956 3436 3013 in

340 3060 798 3123 misericordia
833 3081 937 3124 me
974 3068 1179 3141 ungit.

427 3164 559 3224 Iste
610 3166 782 3225 inter
813 3166 981 3226 duas
1031 3169 1175 3228 vias
1210 3175 1366 3243 stat,
1420 3185 1704 3245 quarum
1755 3167 1964 3227 altera
2013 3165 2283 3242 putrida
2313 3170 2440 3238 est,
2492 3165 2704 3223 altera
2754 3181 2872 3239 per
2914 3165 3122 3223 solem
3173 3164 3422 3223 lucens

340 3267 464 3326 Sed
512 3268 781 3343 putrida
811 3271 925 3329 via
971 3274 1073 3331 est
1127 3273 1438 3348 voluptas
1488 3273 1739 3332 saeculi
1790 3271 2013 3345 hujuS,
2068 3286 2267 3346 quam
2317 3270 2603 3345 quisque
2654 3267 2869 3327 fidelis
2936 3268 3165 3343 fugere
3212 3267 3431 3342 debet,

344 3387 426 3430 ne
460 3372 526 3431 in
561 3372 673 3432 illa
709 3373 1100 3436 suffocetur.

432 3480 614 3550 Quod
648 3480 807 3540 dum
845 3481 1097 3558 fecerit,
1150 3482 1364 3542 sancti
1411 3481 1617 3541 Deum
1654 3480 1983 3542 laudando
2020 3481 2551 3558 symphonizant,
2588 3482 2905 3541 dicentes:
2958 3481 3080 3540 llic
3116 3481 3184 3544 in
3217 3483 3439 3555 putre-

350 3587 502 3646 dine
534 3587 900 3664 voluptatis
935 3590 1187 3649 saeculi
1224 3588 1422 3650 homo
1457 3605 1588 3649 non
1615 3591 1739 3649 est.

438 3692 560 3763 Qui
607 3709 768 3753 vero
818 3695 882 3753 in
931 3695 1041 3753 via
1089 3694 1330 3754 solaris
1380 3694 1552 3754 lucis
1598 3693 1808 3755 Deum
1843 3693 2137 3753 timendo
2185 3700 2251 3754 et
2300 3694 2581 3754 amando
2631 3694 2992 3769 aspexerit,
3043 3708 3279 3752 vocem
3311 3692 3435 3751 Do·

350 3796 511 3854 mini
546 3797 652 3855 sui
686 3797 784 3855 sic
833 3797 1076 3857 audiet:
1131 3798 1331 3874 Euqe,
1384 3817 1564 3857 serve
1598 3798 1755 3857 bone
1790 3804 1851 3857 et
1885 3798 2128 3876 fidelis!
2177 3796 2302 3857 Sed
2337 3799 2451 3873 qui
2485 3796 2569 3857 ad
2617 3797 2955 3873 putridam
3005 3797 3179 3855 viam
3217 3797 3440 3855 devia·
3556 3886 3563 3891 .

349 3898 543 3972 verit,
585 3898 715 3957 nisi
751 3898 901 3957 inde
934 3914 1007 3958 se
1040 3899 1304 3975 eripiat,
1340 3901 1713 3975 periculum
1747 3901 2191 3959 maximarum
2225 3900 2685 3959 calamitatum
2721 3898 3036 3957 incurret.

443 4006 616 4065 Laus
664 4006 888 4082 itaque
938 4007 1244 4080 sanguini
1296 4006 1548 4066 Christi
1581 4006 1690 4081 sit,
1741 4007 2103 4082 qui-lorica
2146 4006 2447 4081 Justitiae
2496 4011 2564 4064 et
2612 4004 2790 4089 omni
2842 4006 3184 4061 armatura
3231 4001 3443 4059 virtu-

353 4117 496 4170 tum
530 4108 759 4169 fideles
792 4124 954 4168 suos
991 4108 1226 4168 induit!
1270 4108 1554 4183 Sanguis
1587 4109 1762 4167 enim
1801 4107 2051 4168 Christi
2088 4108 2314 4167 fideles
2351 4109 2415 4167 in
2444 4108 2660 4166 locum
2701 4103 3034 4179 refrigerii
3071 4102 3391 4162 restituit.

444 4215 523 4274 Et
557 4217 651 4290 tu,
689 4229 727 4273 o
761 4214 1154 4288 Jerusalem,
1192 4213 1429 4289 gaude,
1467 4213 1624 4287 quia
1659 4212 1725 4271 in
1758 4214 2072 4288 passione
2104 4213 2254 4271 Filii
2289 4209 2407 4271 Dei
2442 4227 2597 4270 vere
2632 4209 2982 4269 credentes
3020 4208 3332 4282 suscipis

449 4317 571 4377 Sed
621 4324 687 4378 et
735 4324 831 4393 tu,
883 4335 921 4378 o
971 4333 1213 4378 aurora
1264 4317 1690 4390 salvationiS,
1744 4316 1810 4375 in
1857 4315 2271 4376 beatitudine
2320 4316 2596 4390 rutilaS,
2648 4314 2804 4391 quia
2850 4313 3221 4372 Jerusalem
3272 4312 3446 4372 filios

365 4441 523 4484 suos
559 4425 621 4483 in
657 4424 898 4499 gaudio
931 4431 1309 4486 conservat.
1381 4438 1384 4441 ·

452 4527 868 4603 Quapropter
914 4530 981 4589 et
1012 4530 1231 4604 angeli
1276 4524 1325 4606 ⁴)
1363 4527 1443 4587 de
1480 4528 1646 4603 ipsis
1696 4526 2152 4586 vociferantur
2189 4528 2251 4585 in
2289 4526 2626 4596 laudibuS,
2666 4526 2986 4586 dicentes:
3020 4526 3152 4586 Nos
3185 4526 3266 4585 de
3300 4540 3454 4601 ope-

365 4631 554 4690 ribus
609 4631 858 4691 vestris
909 4632 973 4690 in
1031 4633 1352 4693 torculari
1407 4632 1926 4707 vindemiamus,
1987 4637 2055 4689 et
2106 4631 2252 4691 ideo
2303 4648 2423 4689 vos
2475 4631 2537 4689 in
2590 4632 2913 4690 societate
2969 4636 3201 4691 nostra
3250 4630 3452 4690 habe-

365 4752 541 4810 muS,
579 4753 779 4813 quam
811 4732 858 4813 ⁵)
895 4737 1158 4798 Lucifer
1194 4738 1385 4813 sugit,
1422 4739 1605 4798 velut
1637 4737 1910 4798 coluber
1943 4738 2058 4814 qui
2096 4752 2168 4796 se
2206 4737 2269 4795 in
2304 4751 2660 4795 cavernam
2694 4752 2882 4796 suam
2919 4734 3290 4795 abscondit.

456 4841 743 4917 Spiritus
793 4842 1073 4903 Sanctus
1123 4844 1348 4919 itaque
1399 4844 1755 4920 inspiravit
1803 4843 2132 4921 quosdam
2188 4842 2491 4902 homines
2542 4843 2715 4901 inter
2762 4840 3086 4918 quosdam
3138 4840 3450 4916 populos,

371 4947 486 5022 qui
522 4947 810 5007 nondum
843 4951 1034 5009 erant
1070 4947 1495 5009 fraudulenti.
1533 4948 1607 5024 O,
1646 4965 1708 5024 0,
1747 4948 1810 5009 o!

450 5107 493 5171 ¹)
520 5110 743 5166 habente
765 5109 858 5165 W.
902 5140 968 5149 —
1005 5111 1052 5175 ²)
1081 5110 1213 5165 Inde
1253 5109 1522 5166 vaticinia
1549 5112 1608 5165 et
1645 5109 1868 5181 graphi·
1958 5109 2116 5166 diosc
2141 5109 2435 5181 despiciet.
2468 5141 2532 5150 —
2554 5109 2600 5175 ⁸)
2632 5109 2881 5171 Romane,
2912 5124 3016 5162 vox
3045 5104 3236 5161 dubia.
3272 5134 3335 5143 —-

379 5210 440 5251 ca
469 5194 536 5250 dc
577 5195 746 5251 variis
786 5194 1051 5265 gentibus
1087 5197 1333 5259 oracula,
1361 5212 1504 5268 quae
1534 5211 1696 5252 nemo
1739 5195 1866 5251 fasti
1961 5196 2004 5266 ⁴)
2028 5197 2241 5253 Novum
2270 5195 2553 5253 canticum
2579 5193 2753 5251 ordiri
2784 5193 3027 5249 videtur.
3052 5192 3172 5257 -⁵)
3195 5192 3342 5262 quod
3364 5190 3450 5243 W.
