4036 6117
1224 550 1455 595 mssssn
1505 546 1700 594 VITAE
1749 545 2228 593 MERlTORUM.
2282 548 2355 591 ΡΥ
2389 545 2476 590 1v.
3200 529 3325 588 153

305 691 334 731 ›
369 669 672 749 praebet,
728 671 946 747 ipsum
993 689 1145 733 esse
1193 673 1400 733 Deum
1449 679 1880 749 cognoscunt.
1931 673 2010 734 Et
2066 688 2274 748 quare
2322 677 2395 729 tu
2439 674 2673 729 contra
2704 668 2911 726 Deum
2947 667 3224 726 rixaris‘?
3255 668 3390 742 Ego

303 795 333 833 ι
368 792 658 852 namque
690 775 771 835 de
801 792 952 835 rore
984 777 1463 838 benedictionis
1490 778 1636 854 ejus
1671 777 1848 852 bibo,
1877 782 1945 836 et
1977 776 2060 835 de
2094 774 2600 849 compunctione
2634 773 2858 833 cordis
2884 771 2967 831 ad
3001 787 3153 831 eum
3182 772 3388 847 ride0,

303 897 333 935 ι
361 884 428 938 et
461 894 616 939 cum
651 879 981 955 gaudente
1016 881 1411 941 lacrimabili
1452 896 1615 941 voce
1650 880 1732 940 ad
1769 882 1989 957 ipsum
2015 879 2186 940 dico:
2212 879 2412 950 DeuS‚
2442 876 2685 954 adjuva
2721 892 2845 936 me.
2875 876 2954 935 Et
2979 877 3213 952 Angeli
3239 892 3392 935 cum

300 999 330 1037 ι
368 986 652 1041 sonante
700 997 951 1058 organo
1002 983 1166 1042 mihi
1214 983 1642 1060 respondent,
1694 998 1774 1042 ac
1820 962 2031 1042 Deum
2072 980 2353 1040 laudant
2383 975 2455 1057 ¹),
2510 978 2822 1055 quoniam
2876 978 3095 1054 ipsum
3127 977 3385 1038 invoco.

297 1101 327 1139 ι
364 1083 547 1143 Tunc
572 1084 776 1143 etiam
810 1101 1053 1144 aurora
1086 1087 1342 1161 gratiae
1378 1101 1539 1146 suae
1575 1086 1739 1145 mihi
1775 1087 1973 1159 lucet,
2003 1100 2082 1143 ac
2110 1084 2332 1143 cibum
2367 1082 2547 1141 vitae
2583 1081 2744 1140 mihi
2779 1081 2917 1155 dat,
2946 1081 3106 1156 quia
3131 1081 3391 1157 abipso

298 1202 329 1242 »
361 1185 597 1261 petivi,
632 1202 714 1246 ne
745 1186 1071 1247 deficiam.
1109 1187 1234 1248 Sed
1268 1190 1583 1264 quoniam
1619 1195 1690 1248 tu
1720 1185 1771 1266 ²)
1808 1189 1892 1248 ab
1926 1189 2073 1264 ipso
2107 1187 2273 1246 nihil
2308 1185 2602 1262 quaeriS,
2642 1184 2810 1243 nihil
2843 1184 2964 1244 tibi
2998 1183 3286 1243 dabitur.
3327 1202 3359 1240 »

380 1286 489 1348 18.
529 1287 656 1348 Sed
691 1289 977 1364 septima
1012 1291 1232 1367 imago
1266 1293 1534 1353 mulieri
1572 1308 1781 1369 usque
1831 1292 1926 1378 ad·
1947 1308 2146 1351 crura
2180 1307 2303 1351 sua
2346 1289 2876 1363 assimilabatur,
2930 1287 3047 1347 sed
3092 1304 3290 1347 crura
3323 1293 3390 1346 et

290 1393 493 1470 pedes
527 1411 690 1456 suos
724 1394 1087 1472 praedictis
1121 1398 1418 1457 tenebris
1452 1399 1544 1457 ita
1581 1397 1905 1472 infixerat,
1942 1396 2118 1473 quod
2153 1412 2270 1456 eos
2319 1410 2479 1471 prae
2523 1393 2776 1454 eisdem
2813 1392 3112 1452 tenebris
3152 1391 3383 1451 videre

294 1513 418 1559 non
449 1504 776 1575 poteram.
813 1501 1027 1576 Caput
1060 1508 1284 1561 autem
1317 1518 1513 1562 suum
1547 1502 1857 1562 muliebri
1894 1517 2077 1561 more
2112 1501 2478 1573 velaverat,
2514 1505 2582 1558 et
2616 1497 2895 1557 candida
2931 1503 3118 1557 veste
3157 1496 3383 1556 indue·-

296 1599 512 1662 batur.

1757 1815 1921 1875 XIII.

1506 2023 1706 2083 Verba
1758 2024 2177 2101 cupiditatis,

374 2229 478 2289 19.
510 2229 593 2289 Et
623 2229 908 2291 dicebat:
951 2249 982 2288 α
1021 2230 1224 2290 Valde
1256 2230 1590 2305 desidem,
1629 2230 1954 2307 valdeque
1989 2229 2226 2289 studeo
2274 2244 2810 2306 unamquamque
2861 2245 3025 2303 rem,
3077 2244 3250 2305 quae
3284 2227 3383 2288 di-

294 2349 323 2389 »
358 2349 474 2392 ves
505 2338 574 2392 et
608 2331 973 2394 honorifica
1006 2349 1084 2393 ac
1116 2333 1395 2410 pulchra
1429 2339 1556 2408 est,
1595 2333 1674 2394 ad
1711 2349 1816 2392 me
1850 2333 2146 2404 trahere,
2200 2350 2277 2393 ac
2310 2332 2830 2409 unumquodque
2876 2333 3370 2406 munusculum,

290 2456 320 2494 ι
355 2438 528 2514 quod
565 2436 860 2498 dandum
891 2443 959 2498 et
991 2437 1367 2499 habendum
1403 2444 1530 2513 est,
1567 2438 1894 2512 accipere,
1947 2438 2105 2514 quia
2139 2443 2388 2513 quanto
2422 2439 2576 2513 plus
2611 2436 2930 2511 habuer0‚
2984 2442 3170 2496 tanto
3220 2437 3374 2512 plus

290 2556 319 2594 ι
353 2540 635 2599 scientia
668 2555 817 2600 mea
850 2540 1428 2616 multiplicabitur.
1464 2541 1538 2599 In
1572 2541 1872 2616 pulchris
1906 2541 2084 2600 enim
2117 2540 2404 2614 annuli8‚
2443 2547 2510 2599 et
2543 2540 2611 2598 in
2653 2538 2955 2615 pulchris
3005 2538 3369 2598 monilibus

291 2659 319 2698 ³
355 2647 421 2701 et
453 2642 828 2719 inauribuS,
866 2659 944 2702 ac
975 2643 1045 2702 in
1078 2643 1231 2702 aliis
1266 2643 1522 2703 divitiis
1557 2659 1705 2702 cum
1741 2643 2076 2719 probitate
2126 2643 2392 2718 sapiens
2442 2658 2593 2701 esse
2627 2656 3016 2716 cognoscor,
3068 2646 3271 2717 atque
3306 2641 3372 2700 in

287 2763 316 2800 ι
352 2746 716 2806 subtilibus
750 2747 975 2808 causis
1009 2763 1447 2825 unaquaeque
1484 2753 1662 2807 recte
1698 2748 2035 2824 dispenso
2087 2747 2272 2819 Quod
2322 2748 2380 2806 si
2430 2745 2598 2806 haec
2644 2763 2775 2805 non
2810 2745 3149 2820 haberem,
3198 2747 3377 2805 omni

294 2868 322 2904 ι
357 2850 528 2909 bono
563 2857 631 2911 et
663 2852 844 2913 omni
892 2853 1226 2927 probitate
1274 2869 1485 2912 vacua
1534 2869 1779 2928 essem,
1832 2870 1910 2913 ac
1958 2853 2225 2929 putrido
2262 2853 2463 2927 ligno,
2509 2852 2574 2912 in
2609 2869 2740 2928 quo
2774 2868 2895 2911 nec
2928 2852 3201 2927 duritia,
3254 2867 3374 2912 nec

289 2970 315 3008 ι
350 2953 632 3013 mollitia
666 2958 792 3031 est,
829 2954 1266 3016 assimilarer.
1302 2957 1484 3017 Bona
1518 2963 1740 3016 autem
1776 2972 1928 3016 cum
1954 2956 2089 3016 Deo
2124 2963 2191 3016 et
2217 2973 2367 3015 cum
2402 2954 2786 3016 hominibus
2815 2955 3031 3016 facere
3057 2972 3360 3032 possum,

286 3077 312 3113 ι
347 3076 422 3119 ac
454 3060 839 3122 hominibus
873 3075 1024 3121 cum
1061 3062 1211 3122 aliis
1246 3063 1578 3122 creaturis
1614 3062 2049 3123 benefaciam.
2097 3081 2128 3121 1·

1734 3283 1904 3347 XIV.

1222 3482 1636 3560 Responsum
1689 3482 2113 3558 Contemptus
2160 3481 2418 3540 mundi.

356 3690 460 3750 20.
497 3688 622 3749 Sed
655 3689 737 3750 de
770 3689 1113 3764 praedicta
1147 3690 1412 3750 turbida
1446 3690 1619 3750 nube
1656 3691 1895 3751 iterum
1932 3690 2159 3750 audivi
2192 3705 2423 3750 vocem
2478 3690 2603 3764 ipsi
2639 3688 2913 3765 imagini
2963 3686 3363 3762 responden-

275 3798 420 3854 tem:
461 3814 494 3852 «
534 3794 635 3854 Tu
668 3795 1006 3870 pessimus
1042 3796 1323 3871 laqueus
1358 3811 1455 3869 eS,
1496 3810 1668 3869 quae
1703 3795 2080 3870 corporalia
2118 3795 2230 3854 illa
2277 3794 2669 3869 modulariS,
2721 3809 2894 3870 quae
2942 3809 3095 3852 cum
3144 3792 3364 3851 diver-

273 3915 302 3953 »
338 3898 432 3958 sis
468 3897 900 3958 facultatibus
935 3913 1014 3957 ac
1047 3898 1445 3958 substantiis
1496 3899 1748 3957 carnali
1782 3899 2113 3972 voluptati
2163 3897 2425 3958 adsunt.
2479 3897 2814 3970 Quaedam
2848 3897 3023 3955 enim
3075 3910 3351 3970 genera·-

270 4016 300 4055 »
335 3997 549 4059 tiones
583 3999 924 4059 hominum
963 4001 1029 4060 in
1061 4001 1280 4060 animo
1315 4017 1436 4060 suo
1472 4000 1554 4059 ad
1588 4000 1863 4059 divitias
1898 4017 1975 4060 ac
2010 3999 2094 4059 ad
2130 4000 2418 4060 honores
2454 4000 2707 4060 saeculi
2744 4015 2816 4058 se
2864 3998 3195 4075 quondam
3245 4012 3354 4055 ex·-

270 4118 299 4155 »
335 4101 715 4177 tendebant,
765 4108 834 4162 et
881 4102 1071 4179 signa
1122 4104 1188 4163 in
1238 4105 1380 4163 sole
1427 4110 1494 4164 et
1541 4103 1609 4163 in
1642 4104 1978 4163 sideribus
2013 4104 2450 4180 quaerebant,
2489 4118 2566 4162 ac
2604 4118 2675 4161 se
2708 4107 2777 4161 et
2808 4102 2964 4161 illos
3001 4102 3065 4160 in
3106 4099 3354 4176 quibus
3440 4174 3443 4175 ⁷

270 4223 298 4261 ι
335 4205 774 4281 confidebant,
811 4206 971 4266 deos
1004 4222 1156 4266 esse
1188 4207 1517 4266 dicebant.
1566 4207 1645 4266 Et
1695 4206 1853 4283 quid
1888 4205 2140 4283 profuit
2176 4207 2310 4266 illis
2360 4206 2524 4265 haec
2571 4203 2873 4264 vanitas?
2910 4203 2990 4263 Et
3029 4202 3145 4261 ubi
3176 4215 3353 4260 nunc

269 4331 298 4369 »
334 4320 486 4373 sunt
520 4314 797 4374 divitiae
831 4330 909 4373 ac
943 4313 1228 4373 honores
1262 4318 1330 4372 et
1365 4313 1669 4388 regiones
1695 4311 1960 4372 earum?
1981 4306 2031 4389 ³)
2062 4312 2133 4370 In
2161 4310 2439 4371 inferno.
2467 4310 2632 4370 Nam
2662 4309 2937 4368 meritas
2963 4322 3213 4383 poenas
3239 4321 3354 4381 pa-

267 4434 297 4473 »
334 4419 611 4493 liuntur,
640 4418 957 4494 quoniam
982 4418 1048 4476 in
1074 4418 1290 4492 figura
1313 4416 1601 4493 Spiritus
1627 4415 1850 4475 Sancti
1876 4432 2003 4475 non
2039 4414 2375 4489 sederunt;
2405 4419 2473 4473 et
2507 4414 2824 4490 quoniam
2859 4413 2972 4471 illa
2999 4426 3170 4487 quae
3204 4424 3352 4469 coe-

267 4539 296 4577 »
332 4522 526 4583 lestia
560 4524 777 4597 erant,
815 4537 943 4581 non
978 4521 1470 4595 desiderabant,
1509 4520 1623 4579 sed
1659 4520 1881 4579 omnia
1915 4519 2293 4595 corporalia
2324 4524 2391 4577 et
2418 4518 2671 4577 caduca
2703 4516 3037 4593 petebant.
3064 4514 3201 4589 Ego
3235 4530 3351 4573 au-

265 4614 294 4679 i
331 4630 459 4685 tem
497 4628 565 4685 in
596 4627 809 4702 figura
841 4624 1130 4702 Spiritus
1164 4624 1387 4685 Sancti
1420 4625 1640 4695 sedec,
1679 4625 1747 4684 et
1780 4625 1845 4682 in
1879 4639 2083 4683 curru
2109 4626 2621 4700 praeceptorum
2638 4621 2761 4681 Dei
2790 4620 3117 4681 circulum
3145 4617 3340 4691 facim

263 4745 295 4784 ³
328 4744 407 4788 ac
438 4729 684 4806 ubique
717 4729 865 4789 vias
897 4728 1044 4805 ejus
1077 4728 1368 4802 ambulO,
1405 4733 1472 4787 et
1495 4725 1728 4804 ‘ipsum
1761 4733 2020 4801 patrem
2058 4726 2315 4798 invoco,
2367 4728 2434 4785 et
2466 4725 2760 4784 carnalia
2810 4722 3145 4782 desideria
3188 4737 3340 4797 pro-

262 4849 291 4887 »
325 4834 508 4908 priae
542 4834 910 4893 voluntatis
944 4838 1323 4909 prosterno,
1361 4838 1428 4892 et
1463 4832 1789 4908 meipsam
1823 4830 2072 4908 ubique
2107 4829 2479 4889 manifesto.
2532 4828 2654 4888 Sed
2706 4828 2764 4887 si
2799 4827 3181 4886 carnalibus
3228 4827 3341 4885 de-

260 4953 289 4991 »
325 4938 592 4996 sideriis
625 4953 892 5011 gravor,
929 4953 1049 5013 per
1082 4937 1392 5019 timorem
1428 4936 1545 4996 Dei
1578 4942 1647 4994 et
1679 4951 1797 5011 per
1832 4941 2050 4994 rotam
2086 4935 2259 5010 ignis
2295 4934 2581 5009 Spiritus
2615 4932 2860 5006 Sancti,
2899 4933 3032 4991 cito
3066 4932 3344 5007 evigila-

260 5058 289 5095 »
328 5042 430 5102 bo.
478 5042 558 5101 Et
607 5057 756 5100 cum
805 5041 1034 5118 populi
1080 5047 1354 5118 propter
1401 5056 1641 5099 nomen
1688 5039 1948 5100 Domini
2000 5055 2105 5099 me
2157 5038 2616 5111 honorificant,
2668 5043 2918 5095 etcum
2963 5037 3183 5095 omnia
3219 5054 3338 5097 sua

326 5208 368 5273 ¹)
394 5209 613 5264 laudent
639 5208 728 5263 W.
762 5240 826 5249 -—
853 5211 898 5273 2)
926 5217 984 5266 tu
1011 5222 1119 5264 om.
1150 5209 1217 5264 A.
1251 5240 1315 5249 --
1343 5209 1386 5277 ³)
1423 5228 1604 5265 eorum
1633 5208 1721 5263 W.
3141 5291 3177 5328 ἦ
