4036 6117
764 406 892 470 510

1880 454 1932 501 S.
1999 457 2082 505 m
2102 458 2544 515 LDBGARDIS

1609 672 1908 739 TERTIA
1961 681 2169 742 VISIO
2217 684 2527 751 PRIMAE
2574 694 2871 760 PARTIS

823 864 945 919 403.
977 863 1037 922 Β.
1083 865 1142 922 in
1172 869 1302 939 igne
1331 872 1446 931 isto

1089 956 1239 1025 quod
1269 957 1414 1014 idem
1444 961 1892 1025 instrumentum
1919 978 2101 1029 totum
2129 976 2201 1031 ab

1162 1059 1228 1099 eo
1256 1043 1659 1106 illustrabatur

1088 1133 1147 1182 et
1190 1128 1338 1187 idem
1385 1135 1739 1208 globusssine
1783 1159 1844 1199 se
1888 1145 2198 1218 aliquando

1161 1230 1387 1273 sursum
1413 1222 1660 1280 elevavit

1088 1296 1348 1356 deorsum
1378 1304 1681 1366 inclinavit

1092 1384 1169 1440 ita
1208 1392 1356 1459 quod
1403 1411 1472 1449 ex
1513 1395 1619 1454 hoc
1657 1399 1912 1461 flammas
1949 1423 2081 1465 suas
2116 1411 2197 1468 ci-

1169 1474 1284 1532 tius
1309 1481 1586 1540 subduxit

1076 1559 1179 1629 qui
1209 1561 1358 1619 idem
1387 1567 1837 1631 instrumentum

973 1642 1032 1701 C.
1074 1649 1181 1704 sub
1201 1666 1266 1706 eo
1288 1652 1420 1718 suit,
1445 1658 1592 1714 alius
1609 1661 1776 1718 ssatus
1795 1681 1925 1721 cum
1951 1667 2197 1724 turbini-

1160 1735 1265 1793 bus
1291 1741 1410 1797 suis
1435 1744 1748 1804 ebulliebat

1084 1821 1480 1888 diffundebant

1087 1906 1298 1970 intueri
1326 1931 1439 1972 non
1466 1926 1714 1990 poteram

1083 2003 1449 2061 concutiebat
1475 2010 1676 2080 plenus

1091 2081 1150 2137 in
1178 2101 1235 2140 se
1261 2091 1546 2148 sentiebat

1082 2176 1381 2242 quemdam
1409 2182 1637 2251 globum

1088 2259 1347 2321 videbam
1377 2282 1546 2340 super

817 2343 940 2399 ⁴0⁴.
976 2343 1036 2402 B.
1080 2348 1229 2405 clare
1256 2356 1467 2422 positas
1491 2359 1739 2431 σωλῆσι.
1778 2366 1871 2420 13.

1088 2436 1417 2496 turbinibus
1443 2458 1501 2498 se
1526 2443 1853 2505 effundebat

978 2517 1036 2575 C.
1079 2527 1240 2578 motu
1276 2524 1434 2582 dedit

1086 2608 1298 2681 ubique
1324 2612 1558 2672 diffudit

1084 2693 1199 2749 labi
1229 2703 1452 2766 poterat

1080 2780 1295 2835 moveri
1326 2781 1612 2843 faciebant

1085 2863 1266 2920 lucem
1295 2868 1541 2926 habebat

1080 2954 1343 3011 tenebrae
1373 2956 1503 3015 illae
1527 2961 1595 3016 ad
1627 2962 1804 3035 ipsam
1845 2968 2027 3028 lucem
2068 2991 2187 3046 per-

1141 3039 1372 3111 -tingere
1401 3051 1712 3117 potuerunt

1078 3127 1361 3185 dicentem
1389 3133 1566 3190 michi

818 3211 944 3267 ⁴05.
974 3212 1039 3267 Α.
1083 3228 1147 3269 ac
1169 3214 1230 3270 in
1252 3234 1397 3273 novo
1422 3224 1759 3281 testamento
1778 3242 1837 3282 se
1856 3227 2181 3298 dilatantes,

1153 3303 1375 3360 tandem
1403 3306 1550 3365 circa
1580 3310 1749 3367 finem

975 3382 1036 3440 B.
1079 3386 1180 3457 qui
1208 3389 1466 3461 designat

1080 3491 1321 3534 exurens
1348 3481 1450 3538 hos

1080 3560 1231 3618 sicut
1256 3573 1313 3620 et
1341 3566 1553 3625 sactum

1079 3649 1304 3715 quando
1329 3666 1358 3704 a
1384 3654 1499 3709 Deo
1524 3665 1746 3716 creatus
1770 3669 1871 3719 est.
1904 3665 2021 3723 Deo
2046 3686 2104 3725 se

1075 3732 1226 3802 quod
1251 3734 1428 3806 :idem
1479 3739 1992 3808 instrumentum...
2054 3753 2182 3810 illu-

1152 3825 1367 3879 stratur

1079 3905 1214 3975 quia
1244 3909 1305 3964 in
1329 3909 1445 3968 Deo

1075 3992 1226 4061 quod
1252 3997 1504 4057 omnis...
1542 4002 1925 4067 illuminatur.

968 4072 1026 4128 C.
1071 4078 1325 4136 eumdem
1353 4085 1602 4154 globum.

1077 4163 1572 4232 administratione
1597 4178 2051 4243 demonstrantes

1076 4253 1229 4321 quod
1255 4259 1407 4322 (caet.
1437 4266 1566 4327 om.)
1592 4263 1741 4323 idem
1766 4271 1950 4331 Filius

1078 4341 1178 4410 qui
1206 4359 1339 4402 suae
1364 4350 1644 4411 claritatis
1669 4358 1942 4430 obsequio

1076 4430 1458 4498 glorificantes
1483 4455 1704 4498 omnem
1734 4445 1995 4504 nocivum

1079 4518 1466 4587 magnificant,
1499 4526 1596 4581 ubi
1629 4528 1782 4600 ipsos

1076 4608 1134 4657 et
1159 4604 1258 4658 ubi
1288 4606 1455 4665 bomo

965 4689 1029 4743 D.
1076 4688 1134 4744 in
1164 4693 1344 4749 nobili
1371 4696 1609 4767 Virgine
1636 4705 1979 4775 exoptabilis

1078 4781 1156 4837 ita
1183 4783 1332 4854 quod
1359 4803 1427 4841 ex
1456 4787 1560 4844 boc

808 4864 931 4919 406.
961 4862 1026 4922 Α.
1071 4869 1379 4926 clementer
1404 4872 1713 4931 inclinatus

1076 4958 1234 5013 velut
1259 4957 1534 5031 scriptum

1076 5058 1203 5100 eum
1222 5047 1556 5104 mortalibus
1571 5051 1751 5108 oculis
1769 5058 1979 5125 tegens,
1999 5060 2174 5117 samu-

1147 5133 1321 5186 latum
1362 5133 1767 5193 exhibentibus

2686 909 2935 966 ostendit
2969 918 3309 985 protendens
3339 924 3612 994 quoniam

2578 987 2640 1045 B.
2687 1007 2812 1047 vera
2835 995 3150 1059 diffamatio
3171 1022 3299 1061 cum
3319 1008 3498 1078 justis
3520 1015 3766 1070 sermoni-

2759 1080 2865 1137 bus
2891 1089 3145 1155 procedit
3182 1098 3240 1147 et
3248 1096 3380 1165 ,ubi
3411 1097 3523 1169 ipsi

2569 1157 2626 1218 C.
2670 1162 2847 1221 Deum
2890 1172 3308 1245 nonjignorans
3339 1182 3507 1239 timet
3545 1187 3763 1258 pessima

2756 1252 2994 1312 infamia

2683 1334 2817 1395 illac
2842 1358 2901 1396 se
2927 1342 3172 1403 dilatant

2682 1425 2908 1498 antiqui
2935 1434 3240 1501 perditoris

2576 1508 2635 1566 C.
2677 1529 2779 1568 om.
2814 1515 2963 1582 ignis
2991 1518 3089 1576 ille
3112 1532 3239 1581 ante
3262 1529 3466 1597 plenus

2682 1599 3030 1658 saevissimis
3057 1605 3294 1665 duritiis
3316 1616 3428 1671 cod.
3459 1618 3565 1685 fol.
3606 1622 3686 1676 14.

2684 1682 2742 1737 in
2771 1686 3009 1743 avaritia
3035 1689 3331 1753 effusionis

2676 1767 2893 1839 judicia
2924 1781 2982 1829 et
3018 1779 3428 1850 exspirationes
3470 1789 3763 1847 volantium

2754 1871 3044 1915 rumorum
3095 1869 3154 1918 et
3191 1869 3564 1938 expansionae
3612 1876 3765 1932 ssuen—

2751 1946 2895 2002 tium
2922 1948 3362 2023 dispositionum
3391 1961 3451 2016 iu
3479 1964 3695 2021 ultione

2574 2028 2636 2085 D.
2680 2033 2857 2089 sentit
2882 2035 3015 2105 quia
3041 2039 3292 2110 dignitas
3318 2049 3660 2107 ostensionis
3691 2053 3761 2108 di·

2753 2121 2873 2178 vini
2896 2127 3177 2184 examinis
3199 2129 3347 2187 idem
3371 2134 3529 2191 nefas
3544 2140 3761 2207 praecel-

2750 2207 2915 2264 lendo
2929 2211 3224 2282 opprimit.
3239 2233 3368 2273 cum
3389 2219 3565 2276 etiam
3587 2221 3759 2278 divina

2746 2308 2820 2350 m.
2841 2310 2889 2352 a.
2906 2295 2974 2353 sr.
2991 2299 3242 2370 ejusdem
3257 2302 3364 2360 ins.
3383 2321 3434 2375 p.
3455 2321 3532 2363 m.
3555 2307 3760 2363 vidente

2745 2383 2911 2437 oculo
2937 2401 2984 2440 c.
3017 2400 3069 2441 o.
3101 2401 3155 2442 n.
3197 2402 3242 2443 s.
3288 2404 3413 2445 eum
3455 2391 3757 2463 praevideat

2673 2465 2768 2522 sed
2794 2469 2903 2523 sub
2928 2469 3122 2526 eadem
3149 2474 3296 2544 pelle

2673 2568 2704 2607 a
2732 2558 3035 2630 semetipsa

2674 2640 2769 2696 sed
2796 2643 2863 2697 ad
2889 2642 3181 2702 Christum
3210 2663 3479 2720 suspensa

2674 2726 3071 2801 plurimaeque

2677 2812 2955 2869 veraciter
2978 2817 3241 2888 designat

2408 2899 2531 2953 407.
2561 2895 2627 2954 Α.
2669 2914 2814 2969 quae
2838 2918 2936 2957 sua
2966 2902 3383 2972 significatione

2672 2984 2896 3041 scilicet
2944 3004 3072 3046 cum
3128 2992 3245 3065 ipsa
3288 2994 3544 3052 eamdem
3587 2998 3757 3055 Eccle-

2742 3072 2883 3128 siam
2912 3075 3260 3134 dirersorum
3290 3096 3511 3137 morum

2562 3157 2622 3214 B.
2669 3159 2727 3213 in
2740 3176 2885 3231 quae
2900 3163 3087 3217 eadem
3108 3164 3354 3221 Ecclesia
3372 3185 3618 3238 congruo
3636 3177 3754 3226 tem·

2741 3262 2874 3318 pore
2923 3250 3409 3308 conculcationem
3472 3258 3750 3313 verborum

2742 3332 3160 3402 aliquantulum
3190 3339 3500 3405 sustinens,
3516 3343 3751 3399 decorem

2740 3421 3141 3480 miraculorum
3170 3442 3399 3482 suorum
3430 3430 3608 3485 tradit

2671 3513 2856 3564 tamen
2893 3510 3210 3567 claritatem
3250 3530 3481 3585 operum
3523 3516 3586 3572 in
3625 3533 3674 3589 p.
3702 3517 3748 3571 b.

2738 3610 2836 3666 per
2860 3593 3000 3650 alios
3027 3595 3342 3655 admiratur

2669 3694 2858 3751 speras
2883 3679 3037 3736 efflat

2661 3766 2967 3838 accipiens.
2996 3770 3076 3825 ita
3103 3773 3274 3829 etiam
3306 3792 3550 3834 amorem

2671 3853 3002 3912 turbinibus
3031 3875 3090 3913 se
3115 3858 3362 3917 effundit

2560 3935 2619 3995 C.
2664 3939 2975 3996 fortissima
3004 3942 3151 3999 sama

2670 4027 2962 4085 celeritate
2988 4032 3343 4103 percutiebat

2668 4114 2961 4171 humorem
2990 4116 3089 4173 dat

2667 4200 2849 4256 multo
2876 4201 3095 4272 fragore

2557 4287 2622 4343 D.
2666 4287 2915 4360 ipsorum
2943 4291 3293 4349 coadunatur

2666 4374 3068 4432 manifestatur

2662 4460 2812 4516 idem
2844 4462 3164 4534 baptismus

2659 4546 2720 4601 in
2774 4546 2913 4619 ipsis
2962 4550 3445 4621 praedicatoribus
3494 4557 3754 4615 dilatatus

2736 4635 2895 4691 suavi
2923 4635 3323 4706 irrigatione...
3354 4648 3696 4717 propalatur.

2659 4718 2891 4791 quidam
2922 4720 3091 4778 ssatus

2397 4806 2518 4859 408.
2550 4806 2616 4861 Α.
2658 4822 2826 4878 quem
2853 4809 3104 4879 praefata
3130 4812 3407 4870 elementa

2663 4891 2794 4949 illac
2820 4892 2935 4949 labi
2962 4902 3150 4966 potest

2661 4981 2875 5035 multae
2903 4982 3117 5051 gloriae
3144 4984 3354 5042 factum
3379 4987 3670 5058 degentem
3702 4994 3754 5044 et

2731 5064 2944 5122 virtute
2999 5071 3323 5128 earumdem
3375 5081 3751 5130 creaturarum

2732 5148 2809 5204 ita
2838 5152 3172 5213 obvolutum
