4036 6117
1722 503 2182 552 EPISTOLAE.
3296 487 3424 547 333

499 616 824 694 Quicquid
875 625 1096 681 autem
1152 621 1213 679 in
1248 620 1372 679 hac
1421 620 1679 681 visione
1720 622 1949 682 videro
1999 638 2121 682 seu
2153 620 2471 693 didicern,
2524 619 2723 696 hujus
2757 619 3148 678 memoriam
3194 635 3314 695 per
3348 620 3494 678 lon-

407 738 564 797 gum
616 730 877 799 tempus
927 724 1163 800 habeo;
1218 726 1308 784 ita
1359 726 1534 802 quod
1585 725 1848 802 quando
1888 722 1934 805 ¹)
1987 726 2151 787 illud
2198 725 2481 786 viderim
2529 731 2596 784 et
2644 724 2992 799 audierim,
3030 723 3369 797 recordor,
3420 724 3490 782 et

409 831 608 889 simul
657 831 872 899 video,
912 832 1129 907 audie,
1183 834 1346 906 scio,
1384 840 1450 892 et
1483 834 1679 909 quasi
1729 834 1798 893 in
1831 839 2166 893 momento
2217 832 2342 892 hoc
2375 831 2549 908 quod
2586 832 2749 905 scio,
2802 830 3011 905 disco;
3048 829 3226 906 quod
3259 831 3483 890 autem

405 952 536 994 non
570 937 785 1008 vide0‚
843 939 1005 997 illud
1038 941 1286 1008 nescio,
1338 942 1496 1017 quia
1532 943 1794 1002 indocta
1835 959 2007 1015 sum;
2062 942 2178 1001 sed
2212 943 2471 1000 tantum
2506 940 2767 999 litteras
2818 940 2883 998 in
2918 939 3349 1013 simplicitate
3399 938 3485 997 le-

410 1057 565 1116 gere
619 1044 943 1103 instructa
981 1061 1149 1105 sum.
1200 1046 1277 1105 Et
1311 1062 1387 1105 ea
1424 1062 1594 1122 quae
1639 1047 1862 1107 scribo
1914 1047 1978 1105 in
2011 1047 2295 1120 visione,
2348 1045 2540 1104 video
2574 1050 2643 1104 et
2674 1043 2894 1118 audio;
2946 1060 3068 1104 nec
3101 1043 3235 1102 alia
3282 1042 3489 1102 verba

407 1164 603 1221 pono,
656 1165 858 1224 quam
912 1151 1022 1210 illa
1057 1168 1226 1227 quae
1276 1153 1472 1211 audio
1507 1160 1572 1212 et
1608 1154 1834 1213 latinis
1868 1154 2096 1213 verbis
2145 1169 2273 1213 non
2313 1153 2565 1211 limatis
2612 1167 2690 1211 ea
2740 1150 3029 1226 profero,
3078 1145 3128 1228 ²)
3180 1147 3495 1225 quemad-

417 1252 683 1311 modum
738 1254 849 1313 illa
888 1256 949 1313 in
999 1256 1256 1315 visione
1291 1257 1508 1317 audio:
1561 1259 1873 1333 quoniam
1920 1259 2095 1317 sicut
2144 1256 2523 1332 philosophi
2561 1256 2885 1330 scribunt,
2939 1254 3233 1313 scribere
3268 1254 3335 1312 in
3368 1252 3493 1312 hac

409 1357 665 1416 visione
702 1375 831 1417 non
866 1358 1131 1433 doceor;
1170 1367 1237 1419 et
1271 1361 1475 1420 verba
1510 1362 1577 1420 in
1610 1362 1869 1421 visione
1907 1363 2033 1421 ista
2069 1378 2198 1421 non
2226 1363 2402 1435 sunt,
2458 1362 2634 1421 sicut
2665 1359 2869 1418 verba
2904 1373 3076 1434 quae
3110 1356 3193 1416 ab
3232 1371 3346 1415 ore
3381 1353 3497 1415 ho-

413 1460 608 1519 minis
645 1469 903 1536 sonant,
944 1465 1059 1522 sed
1095 1466 1270 1524 sicut
1306 1466 1570 1525 flamma
1606 1483 1991 1541 coruscanS,
2030 1475 2096 1526 et
2129 1473 2202 1526 ut
2236 1466 2447 1526 nubes
2489 1467 2555 1525 in
2590 1481 2743 1525 aere
2776 1481 2944 1541 puro
2981 1469 3180 1522 mota.

501 1563 712 1623 Huius
762 1581 1026 1641 quoque
1076 1569 1349 1628 luminis
1386 1570 1665 1629 formam
1701 1572 1881 1630 nullo
1916 1571 2111 1630 modo
2162 1585 2568 1646 cognoscere
2616 1569 2829 1643 valeo,
2882 1568 3057 1627 sicut
3090 1581 3211 1625 nec
3257 1563 3491 1659 sphae-

419 1682 557 1725 ram
604 1662 654 1745 ³)
708 1670 872 1728 solis
921 1670 1214 1746 perfecte
1269 1674 1509 1733 intueri
1557 1690 1855 1749 possum.
1906 1676 1977 1735 In
2010 1675 2241 1734 eodem
2291 1675 2539 1735 lumine
2587 1674 2787 1732 aliam
2840 1673 3087 1745 lucem,
3140 1685 3311 1746 quae
3350 1670 3498 1731 Lux

412 1773 630 1829 vivens
670 1772 828 1832 mihi
865 1776 1208 1838 nominata
1245 1784 1370 1850 est,
1408 1779 1741 1839 interdum
1774 1787 1842 1840 et
1890 1796 2017 1839 non
2071 1780 2454 1856 frequenter
2495 1779 2711 1852 video;
2764 1780 2829 1837 et
2878 1776 3166 1853 quando,
3217 1778 3284 1835 et
3332 1791 3493 1851 quo-

418 1875 608 1935 modo
663 1878 842 1937 illam
892 1880 1175 1955 videam,
1216 1882 1515 1957 proferre
1566 1899 1694 1943 non
1727 1886 1939 1958 valeo;
1994 1887 2193 1960 atque
2250 1857 2514 1943 interim
2563 1883 2718 1942 dum
2776 1881 2957 1942 illam
3005 1880 3221 1956 vide0,
3273 1879 3493 1939 omnis

416 1981 692 2041 tristitia
726 1990 791 2041 et
826 1985 1044 2044 omnis
1079 1987 1387 2072 angustia
1424 2004 1461 2045 a
1497 2004 1600 2046 me
1636 1987 1966 2062 aufertur,
2023 1989 2114 2048 ita
2153 1995 2224 2048 ut
2262 1991 2416 2049 tunc
2453 1988 2633 2046 velut
2669 2001 2889 2046 mores
2939 1984 3265 2060 simplicis
3313 1983 3497 2058 puel-

414 2083 516 2143 lae
550 2090 617 2143 et
652 2102 778 2145 non
814 2089 1078 2147 vetulae
1115 2091 1414 2150 mulieris
1452 2092 1752 2152 habeam.
1788 2088 1835 2169 ⁴)

503 2188 626 2247 Sed
661 2193 728 2250 et
760 2208 917 2266 prae
953 2193 1226 2254 assidua
1264 2195 1666 2269 infirmitate,
1704 2212 1905 2271 quam
1937 2197 2160 2272 patior
2192 2197 2575 2273 aliquando,
2621 2196 2917 2255 taedium
2944 2194 3156 2254 habeo
3191 2194 3396 2254 verba
3428 2195 3496 2252 et

415 2295 710 2354 visiones
742 2312 912 2371 quae
962 2298 1122 2357 mihi
1161 2299 1249 2358 ibi
1300 2299 1743 2360 ostenduntur
1773 2300 2102 2376 proferre:
2157 2302 2273 2360 sed
2310 2307 2532 2361 tamen
2566 2317 2716 2360 cum
2774 2301 2993 2359 anima
3028 2314 3175 2359 mea
3222 2303 3498 2373 gustan-

417 2396 500 2455 do
553 2397 664 2456 illa
698 2398 897 2472 videt,
949 2400 1014 2460 in
1050 2401 1219 2460 alios
1269 2418 1488 2460 mores
1539 2404 1630 2463 ita
1671 2409 2049 2477 convertor,
2088 2405 2285 2481 quod,
2324 2410 2396 2463 ut
2430 2419 2636 2480 supra
2677 2403 2834 2477 dixi,
2885 2418 3148 2462 omnem
3195 2401 3492 2461 dolorem

411 2506 478 2559 et
517 2502 1010 2563 tribulationem
1059 2505 1378 2564 oblivioni
1415 2507 1624 2566 trado,
1677 2508 1754 2567 Et
1789 2524 1958 2583 quae
2010 2514 2167 2568 tunc
2203 2509 2267 2566 in
2302 2508 2538 2567 eadem
2592 2506 2848 2566 visione
2881 2506 3099 2579 video,
3150 2507 3217 2564 et
3264 2503 3487 2576 audi0,

413 2602 577 2662 haec
611 2607 829 2666 anima
868 2625 1014 2669 mea
1058 2610 1250 2687 quasi
1284 2626 1362 2670 ex
1400 2611 1577 2672 fonte
1613 2611 1859 2686 haurit3
1913 2612 2030 2672 sed
2066 2613 2180 2672 illa
2215 2617 2436 2672 tamen
2471 2613 2666 2689 plena
2713 2615 2780 2670 et
2815 2608 3211 2670 inexhausta
3243 2611 3487 2667 manet.

413 2709 646 2770 Anima
694 2718 916 2771 autem
970 2730 1115 2774 mea
1164 2716 1345 2775 nulla
1382 2716 1545 2776 hora
1578 2721 1761 2777 caret
1794 2716 2098 2793 praefato
2152 2718 2423 2791 lumine,
2460 2716 2636 2793 quod
2685 2715 2921 2774 umbra
2960 2712 3249 2774 viventis
3298 2711 3495 2770 lumi-

412 2810 516 2869 nis
553 2821 860 2885 vocatur,
912 2822 977 2876 et
1010 2818 1174 2877 illud
1208 2819 1423 2893 video,
1477 2822 1660 2880 velut
1711 2821 1775 2879 in
1823 2820 2048 2880 lucida
2097 2822 2268 2881 nube
2303 2822 2796 2881 firmamentum
2845 2819 3098 2893 absque
3132 2815 3348 2876 stellis
3398 2815 3494 2873 in-

415 2915 718 2993 spiciam,
770 2925 837 2977 et
872 2921 936 2978 in
973 2922 1116 2997 ipso
1153 2923 1344 2982 video
1380 2941 1551 3000 quae
1590 2924 1972 3001 frequenter
2007 2926 2270 3001 loquor,
2310 2932 2377 2984 et
2424 2941 2595 3000 quae
2646 2922 3209 2998 interrogantibus
3256 2919 3336 2978 de
3372 2917 3498 2986 ful-¹

414 3033 572 3093 gore
620 3022 1002 3097 praedictae
1038 3025 1326 3086 viventis
1376 3027 1547 3087 lucis
1582 3028 1973 3104 respondeO.

505 3125 574 3182 In
608 3126 868 3187 duobus
921 3130 1143 3206 itaque
1187 3131 1425 3204 modis,
1482 3133 1740 3192 scilicet
1788 3134 2095 3208 corporis
2142 3136 2209 3193 et
2261 3134 2545 3207 animae,
2585 3148 2688 3191 me
2723 3132 2934 3206 ipsam
2985 3130 3237 3202 nescio,
3287 3132 3354 3186 et
3390 3141 3496 3184 me

415 3230 607 3303 quasi
643 3246 761 3304 pro
798 3231 1004 3293 nihilo
1040 3242 1375 3309 computo,
1411 3239 1616 3311 atque
1651 3237 1716 3295 in
1753 3236 1963 3297 Deum
1997 3237 2224 3297 vivum
2265 3237 2559 3311 intendo,
2600 3243 2667 3296 et
2700 3235 2923 3295 omnia
2964 3234 3127 3293 haec
3163 3232 3261 3291 illi
3295 3230 3496 3290 relin-

416 3348 568 3408 quo,
621 3341 951 3409 quatenus
1001 3339 1143 3411 ipse
1177 3340 1291 3414 qui
1326 3354 1447 3398 nec
1482 3340 1703 3414 finem,
1753 3355 1876 3400 nec
1913 3341 2177 3400 initium
2206 3340 2435 3414 habet,
2474 3341 2540 3399 in
2574 3340 2883 3400 omnibus
2918 3338 3070 3398 istis
3104 3354 3143 3396 a
3176 3335 3350 3394 malo
3385 3347 3491 3391 me

418 3446 790 3500 conservet.
825 3441 1007 3500 Unde
1039 3449 1107 3502 et
1141 3445 1234 3514 tu,
1272 3443 1388 3519 qui
1421 3443 1585 3504 haec
1618 3445 1821 3505 verba
1849 3445 2151 3521 quaeriS,
2192 3461 2340 3504 cum
2382 3444 2692 3504 omnibus
2729 3445 2864 3503 illis
2889 3444 3005 3520 qui
3032 3443 3178 3518 ipsa
3212 3439 3497 3500 fideliter

415 3541 646 3601 audire
693 3542 1095 3621 desiderant,
1148 3563 1268 3622 pro
1303 3563 1408 3607 me
1441 3564 1580 3623 ora,
1636 3554 1709 3608 ut
1745 3548 1809 3607 in
1845 3549 2172 3608 servitute
2221 3548 2337 3607 Dei
2372 3564 2818 3624 permaneam.

504 3645 628 3704 Sed
662 3652 727 3706 et
762 3649 854 3721 tu,
893 3664 929 3708 o
965 3649 1057 3709 fili
1090 3650 1230 3725 Dei,
1282 3653 1397 3727 qui
1433 3652 1619 3711 illum
1657 3653 1724 3710 in
1757 3652 1882 3712 fide
1916 3652 2209 3728 quaeris,
2260 3658 2327 3712 et
2360 3653 2474 3729 qui
2510 3653 2593 3713 ab
2629 3654 2775 3729 ipso
2802 3653 2985 3729 petis
3027 3657 3102 3711 ut
3136 3655 3201 3711 te
3250 3650 3486 3722 salvet,

419 3753 683 3812 attende
731 3755 1024 3829 aquilam
1059 3774 1096 3816 a
1129 3757 1386 3818 duabus
1433 3760 1560 3819 alis
1594 3760 1736 3818 suis
1771 3759 1852 3820 ad
1886 3759 2131 3819 nubem
2162 3759 2521 3833 volantem,
2568 3754 2616 3838 ⁵)
2663 3775 2834 3836 quae
2883 3766 3106 3821 tamen
3152 3759 3208 3817 si
3261 3758 3327 3817 in
3358 3772 3488 3818 una

420 3858 728 3933 laeditur,
780 3876 981 3935 super
1015 3864 1263 3923 terram
1312 3864 1583 3935 residet,
1634 3879 1756 3923 neo
1797 3880 1869 3923 se
1919 3864 2146 3923 levare
2194 3866 2438 3940 potest,
2490 3880 2643 3924 cum
2692 3880 2765 3923 se
2813 3864 3096 3924 libenter
3136 3862 3218 3922 ad
3266 3862 3493 3922 volan-

389 4031 394 4038 ·
422 3961 580 4022 dum
613 3963 926 4024 elevaret:
962 3965 1061 4025 sic
1093 3967 1297 4026 etiam
1331 3966 1527 4028 homo
1561 3984 1712 4028 cum
1745 3969 2006 4030 duabus
2041 3970 2170 4029 alis
2204 3969 2701 4042 rationalitatiS,
2738 3969 2998 4028 scilieet
3029 3983 3181 4027 oum
3212 3965 3495 4025 scientia

418 4065 572 4126 boni
607 4072 674 4126 et
707 4068 866 4128 mali
899 4069 1103 4143 volat,
1143 4069 1235 4129 ita
1269 4075 1341 4128 ut
1370 4069 1640 4131 dextera
1673 4066 1720 4149 ⁶)
1757 4073 1865 4131 ala
1900 4072 2184 4132 seientia
2233 4071 2407 4132 bona
2441 4072 2552 4145 sit,
2590 4078 2656 4131 et
2686 4071 2966 4130 sinistra
2999 4069 3281 4130 scientia
3314 4065 3491 4126 mala

417 4176 544 4245 est,
595 4177 661 4231 et
695 4172 870 4231 mala
917 4173 1129 4234 bonae
1178 4174 1538 4249 ministrat,
1590 4175 1895 4252 bonaque
1942 4192 2063 4252 per
2094 4176 2340 4236 malam
2390 4175 2655 4235 acuitur
2699 4180 2768 4234 et
2810 4175 3087 4250 regitur,
3138 4172 3306 4233 etin
3338 4187 3498 4232 cun-

420 4275 548 4333 ctis
595 4290 715 4350 per
765 4275 949 4335 illam
997 4278 1267 4352 sapiens
1307 4277 1616 4339 efficitur.
1654 4279 1705 4338 O
1737 4278 1938 4339 chare
1973 4279 2066 4339 fili
2113 4279 2254 4353 Dei,
2304 4278 2481 4338 Deus
2515 4278 2660 4339 alas
2709 4279 3028 4338 scientiae
3078 4282 3231 4337 tuae
3277 4275 3362 4335 ad
3399 4291 3500 4334 re-

421 4382 526 4438 cta
577 4379 814 4438 itinera
849 4382 1083 4454 elevet,
1139 4381 1229 4441 ita
1263 4382 1436 4458 quod
1475 4383 1530 4441 si
1566 4391 1915 4459 peccatum
1948 4400 2028 4443 ex
2076 4389 2277 4458 gustu
2327 4383 2591 4456 lambis,
2644 4383 2958 4459 quoniam
3006 4382 3105 4441 sic
3153 4388 3350 4441 natus
3400 4396 3496 4453 eS,

420 4482 594 4556 quod
662 4482 804 4541 sine
883 4492 1156 4559 peccato
1219 4502 1370 4545 esse
1450 4503 1578 4546 non
1642 4487 1888 4563 possiS‚
1941 4487 2275 4563 operando
2342 4491 2564 4546 tamen
2626 4485 2792 4546 illud
2854 4503 2986 4546 non
3044 4485 3381 4559 eomedaS,
3434 4489 3501 4544 et

419 4588 577 4644 tunc
602 4583 767 4643 bene
795 4587 995 4647 volas,
1039 4588 1200 4648 Nam
1227 4590 1538 4650 coelestis
1566 4590 1911 4650 harmonia
1937 4591 2017 4650 de
2048 4590 2314 4649 homine
2356 4591 2455 4650 sic
2501 4590 2808 4664 faciente,
2857 4589 2990 4649 Deo
3031 4595 3279 4664 cantat,
3318 4587 3507 4648 illum

421 4688 728 4760 laudanS,
765 4691 921 4765 quia
955 4691 1301 4753 cinerosus
1353 4694 1548 4754 homo
1582 4694 1786 4755 Deum
1824 4701 2083 4755 tantum
2118 4695 2369 4770 diligit,
2420 4696 2596 4771 quod
2632 4701 2904 4772 propter
2934 4694 3142 4754 Deum
3177 4710 3249 4753 se
3285 4694 3503 4769 ipsum

498 4907 540 4974 ¹)
566 4910 872 4982 aliquando
898 4911 989 4968 W.
1019 4942 1087 4952 -
1111 4913 1157 4980 ²)
1194 4912 1453 4970 Nondum
1481 4913 1625 4969 mihi
1656 4930 1919 4986 pervene·
2004 4912 2051 4979 ⁸)
2070 4931 2282 4986 epa-am
2299 4914 2443 4971 solet
2462 4914 2709 4972 scribere
2724 4912 3103 4983 Hildegardis.
3124 4941 3189 4951 -
3210 4910 3253 4974 ⁴)
3268 4909 3384 4964 Vix
3398 4908 3500 4963 8Ῑί-

427 4999 515 5050 rat
563 4997 699 5053 haec
746 4997 1016 5069 epistola,
1066 4998 1289 5069 quando
1343 5016 1398 5071 p.
1440 5003 1473 5052 2
1511 4999 1820 5071 superiore.
1860 4998 1921 5054 in
2009 5000 2069 5057 bi
2098 5001 2461 5071 Hildegardis
2496 5001 2699 5058 retulit
2736 4998 3085 5057 luculentius
3120 4995 3340 5051 animae
3364 5008 3499 5050 suae

428 5086 561 5136 nota
580 5087 635 5145 2,
664 5082 904 5140 latinum
933 5099 1243 5141 sermonem
1273 5084 1604 5155 Hildegardi
1635 5085 1923 5143 vindicare
2010 5103 2227 5146 arcana.
2259 5091 2387 5155 -⁵)
2428 5088 2655 5161 Apocnl.
2685 5085 2815 5142 ΧΠ.
2845 5088 2897 5141 4.
2930 5116 2996 5126 -
3018 5085 3065 5153 ⁸)
3091 5085 3287 5140 dextra
3315 5079 3404 5136 W.

429 5170 745 5235 studebam,
772 5173 824 5227 id
851 5173 1000 5244 quod
1029 5187 1177 5229 nunc
1199 5177 1354 5228 extra
1377 5188 1542 5228 omne
1565 5172 1799 5229 dubium
1823 5179 1926 5230 cst.

3638 656 3665 669 Ἢ..
