4036 6117
1858 451 1909 496 S.
1963 453 2505 503 HILDEGARDIS

1703 674 2006 738 INCIPIT
2055 678 2265 743 PARS
2312 681 2642 753 QUARTA

704 830 773 886 In
800 848 914 903 qua
936 836 1462 906 comprehenduntur
1485 843 1609 899 ista:
1634 846 1895 916 profectio
1919 851 2040 918 ejus
2064 851 2141 904 ad
2162 852 2593 910 reconciliandos
2615 855 2835 912 clericos
2859 857 3242 923 Condemna-
3265 866 3545 936 sortiwdo
3568 868 3735 938 spiri·

632 910 719 958 tus
744 904 922 975 ipsius
946 906 1008 958 in
1031 906 1349 976 infirmitate
1371 914 1579 972 carnis:
1603 916 1913 972 exhortatio
1937 920 2013 975 ad
2038 921 2334 993 discipulos
2355 925 2560 993 fientes:
2597 928 2825 983 invectio
2852 932 2914 984 in
2938 929 3232 988 Diabolum
3256 937 3503 991 insidias
3525 953 3732 1008 paran-

632 980 756 1033 tem,-
792 976 1011 1029 animae
1032 979 1325 1048 miqrantis
1359 982 1436 1035 ad
1458 987 1660 1039 coelum
1683 1004 1719 1042 a
1744 992 1944 1043 sanctis
1980 1007 2100 1044 cum
2124 994 2370 1063 tripudio
2405 998 2809 1051 occurrentibus
2839 1001 3259 1071 gratulabunda
3282 1010 3583 1079 susceptio:
3618 1023 3734 1060 oar·

627 1046 717 1098 nis
754 1048 996 1099 mortuae
1030 1048 1308 1102 mirabilis
1346 1053 1407 1105 in
1441 1052 1678 1110 decorem
1711 1062 1965 1118 matutim-
2004 1060 2357 1116 Pictavorum
2393 1070 2443 1119 et
2486 1064 2829 1122 Turonorum
2862 1071 2929 1125 de
2952 1074 3290 1133 vendicanda
3327 1078 3400 1131 ab
3437 1077 3731 1131 alterutris

620 1130 843 1198 corpore
878 1116 1102 1171 suborta
1125 1123 1416 1180 contendo:
1451 1126 1688 1194 ejusdem
1708 1133 1952 1199 corporis
1976 1131 2054 1185 ad
2089 1133 2275 1187 urbem
2304 1132 2629 1191 Turonis-am
2658 1138 2881 1199 relatio:
2917 1144 3280 1217 triumphalis
3314 1153 3365 1203 et
3391 1148 3455 1203 d·
3496 1163 3582 1202 na
3610 1164 3730 1201 επ-

629 1201 892 1257 quiarum
925 1187 997 1241 ab
1020 1192 1168 1243 omni
1202 1189 1550 1250 ecclesiastico
1585 1198 1780 1255 ordine
1812 1200 2123 1263 celebratio:
2158 1206 2394 1259 nominis
2428 1211 2478 1261 et
2507 1206 2622 1262 diei
2658 1210 2915 1266 natalitii
2947 1215 3070 1282 ejus
3095 1233 3200 1288 per
3232 1233 3413 1274 omnes
3504 1216 3732 1274 eclesiae

623 1260 808 1328 partes
831 1256 1040 1326 diffusa
1064 1263 1114 1313 et
1137 1259 1387 1315 solemnis
1410 1270 1707 1324 veneratio.

1941 1436 2403 1501 Coxcnosm

624 1589 778 1655 Quid
803 1591 965 1662 plura
1000 1594 1257 1652 tandem?
1282 1597 1578 1671 Optimum

699 1660 1050 1719 Reconditur
1076 1668 1470 1738 margaritum,

696 1731 884 1798 Quum
915 1732 1092 1791 luerit
1115 1745 1525 1809 opportunum.

701 1801 979 1860 Creditori
1011 1810 1433 1879 reposcendum.
2331 1823 2516 1894 Ipsius
2548 1824 2713 1882 miles
2740 1825 3009 1901 inclytus.

629 1872 738 1928 Sed
761 1875 911 1945 quod
937 1876 1065 1933 dico
1091 1881 1481 1943 reconditum?
2254 1895 2367 1953 Nec
2394 1895 2685 1966 spargitur
2719 1895 2987 1957 diffusius

697 1943 888 2068 ssuum
907 1962 1014 2071 fer
1039 1950 1232 2006 orbem
1262 1954 1591 2014 universum
2328 1964 2537 2021 Sancto
2563 1982 2769 2023 nomen
2796 1968 3064 2042 alicujus.

746 2022 879 2071 anta
931 2034 1031 2074 uce
1057 2022 1436 2093 resplendeat,
2325 2036 2438 2092 Nec
2462 2037 2763 2109 quisquam
2793 2039 2934 2097 locis
2965 2043 3226 2114 pluribus

701 2085 775 2142 Ut
802 2088 1022 2143 nullum
1051 2108 1279 2163 prorsus
1305 2097 1513 2155 lateat?
2327 2105 2447 2162 Coli
2478 2107 2660 2164 scitur
2685 2110 2985 2170 celebrius,

629 2156 769 2212 Nam
796 2159 961 2230 qu’us
989 2162 1289 2221 natalitius
2254 2178 2395 2233 Nam
2421 2177 2553 2248 quis
2579 2185 2802 2251 praeter
2828 2188 3065 2239 matrem
3091 2184 3216 2249 Dei.

701 2228 892 2286 Sancti
920 2229 1020 2285 Dei
1048 2234 1361 2293 solemnius
2329 2247 2460 2305 Sive
2486 2249 2779 2306 beatorum
2811 2253 2978 2318 coeli.

701 2298 1032 2356 Celebratur
1057 2305 1129 2359 ab
1153 2308 1420 2365 omnibus
2328 2318 2438 2373 'I’ot
2462 2319 2622 2378 dives
2648 2327 2738 2378 est
2761 2323 3036 2381 ecclesiis.

700 2370 1094 2444 Redemptoris
1121 2376 1406 2437 fidelibus„
2329 2388 2436 2445 ‘rot
2462 2390 2712 2465 locuples
2748 2394 3074 2451 coenobiis?

629 2439 901 2513 Exceptis
928 2444 1141 2514 paucis».
1171 2448 1272 2504 alii
2255 2460 2413 2527 Quae
2441 2460 2646 2520 clvitas
2675 2463 2760 2519 vel
2787 2466 3061 2548 oppidum

703 2512 1039 2570 Sanctorum
1066 2518 1373 2587 patrocinii
2330 2531 2454 2586 Non
2481 2532 2653 2590 habet
2678 2539 2992 2593 oratorium

705 2582 898 2641 Certos
924 2585 1064 2641 fines
1090 2588 1303 2646 habent
1329 2591 1441 2656 sui,
2331 2601 2591 2667 Martini,
2620 2605 2667 2661 si
2697 2621 2807 2661 non
2835 2606 3094 2679 pignore.

707 2653 827 2710 Non
856 2671 1257 2731 usquequaque
1282 2664 1517 2734 cogniti.
2332 2673 2547 2729 Saltem
2575 2675 2825 2733 dicatum
2855 2678 3116 2735 nomIne?

634 2722 748 2780 Hic
775 2731 1045 2809 patronus
1072 2732 1349 2796 generalis
1373 2803 1386 2815 '
2261 2744 2634 2828 Quocumque
2660 2747 2848 2810 vadas,
2878 2749 3094 2833 venias,

706 2796 779 2851 Et
809 2801 986 2853 totius
1016 2804 1236 2869 praesul
1264 2805 1441 2868 orbus.
2334 2815 2394 2871 s·
2424 2830 2605 2886 roges.
2635 2832 2750 2874 sem
2827 2835 2855 2873 r
2880 2820 3097 2878 audias:

703 2868 828 2923 Jam
855 2883 886 2922 a
912 2871 1137 2927 cunctis
1162 2874 1446 2930 excolitur
2335 2884 2491 2943 naec
2524 2889 2611 2943 vel
2639 2887 2737 2944 illa

705 2937 984 3010 Nullaque
1010 2947 1158 2997 meta
1187 2945 1512 3015 stringitur.

633 3008 970 3067 Exeundum
997 3013 1135 3070 orbe
1163 3015 1297 3081 erit,

705 3079 818 3146 Qui
843 3082 1080 3140 Martini
1110 3087 1363 3144 noluerit

706 3151 812 3208 Vel
839 3155 1124 3226 supplices
1152 3174 1264 3212 nou
1295 3157 1507 3224 videre.

707 3221 813 3278 Vel
840 3225 1049 3293 glorias
1075 3241 1186 3282 non
1213 3229 1428 3288 audire.

2257 1611 2497 1681 Quoquo
2521 1610 2784 1669 Christus
2822 1617 3154 1676 nominatur

2329 1682 2449 1737 Rex
2475 1684 2731 1739 omnium
2761 1690 2820 1741 et
2847 1688 3144 1756 Dominus.

2326 1753 2450 1808 Jam
2476 1753 2761 1810 Martinus
2787 1757 3100 1818 honoratur

2805 2889 3003 2948 asilIca

2335 2955 2571 3014 Martini
2599 2963 2686 3014 est
2710 2960 2966 3019 ecclesia.

2262 3027 2475 3099 Nempe
2503 3028 2564 3084 in
2594 3029 2692 3086 tali
2724 3047 2980 3096 munere,

2334 3098 2632 3169 Largiente
2659 3117 2762 3159 suo
2793 3117 2942 3172 rege.

2334 3169 2401 3223 ln
2427 3185 2601 3239 regno
2628 3172 2888 3244 princeps
2916 3172 3123 3230 tertius

2332 3239 2433 3295 Est
2462 3241 2571 3296 iste
2598 3243 2763 3300 miles
2791 3244 3093 3302 maxImus.

633 3290 777 3356 Quis
803 3295 1057 3353 hominis
1081 3313 1285 3356 nomen
1314 3300 1437 3358 e‘us
2262 3309 2352 3365 Ob
2379 3311 2484 3367 hoc
2512 3311 2904 3372 ineffabilibus
3019 3384 3032 3398 ·

709 3363 832 3420 Non
859 3367 1044 3432 audit,
1079 3369 1188 3426 nisi
1216 3386 1315 3427 sur
1357 3375 1454 3428 us?
2333 3382 2513 3438 Purae
2539 3385 2747 3442 mentis
2772 3387 3169 3449 concentibus.

705 3434 849 3501 Quis
876 3437 1026 3496 hunc
1057 3446 1225 3504 tacet.
1256 3441 1368 3500 nisi
1398 3448 1623 3501 mutus?
2334 3451 2464 3508 Sem
2540 3470 2569 3508 r
2593 3458 2939 3513 exaltantem
2968 3472 3097 3512 eum

710 3503 781 3559 Et
808 3508 938 3577 quis
970 3511 1173 3575 nescit,
1203 3511 1313 3568 nisi
1343 3515 1568 3570 nullus?
2334 3523 2450 3579 Lau
2492 3541 2650 3583 emus
2675 3542 2862 3597 regem
2888 3527 3165 3584 omnium.

975 3676 1268 3753 Explicit
1323 3679 1487 3740 liber
1514 3687 2003 3761 panaeqyricus
2037 3707 2077 3747 a
2112 3686 2423 3748 Guiberto
2474 3690 2926 3755 Gemblacensi
2958 3695 3044 3754 ad
3086 3694 3395 3753 eumdem

1679 3774 2072 3852 Philippum
2105 3780 2425 3853 rythmice
2460 3781 2699 3841 editus.

711 3932 914 4008 Incipit
939 3936 1160 3995 libellus
1195 3942 1454 3997 secundus
1479 3948 1528 3998 et
1564 3950 1763 4001 tractat
1787 3946 1853 4001 de
1887 3948 2213 4019 specialibus
2236 3950 2381 4006 beati
2416 3949 2655 4009 Martini
2678 3955 3106 4018 veneratoribus,
3145 3959 3447 4039 influanta
3482 3955 3734 4011 videlicet

634 4003 1003 4089 admiratione
1025 4015 1075 4065 et
1099 4011 1375 4069 devotione
1408 4017 1665 4099 memoria
1685 4021 1829 4141 {ju-s-
1840 4017 1911 4071 ab
1933 4021 2185 4091 antiquis
2207 4019 2400 4076 habita
2423 4026 2815 4148 sitzsquarnque
2837 4026 3028 4081 sedula
3050 4042 3315 4150 ⁸1¹}qfu‘p‘u
3348 4023 3581 4149 cultos-es
3623 4112 3729 4150 ‘u-

636 4078 3471 4229 {zz‘ffifflwzzearmff...tarnem·0„..‚..“‘1⁹‚:‡;·:⁸..⁸⁶1’.“r..22..22032r...
3504 4194 3572 4203 ..
3598 4163 3726 4220 ⁶..-

639 4231 737 4271 rus
761 4219 950 4283 abbas,
989 4251 1056 4260 —
1080 4221 1362 4278 Maoeimus
1399 4225 1774 4283 Cainonensis.
1806 4259 1873 4266 —
1910 4228 2089 4285 Heros
2113 4231 2455 4289 Arelatensis.
2501 4265 2567 4273 —
2596 4234 2681 4289 IX
2718 4233 2940 4291 Fratres
2985 4234 3168 4292 Gothi.
3213 4266 3281 4275 —
3317 4235 3430 4292 VII
3433 4310 3443 4320 ·
3457 4235 3730 4307 patrueles

637 4289 784 4355 ejus,
819 4290 956 4346 dicti
989 4291 1368 4352 Dormientes.
1403 4326 1464 4335 ·—
1497 4296 1809 4354 Florentius
1835 4298 2217 4356 Salmurensis.
2263 4333 2330 4342 —-
2369 4301 2679 4361 Ambrosius
2702 4304 3142 4362 Mediolanensis.
3167 4335 3234 4346 -·
3254 4304 3727 4389 severinus-Colo·

640 4359 860 4413 niensis.
893 4390 962 4399 -—
1001 4361 1254 4420 Briccius
1284 4365 1624 4423 Turonensis.
1670 4370 1816 4454 —·1²
1941 4376 2070 4427 tuus
2112 4370 2241 4428 Tur.
2272 4403 2339 4413 -—
2366 4375 2612 4430 Herveus
2654 4374 2783 4431 Tur.
2825 4406 2891 4414 —
2932 4375 3178 4434 Nicetius
3220 4376 3304 4431 Lu
3343 4378 3616 4432 dunems.
3653 4405 3721 4414 —-

643 4425 985 4485 Fortunatus
1012 4432 1387 4493 Pictaviensis.
1425 4468 1489 4478 -
1520 4438 1818 4511 Greyortus
1892 4445 2193 4498 uronensis.
2220 4474 2287 4482 —
2312 4441 2612 4502 Germanus
2640 4446 2991 4502 Parisiensis.
3022 4479 3085 4487 —-
3114 4448 3273 4531 Ama·
3329 4463 3397 4504 us
3428 4447 3729 4590 Trmten-

643 4499 1277 4632 slia——Bfflmup
1311 4507 1660 4642 elegeam·
1704 4539 1770 4548 —
1797 4512 2054 4574 Aredius,
2093 4544 2157 4553 —
2192 4513 2479 4586 Trojanus.
2526 4548 2593 4556 —-
2621 4516 2881 4573 Brachia.
2926 4549 2993 4556 —
3042 4516 3356 4575 Venenum.
3389 4549 3453 4558 -—
3676 4534 3729 4570 r·

645 4726 913 4793 Martine,
942 4746 1042 4801 par
1066 4734 1359 4804 apostolis.

2337 4745 2589 4801 Laudum
2623 4746 2729 4801 tibi
2762 4747 3034 4804 solemnia

721 4799 878 4863 Vita,
908 4802 1038 4866 fide,
1068 4804 1380 4869 miraculis,
1434 4824 1436 4827 ⁴

2336 4816 2803 4874 concelebramus
2829 4817 3043 4874 munia.

723 4993 765 5058 ¹)
792 4993 864 5049 cl.
909 5008 1074 5064 supra
1114 5013 1166 5067 p.
1208 4998 1334 5060 ⁴40,
1367 5027 1424 5035 —-
1454 5000 1498 5059 2)
1538 4999 1670 5054 Post
1707 4999 2143 5067 Columbanum‚
2228 5021 2361 5077 pum
2377 5008 2636 5086 patiente.
2664 5004 2719 5085 Is
2743 5008 2864 5059 erat
2888 5003 3187 5086 episcopus
3207 5005 3534 5087 Leodiensis
3555 5007 3723 5063 XLV.

608 5065 813 5144 -plura
864 5066 1093 5148 nomina
1147 5081 1278 5122 cum
1330 5069 1485 5124 brevi
1539 5071 1767 5141 rythmo
1827 5079 2146 5157 sequuntur
2238 5091 2466 5157 nomme
2503 5076 2781 5157 Eracllus,
2822 5091 2969 5131 anuo
3008 5081 3419 5157 incarnationis
3458 5080 3579 5133 959.
3627 5085 3726 5132 aut

649 5139 801 5189 mter
819 5149 962 5204 quae
986 5137 1195 5205 legitur
1217 5145 1267 5193 et
1295 5145 1615 5196 annotatur:
1652 5166 1669 5188 ι
1707 5143 2041 5215 Deepzscopo
2064 5146 2143 5200 Iu-
2236 5163 2406 5210 circa,
2435 5162 2531 5216 qun
2563 5147 2712 5201 claro
2752 5147 3023 5201 Saxorum
3065 5162 3337 5215 sanguine
3376 5153 3533 5201 ortus
3562 5152 3661 5203 est.
3705 5171 3723 5194 ι
