4036 6117
1568 521 2060 571 Paeonum!
3176 514 3270 563 XV

1704 781 1916 855 VIII.

377 1041 764 1131 Recensita,
801 1063 961 1113 cum
995 1036 1452 1134 Hildegardis
1488 1037 1654 1128 vita,
1691 1036 1869 1107 serie
1906 1036 2215 1109 omnium
2259 1013 2699 1131 scriptorum,
2737 1045 3050 1132 superest
3087 1045 3165 1110 ut
3203 1062 3374 1134 pau·-

290 1170 382 1242 cis
411 1170 726 1242 dicamus
774 1167 1026 1265 quanti
1075 1166 1315 1240 eadem
1372 1165 1659 1238 valeant
1693 1164 1841 1236 sive
1876 1162 2224 1258 theologo,
2279 1163 2428 1235 sive
2460 1163 2813 1256 historico,
2868 1163 3015 1235 sive
3059 1174 3378 1237 veterum

294 1299 492 1372 medii
527 1298 686 1371 aevi
719 1298 1115 1370 litterarum
1153 1297 1483 1369 studioso.
1710 1268 1720 1277 ’

383 1428 648 1501 Notare
683 1436 848 1499 ante
882 1425 1118 1498 omnia
1153 1431 1487 1520 praestat,
1526 1422 1800 1496 nullum
1835 1422 2021 1495 inter
2054 1422 2414 1517 theologos
2440 1421 2783 1494 hactenus
2818 1423 3183 1507 inventum
3213 1448 3382 1516 esse,

294 1556 406 1652 qui
458 1577 756 1627 censura
806 1551 1125 1648 attigerit
1175 1551 1487 1623 diversos
1520 1550 1754 1639 libros,
1809 1557 1998 1623 certo
2033 1550 2193 1645 jure
2235 1549 2653 1644 Hildegardi
2708 1548 3188 1644 assignandos.
3227 1548 3392 1624 Non

296 1694 392 1755 est
439 1682 627 1754 enim
685 1681 795 1753 vel
846 1704 986 1753 uno
1036 1679 1318 1775 quidem
1371 1678 1555 1751 oculi
1609 1677 1754 1749 ictu
1803 1676 2118 1773 dignum,
2174 1676 2407 1750 nescio
2460 1677 2670 1771 quale
2738 1678 3201 1773 mendacium,
3266 1704 3428 1767 ne-,

298 1815 431 1886 scio
480 1837 665 1910 quae
716 1812 1056 1886 vaticinia
1108 1811 1443 1883 adversus
1494 1811 1679 1884 viros
1729 1833 1981 1903 sacroS,
2030 1811 2278 1907 putida
2321 1810 2834 1883 haereticorum
2886 1811 3199 1885 inventa.
3253 1815 3392 1888 Sed

300 1946 502 2018 etiam
539 1944 729 2042 apud
762 1964 1083 2016 censores
1115 1942 1274 2038 plus
1307 1941 1539 2012 minus
1570 1962 1841 2035 graves,
1878 1940 2000 2035 qui
2028 1940 2387 2032 morosius,
2421 1940 2771 2019 interdum
2803 1924 3078 2032 acriter,
3109 1966 3399 2042 carpere

303 2098 434 2147 non
469 2076 888 2147 dubitarunt
937 2096 1197 2168 magna
1248 2070 1535 2145 nomina
1585 2068 1979 2160 Gertrudis,
2034 2068 2484 2159 Mechtildae,
2523 2068 2891 2166 Brigittae,
2946 2072 3401 2149 Elisabethae

304 2204 911 2299 Schonaugiensis,
965 2201 1236 2274 Mariae
1287 2199 1372 2272 de
1425 2199 1732 2295 Agreda,
1789 2200 2109 2272 invenire
2151 2223 2261 2271 me
2296 2223 2437 2271 non
2472 2199 2754 2271 memini
2792 2223 3215 2297 quemquam
3255 2228 3404 2278 eas-

305 2328 453 2401 dem
489 2329 584 2401 ab
616 2327 1050 2424 Hildegarde
1085 2325 1533 2423 exceptiones
1569 2332 2020 2423 repetentem.
3022 2418 3036 2430 ·

401 2456 685 2528 Etenim
720 2456 777 2527 si
812 2455 970 2550 quis
1003 2455 1421 2528 severiorem
1458 2454 1847 2529 admoverit
1882 2455 2242 2549 trutinam,
2282 2481 2423 2552 qua
2459 2459 2754 2555 mystica
2793 2459 2857 2531 id
2896 2487 3118 2558 genus
3143 2467 3410 2564 scripta

314 2586 865 2683 perpenduntur,
918 2586 991 2658 in
1043 2586 1410 2658 dexteram
1460 2592 1528 2659 et
1579 2586 1837 2657 bonam
1877 2585 2151 2658 lancem
2195 2587 2423 2682 'premi
2460 2587 3023 2684 Hildegardiana
3059 2596 3407 2689 probabit.

313 2712 915 2803 Commendantur
945 2712 1154 2805 enim,
1193 2712 1294 2786 uti
1334 2720 1594 2802 nostra,
1648 2711 1824 2784 haec
1874 2735 2089 2809 opera
2137 2726 2283 2784 turn
2339 2715 2647 2787 maxime
2682 2741 2895 2811 quum
2952 2721 3039 2792 ad
3078 2721 3415 2799 honorem

312 2842 440 2915 Dei
476 2852 550 2915 et
583 2842 947 2913 hominum
983 2839 1279 2913 salutem
1312 2848 1553 2936 aperte
1580 2841 2001 2936 conducunt,
2041 2866 2258 2936 quum
2296 2866 2435 2914 non
2472 2844 2854 2918 abhorrent
2883 2848 2973 2920 ab
3001 2874 3081 2922 eo
3109 2852 3417 2926 scriben-

311 2970 378 3042 di
414 2993 499 3043 ac
554 2969 832 3042 dicendi
894 2969 1095 3041 modo
1154 2968 1277 3066 qui
1315 2968 1627 3066 probatis
1677 2968 1767 3041 ab
1819 2967 2136 3040 Ecclesia
2190 2970 2359 3041 viris
2410 2973 2850 3070 attribuitur,
2905 3001 3119 3072 quum
3175 2982 3420 3055 simili·

315 3098 631 3170 tudinem
694 3104 947 3192 gerunt
1004 3120 1163 3169 cum
1224 3096 1310 3168 iis
1360 3096 1789 3168 thematibus
1841 3096 1927 3168 de
1975 3095 2231 3192 quibus
2283 3121 2418 3168 non
2476 3098 2899 3195 dubitamus3
2953 3129 3169 3199 quum
3206 3110 3421 3185 etiam

318 3225 579 3298 effectu
632 3224 1089 3321 complentur,
1144 3223 1521 3319 liberisque
1573 3230 1641 3295 et
1686 3222 1970 3296 remotis
2021 3222 2227 3295 factis
2259 3229 2825 3323 comprobantur,
2872 3256 3089 3326 quum
3143 3236 3422 3314 demum

325 3351 806 3447 contemplata
855 3349 1003 3423 sive
1054 3357 1287 3422 mente
1337 3350 1484 3422 sive
1534 3350 1755 3423 oculis
1786 3349 2188 3446 spectacula
2223 3351 2295 3422 in
2333 3351 2473 3424 alio
2510 3352 2772 3425 lumine
2804 3370 3197 3457 versantur,
3242 3369 3431 3461 quod

326 3492 473 3555 toto
513 3506 767 3577 genere
800 3506 845 3555 a
874 3482 1142 3555 lumine
1179 3482 1489 3556 naturali
1544 3482 1896 3554 diversum
1950 3490 2054 3554 est
2090 3481 2225 3576 (Cf.
2264 3486 2439 3555 Eus.
2476 3484 2722 3557 Amort
2770 3491 2850 3558 de
2900 3477 3436 3571 Revelationibus

328 3619 448 3683 etc.
488 3613 593 3682 ed.
640 3610 862 3682 Venet.
897 3616 1089 3684 1740
1110 3635 1189 3702 p.
1226 3616 1294 3700 7,
1331 3614 1450 3698 50,
1505 3613 1621 3698 73,
1656 3614 1769 3698 77,
1812 3613 1929 3697 79,
1965 3606 2086 3697 80,
2127 3612 2267 3680 189
2299 3611 2473 3706 etc..)
2529 3609 2724 3697 Quae
2759 3637 2972 3708 quum
3013 3620 3249 3691 omnia
3298 3622 3437 3696 huc

327 3746 779 3826 concurrunt,
834 3736 1013 3809 adde
1062 3736 1249 3831 quod
1309 3734 1769 3830 Hildegardis
1817 3758 1891 3807 se
1948 3734 2353 3807 humilitate
2411 3737 2672 3808 eximia
2719 3742 3279 3817 constantissime
3325 3748 3430 3819 di·

334 3866 585 3957 mittit,
643 3863 981 3936 modestia
1031 3862 1384 3959 splendet,
1440 3861 1892 3957 simplicitate
1944 3860 2194 3957 pollet,
2259 3860 2449 3933 haud
2513 3862 2794 3956 ingenio
2857 3879 3232 3965 praecepS,
3308 3898 3439 3947 nec

339 3993 413 4064 in
456 3989 903 4087 phantasiam
941 4013 1183 4085 prona,
1219 4010 1348 4059 nec
1379 3987 1521 4058 bile
1554 3995 1711 4058 atra
1747 4010 2083 4080 moerenS,
2139 4010 2266 4058 nec
2306 3987 2577 4059 curiosa
2616 4001 2932 4085 captans3
2988 4017 3126 4066 non
3163 3998 3295 4068 nisi
3338 4000 3440 4071 in·

338 4131 703 4215 terrogata
737 4119 1128 4214 respondet,
1167 4125 1237 4190 et
1276 4116 1478 4212 quasi
1523 4124 1787 4201 coacta,
1827 4115 2336 4210 charitatisque
2392 4117 2770 4189 visceribus
2806 4131 3015 4192 mota.
3070 4123 3440 4222 Equidem,

341 4246 536 4342 quod
568 4268 879 4316 severam
915 4244 1124 4317 facile
1158 4244 1523 4316 censuram
1554 4243 1623 4314 in
1654 4243 1918 4314 femina
1954 4250 2278 4334 meretur,
2310 4267 2596 4339 carpere
2630 4245 2870 4318 debuit
2907 4250 3092 4323 viros
3118 4255 3445 4329 ecclesia-

344 4377 580 4464 sticos,
618 4377 828 4448 etiam
868 4374 1220 4471 praelatos
1254 4382 1321 4446 et
1353 4395 1625 4444 summa
1660 4372 2018 4445 Ecclesiae
2069 4373 2558 4471 societatisque
2591 4377 2847 4472 capita:
2899 4390 2974 4451 ut
3013 4407 3175 4457 vero
3210 4387 3309 4460 sic
3345 4414 3448 4464 re-

349 4506 718 4603 spondeat,
754 4504 1095 4601 premitur
1127 4502 1450 4599 precibus
1483 4523 1664 4595 quae
1690 4500 1888 4596 jussa
1922 4526 2091 4597 prae
2123 4526 2196 4574 se
2225 4502 2480 4596 ferunt,
2511 4504 2957 4599 pulsantibus
2983 4508 3172 4584 haud
3201 4514 3351 4590 sine
3383 4521 3458 4593 vi

351 4636 540 4708 fores
566 4638 820 4733 aperit,
860 4636 1254 4732 ingemiscit
1287 4644 1355 4708 et
1392 4635 1570 4707 dura
1604 4634 1893 4730 patitur,
1924 4657 2142 4730 grave
2167 4634 2419 4731 jugum
2459 4636 2683 4709 invita
2717 4638 2847 4711 sibi
2889 4641 3120 4735 potius
3155 4644 3453 4743 imponit

352 4790 571 4862 quam
608 4766 768 4838 aliis
799 4766 1132 4838 decernit.
2321 4841 2334 4850 ,

462 4900 832 4972 Caeterum
870 4900 1166 4995 quisque
1201 4900 1419 4990 novit,
1457 4900 1756 4997 privatis
1788 4899 2355 4991 revelationibus,
2396 4900 2608 4972 etiam
2648 4899 2778 4973 fide
2813 4902 3258 4998 dignissimis,
3290 4910 3463 4984 libe-

364 5051 521 5100 rum
575 5052 720 5099 esse
774 5052 1055 5123 prorsus
1086 5027 1367 5100 credere
1418 5028 1528 5099 vel
1583 5052 1722 5100 non
1758 5028 2060 5101 credere.
2120 5027 2351 5099 Etiam
2389 5028 2673 5123 quando
2717 5030 2806 5100 ab
2842 5029 3157 5103 Ecclesia
3209 5059 3464 5131 appro-

368 5158 650 5241 bantur,
694 5179 826 5225 non
869 5154 1310 5251 accipiuntur
1347 5162 1421 5227 ut
1456 5155 1631 5226 citra
1665 5154 1954 5228 dubium
2008 5156 2417 5244 credendae,
2473 5155 2592 5227 sed
2629 5165 2988 5251 tamquam
3043 5159 3462 5253 probabiles.
