4036 6117
797 446 930 507 522
1946 470 2000 517 s.
2052 470 2594 521 utnnscannis

725 585 845 648 des
881 583 1084 648 fronti
1117 604 1197 649 ac
1233 589 1646 666 tymporibus
1689 595 1757 653 et
1786 595 2044 670 pectori
2080 612 2203 657 suo
2237 597 2766 674 circumponat...
2800 599 2881 660 Et
2913 600 3038 661 hae
3070 600 3393 664 herbulae
3428 604 3685 667 virides
3714 622 3805 669 es·

724 694 798 738 se
829 678 1095 756 debent,
1134 680 1294 757 quia
1324 680 1544 742 virtus
1576 696 1810 743 earum
1844 683 1913 744 in
1952 685 2299 745 viriditate
2331 688 2694 763 praecipue
2729 689 2978 764 viget...
3015 690 3198 762 Quod
3234 694 3294 752 si
3330 694 3397 753 in
3429 694 3653 756 hieme
3684 705 3800 771 est,

721 772 968 832 herbas
1014 769 1408 847 pulverizet,
1444 775 1513 829 et
1561 771 1783 846 ipsum
1815 773 2164 848 pulverem
2208 776 2470 836 modico
2508 776 2662 838 vino
2699 793 3047 854 aspersum
3086 780 3149 840 in
3183 784 3550 843 saccellum
3585 793 3800 861 ponat,

718 869 787 926 et
821 861 1023 924 fronti
1057 877 1135 922 ac
1169 859 1590 937 tymporibus
1625 876 1704 921 ac
1737 861 1995 937 pectori
2032 870 2466 939 superponat,
2506 867 3064 941 quemadmodum
3095 870 3509 945 praedictum
3545 879 3654 935 est
3686 874 3800 951 (Cf.

721 948 1204 1025 subtilitatum,
1244 951 1566 1027 Physicae
1603 948 1766 1009 liber
1799 950 1848 1024 1,
1884 949 2163 1029 LXVII),
2215 954 2533 1030 quoniam
2565 955 2749 1015 calor
2789 955 2927 1015 vini
2969 957 3051 1017 ad
3088 961 3629 1037 restringendum
3662 980 3797 1023 san-

717 1042 986 1118 guinem
1021 1039 1235 1100 eidem
1271 1038 1530 1114 pulveri
1569 1038 1750 1098 vires
1785 1038 2041 1099 tribuit.

1758 1267 1846 1329 De
1880 1269 2071 1347 fluaeu
2107 1268 2449 1345 sanquinis
2486 1267 2560 1347 (f.
2597 1269 2778 1347 153.)

803 1478 870 1539 Si
920 1479 1073 1556 quis
1108 1478 1355 1538 fluxum
1405 1474 1752 1550 sanguinis
1787 1473 2011 1549 habet,
2065 1475 2294 1549 accipe
2327 1475 2497 1536 duos
2549 1476 2815 1539 vitellos
2848 1479 2980 1554 ovi,
3018 1486 3086 1540 et
3117 1496 3234 1541 eos
3267 1482 3699 1559 distempera,
3732 1490 3793 1544 et

712 1583 989 1628 succum
1038 1572 1247 1626 metre
1278 1564 1684 1643 (Erythraea
1730 1566 2152 1624 centaurium
2181 1564 2394 1645 mss]
2425 1564 2607 1625 Adde
2641 1573 2962 1643 quantum
3016 1569 3339 1631 medietas
3374 1572 3572 1632 unius
3614 1573 3792 1632 vitel·

710 1657 782 1731 li,
820 1664 887 1718 et
921 1657 1091 1717 aceti
1126 1661 1450 1733 quantum
1474 1654 1646 1713 duae
1670 1654 1886 1713 testae
1920 1654 2030 1712 ovi
2066 1653 2361 1727 capiunt,
2391 1657 2458 1713 et
2485 1660 2640 1713 tunc
2675 1656 3008 1716 modicum
3037 1657 3117 1717 de
3143 1661 3419 1734 pulvere
3443 1662 3791 1722 cinamomi

704 1740 738 1821 l
743 1748 1003 1807 Laurus
1052 1748 1545 1806 cinnamomum
1576 1742 1837 1822 Burm.J
1881 1746 1948 1799 et
1981 1741 2063 1800 de
2103 1743 2380 1817 pulvere
2415 1744 2633 1802 zituar
2661 1740 3043 1820 (Amomum
3091 1748 3396 1808 zedoaria
3428 1747 3527 1827 L.)
3580 1752 3792 1810 minus

710 1850 914 1911 quam
961 1834 1186 1911 pulvis
1222 1831 1581 1892 cinamomi
1615 1830 1725 1906 sit,
1763 1831 1862 1890 eis
1898 1830 2216 1903 immitte,
2255 1838 2323 1890 et
2370 1847 2523 1890 cum
2552 1830 2659 1891 his
2708 1833 2910 1894 simul
2946 1835 3301 1896 miscueris
3348 1854 3501 1898 cum
3534 1839 3789 1898 modica

707 1939 882 1999 aqua
931 1924 1156 2001 suffun
1186 1917 1230 2001 ¹)
1284 1921 1702 1997 aliquantum
1752 1920 2047 1994 spissum
2098 1919 2352 1978 interea
2386 1936 2581 1995 para,
2633 1927 2700 1980 et
2733 1920 2817 1980 da
2866 1922 2964 1982 illi
2999 1923 3113 1999 qui
3164 1925 3413 1986 ssuxum
3449 1928 3788 2002 sanguinis

705 2011 982 2088 patitur,
1013 2011 1270 2070 modice
1305 2008 1617 2083 calidum,
1648 2011 1781 2068 tam
1812 2008 2039 2084 jejuno
2074 2024 2275 2084 quam
2312 2025 2582 2085 pranSO,
2621 2010 2704 2070 ad
2739 2010 3168 2089 sorbendum,
3204 2020 3273 2074 et
3299 2016 3399 2075 sic
3430 2031 3632 2092 saepe
3667 2015 3783 2089 fac,

702 2107 770 2160 et
803 2100 1045 2161 melius
1080 2099 1370 2159 habebit.

1354 2327 1526 2387 Item
1557 2325 1638 2385 de
1671 2326 1861 2404 fluxu
1894 2326 2239 2402 sanguinis
2267 2344 2392 2403 per
2419 2329 2808 2403 posteriora.
2847 2326 2920 2406 (f.
2960 2327 3140 2409 153.)

784 2544 907 2617 Qui
955 2543 1204 2603 fluxum
1238 2535 1587 2613 sanguinis
1635 2534 1891 2612 patitur
1922 2532 2484 2596 Bramberecruth
2535 2533 2791 2613 (Bubus
2824 2539 3184 2615 siuticosus
3217 2538 3310 2613 L.,
3353 2556 3433 2600 ex
3471 2542 3783 2618 Physicae

698 2634 814 2694 lib.
849 2633 877 2692 1
911 2648 1053 2706 cap.
1094 2624 1347 2690 CLXIX
1381 2622 1922 2701 interpretandus
1956 2623 2252 2697 videtur,
2289 2624 2535 2700 quippe
2572 2626 2662 2684 ibi
2694 2626 2776 2686 de
2815 2646 2846 2683 α
2872 2627 3111 2687 Brema
3134 2645 3166 2684 ι
3206 2630 3452 2704 agitur,
3496 2648 3529 2687 ι
3557 2631 3626 2689 in
3657 2647 3780 2706 qua

696 2720 1020 2783 Bramber
1065 2715 1465 2791 crescunt»)
1517 2720 1585 2773 et
1632 2712 1738 2773 bis
1783 2714 2043 2772 tantum
2090 2711 2491 2772 Bluthcruth
2536 2711 2943 2791 (Lapathum
2991 2719 3431 2793 sanguineum
3484 2719 3775 2797 Campd.)

696 2809 1005 2885 accipiat,
1042 2812 1110 2866 et
1146 2804 1405 2865 modice
1438 2802 1695 2874 tundat,
1732 2800 1993 2860 scilicet
2029 2816 2243 2876 usque
2273 2799 2431 2860 dum
2468 2817 2744 2862 succum
2781 2803 3036 2879 reddat,
3074 2810 3141 2863 et
3175 2807 3276 2865 sic
3310 2806 3377 2865 in
3410 2807 3646 2866 vinum
3679 2824 3780 2883 po-

693 2906 834 2975 nat,
870 2903 938 2958 et
972 2897 1144 2957 inter
1174 2894 1420 2965 cibum,
1457 2896 1525 2950 et
1557 2895 1711 2967 post
1743 2888 1989 2963 cibum,
2029 2890 2146 2949 sed
2181 2906 2311 2949 non
2338 2890 2605 2965 jejunus
2651 2892 2902 2952 bibat...
2939 2893 3249 2954 Farinam
3282 2911 3556 2971 quoque
3607 2897 3779 2956 simi-

695 2990 801 3050 lae
836 2986 1144 3064 accipiat,
1181 2989 1249 3042 et
1281 2997 1360 3041 ex
1392 2997 1471 3040 ea
1513 2994 1663 3038 cum
1699 2978 1841 3037 solo
1878 2978 2075 3037 melle
2106 2983 2174 3036 et
2209 2978 2469 3038 modico
2508 2979 2648 3039 sale
2683 2981 2989 3042 tortellos
3026 2981 3257 3057 faciat,
3303 2990 3373 3043 et
3404 3001 3526 3045 eos
3572 3000 3778 3044 come-

691 3080 873 3140 dat...
922 3074 1195 3137 Interim
1240 3074 1464 3131 autem
1511 3069 1670 3128 dum
1718 3067 2174 3128 infirmitatem
2225 3067 2394 3128 hanc
2442 3070 2727 3145 patitur,
2779 3087 3016 3146 panem
3055 3072 3395 3132 triticeum
3445 3075 3772 3148 comedat,

694 3168 812 3229 sed
845 3166 1226 3241 siligineum
1258 3166 1326 3220 et
1360 3158 1761 3219 hordaceum
1796 3155 2070 3216 devitet.
2100 3156 2393 3217 Bovinas
2427 3174 2694 3234 quoque
2725 3175 2966 3220 carnes
2996 3166 3064 3219 et
3088 3163 3426 3237 porcinae,
3456 3165 3527 3222 et
3551 3180 3773 3223 omnes

689 3258 915 3333 pisces
947 3254 1062 3331 qui
1097 3265 1414 3328 squamas
1446 3263 1576 3307 non
1610 3245 1877 3319 habent,
1915 3261 1993 3305 ac
2028 3261 2300 3305 caseum
2334 3251 2402 3304 et
2434 3247 2641 3307 cruda
2676 3248 2883 3322 olera,
2920 3261 2988 3308 et
3011 3250 3221 3311 cruda
3246 3267 3470 3327 poma,
3498 3259 3569 3311 et
3594 3253 3775 3328 quid·

690 3346 849 3423 quid
900 3358 1128 3404 assum
1164 3345 1305 3409 est,
1356 3336 1628 3398 devitet.
1663 3334 1988 3411 Reliquas
2024 3341 2246 3394 autem
2281 3351 2520 3394 carnes
2552 3352 2724 3412 quae
2758 3338 2997 3400 molles
3032 3342 3216 3409 sunt,
3249 3347 3317 3400 et
3353 3341 3653 3417 reliquos
3685 3343 3775 3418 pi-

689 3450 840 3496 sces
873 3430 1203 3502 comedat,
1238 3434 1306 3488 et
1334 3427 1444 3503 jus
1471 3426 1664 3485 Pisae
1694 3423 1956 3502 (Pisum
1993 3426 2296 3496 sativum,
2332 3424 2672 3502 Tournef.)
2702 3427 2995 3499 sorbeat,
3030 3427 3244 3505 ipsam
3276 3436 3503 3489 autem
3532 3431 3765 3506 pisam,

687 3531 755 3584 et
789 3525 1060 3590 lentem,
1107 3516 1391 3596 (Ervum
1440 3517 1614 3583 lens,
1665 3511 2003 3590 Tournef.)
2042 3519 2108 3572 et
2160 3513 2380 3572 fabam
2425 3508 2645 3588 (Vicia
2688 3514 2868 3593 faba,
2904 3515 3002 3595 L.)
3052 3517 3325 3578 devitet.
3363 3518 3490 3577 Sed
3538 3526 3608 3578 et
3640 3536 3769 3579 om-

687 3628 838 3674 nem
889 3610 1113 3670 cibum
1161 3605 1453 3665 calidum
1500 3618 1581 3662 ne
1615 3601 1941 3675 comedat,
1978 3601 2096 3660 sed
2132 3608 2578 3678 temperatum
2627 3604 2945 3679 accipiat,
2986 3606 3079 3664 ita
3127 3607 3305 3682 quod
3339 3622 3464 3666 nec
3512 3608 3764 3668 calidus

686 3717 809 3761 nec
859 3697 1144 3773 frigidus
1187 3696 1277 3754 sit
1324 3691 1451 3771 (Cf.
1504 3693 1825 3767 Physicae
1876 3690 1987 3749 lib.
2037 3689 2086 3762 Ι,
2139 3706 2283 3766 cap.
2335 3691 2467 3768 VI).
2519 3690 2734 3752 Suave
2783 3709 3049 3769 quoque
3099 3696 3327 3754 vinum
3379 3695 3602 3770 bibat,
3652 3696 3763 3756 sed

681 3804 926 3866 aquam
962 3784 1225 3846 interim
1256 3782 1534 3851 devitet,
1571 3795 1743 3855 quae
1777 3777 1940 3837 haec
1973 3780 2196 3839 omnia
2230 3779 2466 3840 nociva
2502 3786 2658 3839 sunt
2690 3780 2942 3842 homini
2975 3782 3434 3844 infirmitatem
3464 3784 3635 3844 hanc
3657 3784 3765 3844 ha-

682 3879 889 3953 benti,
927 3882 1000 3936 ut
1031 3874 1234 3934 etiam
1267 3872 1350 3932 de
1382 3867 1788 3930 dissenteria
1819 3867 2069 3927 dictum
2106 3873 2231 3927 est.

1598 4097 1692 4157 De
1725 4097 2173 4172 haemoptoica
2197 4059 2527 4171 passio'ne.
2558 4093 2631 4174 (f.
2663 4094 2843 4174 154.)

764 4317 830 4378 Si
865 4313 1023 4375 mali
1059 4317 1124 4372 et
1157 4308 1453 4372 concreti
1487 4323 1565 4368 ac
1597 4304 1914 4366 venenosi
1967 4303 2283 4363 humores
2320 4305 2384 4364 in
2433 4303 2702 4366 homine
2740 4305 3458 4382 superabundaverint,
3509 4311 3580 4367 et
3608 4322 3751 4367 eum

673 4407 1062 4482 sanguinem
1095 4414 1409 4461 excreare
1441 4400 1509 4457 et
1542 4410 1810 4456 vomere
1855 4409 1974 4469 per
2020 4394 2245 4470 aliqua
2295 4400 2597 4469 tempora
2651 4394 2952 4470 fecerint,
3005 4396 3273 4455 interim
3320 4396 3575 4456 nullam
3624 4412 3753 4456 me-

670 4497 959 4557 dicinam
1010 4492 1119 4551 ille
1154 4490 1350 4550 homo
1403 4487 1532 4547 sibi
1566 4483 1901 4557 adhibeat,
1950 4498 2033 4541 ne
2067 4483 2342 4557 sanguis
2394 4498 2513 4558 per
2561 4484 2954 4544 medicinam
3003 4484 3367 4545 exterritus
3401 4486 3625 4561 ipsum
3658 4485 3751 4545 in·

667 4586 879 4647 terius
927 4581 1287 4649 exulceret,
1339 4580 1406 4637 et
1453 4576 1603 4651 plus
1651 4573 1850 4633 solito
1899 4570 2150 4631 effluat.
2188 4571 2313 4648 (Cf.
2366 4573 2686 4649 Physicae
2737 4572 2828 4632 lib
2877 4573 2926 4647 1,
2962 4590 3106 4650 cap.
3140 4573 3369 4648 LXIII,
3424 4573 3537 4634 ubi
3588 4573 3748 4633 haec

665 4673 995 4735 verbatim
1064 4667 1424 4743 leguntur).
1491 4663 1614 4723 Sed
1677 4667 2038 4737 postquam
2103 4658 2276 4719 idem
2343 4663 2619 4735 sanguis
2681 4661 3013 4723 hominem
3081 4663 3269 4723 illum
3337 4662 3750 4740 aliquantum

662 4765 946 4839 fatigare
994 4756 1394 4827 cessaverit,
1448 4753 1734 4812 salviam
1784 4749 2041 4829 (Salvia
2086 4750 2439 4828 officinalis
2486 4749 2585 4826 L.)
2638 4750 2705 4809 in
2753 4751 2988 4812 leniet
3035 4752 3230 4812 suavi
3278 4752 3434 4811 vino
3486 4751 3746 4813 modica

662 4871 834 4932 aqua
885 4850 1089 4911 mixto
1123 4851 1388 4922 coquat,
1442 4841 1701 4902 modico
1737 4854 2003 4916 quoque
2039 4837 2391 4899 bonmoleo
2438 4846 2556 4899 aut
2587 4839 2827 4915 butyro
2867 4840 3123 4911 addito,
3158 4846 3226 4900 et
3259 4840 3360 4900 sic
3393 4847 3589 4902 cocto
3629 4855 3747 4916 per

733 5086 776 5145 ¹)
804 5085 957 5139 Corin
985 5081 1329 5153 suffituque
1356 5075 1526 5130 verbo
1551 5073 1639 5131 S.⁸
1660 5071 2024 5141 Hildegardis
2051 5086 2150 5127 usa
2237 5070 2438 5134 CXVI.
2478 5070 2759 5128 CXXXV.
2802 5072 3080 5136 CLxxn.
3121 5078 3180 5129 et
3218 5071 3319 5130 lib.
3355 5071 3437 5128 111
3477 5088 3601 5145 cap.
3642 5068 3768 5131 Vn,

665 5177 749 5226 est
789 5170 847 5224 in
899 5169 1165 5237 Physicae
1208 5164 1306 5219 lib.
1353 5164 1375 5218 l
1415 5177 1537 5233 cap.
1578 5158 1705 5222 XV.
1756 5158 1986 5222 LXXV,
2031 5157 2149 5221 CV,
2241 5157 2418 5230 latine
2442 5162 2633 5214 autem
2660 5157 2964 5229 significat:
2995 5158 3427 5217 Sorbitiuncula.
