4036 6117
633 437 768 503 312
1791 457 1840 503 s.
1896 456 2449 504 munacAnms

570 584 698 641 cite
746 577 829 640 ad
861 577 1092 650 Deum;
1145 582 1204 634 et
1243 576 1452 635 levate
1502 578 1719 653 capita
1751 585 1988 651 vestra,
2043 579 2185 638 sine
2221 578 2473 654 pudore
2500 577 2666 637 nihil
2703 578 3034 640 timentes:
3087 581 3399 658 quoniam
3434 598 3672 659 appro-

563 690 846 764 pinquat
879 683 1245 758 redemptio
1278 690 1515 754 vestra‚
1556 682 1895 742 aerumnis
1920 678 1965 760 ¹)
2002 699 2171 758 quas
2205 684 2532 759 patimini.

659 791 739 851 Et
788 790 962 848 dixit
1011 787 1152 845 illis
1204 787 1720 846 similitudinem
1771 788 1835 846 in
1885 789 2413 862 comparatione:
2476 788 2698 847 Videte
2745 788 3123 868 ficulneam,
3175 789 3332 865 quia
3385 789 3670 848 interra

571 895 686 954 illa
733 891 1097 965 abundant,
1135 897 1200 950 et
1248 908 1472 949 omnes
1505 889 1785 950 arbores.
1842 892 2002 951 Cum
2031 892 2408 967 producunt
2447 889 2589 964 jam
2625 911 2710 951 ea:
2759 910 2825 949 se
2856 893 3180 969 fructum,
3218 891 3482 951 scilicet
3513 906 3670 949 cum

568 998 858 1073 primum
894 995 1093 1055 flores
1127 995 1472 1068 emittunt,
1524 997 1706 1054 scitis
1739 1010 1818 1052 ex
1851 994 2356 1069 consuetudine,
2393 998 2707 1071 quoniam
2735 1013 2941 1072 prope
2974 1000 3073 1054 est
3105 1005 3317 1055 aestas
3354 996 3417 1054 in
3455 1002 3671 1055 muta-

570 1103 750 1162 tione
797 1099 996 1159 aeriS.
1035 1099 1142 1158 Ita
1187 1104 1250 1157 et
1280 1116 1388 1156 vos
1439 1116 1589 1159 cum
1638 1099 1937 1158 videritis
1985 1102 2142 1159 haec
2186 1100 2368 1177 fieri,
2422 1098 2740 1157 videlicet
2788 1099 2979 1174 signa
3028 1106 3094 1159 et
3142 1100 3446 1176 prodigia
3493 1116 3669 1176 quae

566 1204 914 1282 praedicta
962 1204 1152 1276 sunt,
1204 1204 1426 1262 scitote
1474 1204 1632 1278 quia
1672 1219 1879 1278 prope
1937 1208 2032 1260 est
2090 1220 2369 1277 reynum
2429 1202 2551 1261 Dei
2601 1201 2682 1261 ad
2741 1202 3248 1262 retributionem
3302 1204 3661 1279 justorum:

569 1314 782 1373 Amen
831 1310 974 1369 dico
1006 1306 1175 1367 vobis
1209 1306 1520 1366 omnibus
1554 1305 1958 1365 hominibus:
2012 1306 2161 1365 Non
2204 1304 2593 1383 praeteribit
2630 1312 3093 1365 consummata
3138 1310 3477 1383 qeneratio
3507 1311 3667 1367 haec

567 1414 991 1491 populorum,
1029 1410 1288 1470 scilicet
1321 1408 1628 1469 homines
1675 1425 1805 1468 non
1842 1408 2151 1467 deficient
2202 1425 2405 1484 super
2438 1414 2710 1483 terram,
2746 1410 2952 1469 donec
2986 1412 3207 1468 omnia
3237 1410 3397 1488 fiant
3435 1409 3669 1485 imple-

567 1526 656 1579 ta.
697 1516 986 1589 Coelum,
1035 1513 1351 1573 videlicet
1387 1513 1596 1572 nubes
1644 1519 1711 1572 et
1746 1513 2096 1587 superiora
2145 1528 2315 1588 quae
2350 1512 2651 1572 homines
2683 1513 2935 1589 vident,
2972 1520 3035 1572 et
3070 1521 3253 1573 terra
3285 1516 3351 1573 in
3385 1531 3517 1591 qua
3553 1515 3669 1576 ho-

568 1622 782 1683 mines
831 1618 1172 1686 habitant,
1222 1616 1624 1690 transibunt,
1676 1622 1931 1676 mutata
1987 1616 2067 1675 de
2127 1617 2567 1677 instabilitate
2618 1618 2683 1676 in
2738 1618 3083 1678 meliorem
3129 1624 3198 1677 et
3245 1618 3666 1678 stabiliorem

568 1725 842 1795 statum3
879 1718 1072 1780 verba
1102 1723 1325 1777 autem
1357 1736 1531 1787 mea,
1561 1734 1733 1795 quae
1770 1719 1832 1777 in
1869 1719 1975 1778 his
2009 1719 2322 1778 omnibus
2354 1718 2549 1779 vobis
2581 1720 2741 1794 dixi,
2774 1717 2825 1798 ²)
2862 1739 2992 1780 non
3027 1720 3426 1796 transibunt,
3466 1722 3557 1782 ita
3590 1728 3666 1782 ut

571 1827 634 1885 in
672 1825 875 1885 alium
913 1826 1162 1884 statum
1197 1824 1538 1882 mutentur
1570 1838 1770 1897 quam
1804 1823 1981 1919 dicta
2020 1823 2175 1895 sint,
2212 1823 2367 1899 quia
2404 1825 2627 1882 omnia
2659 1840 2780 1900 pro
2816 1831 2999 1883 certo
3035 1824 3507 1901 implebuntur.

2075 2052 2151 2110 11.

1937 2258 2289 2335 Alleyoria.

659 2475 874 2535 Erunt
912 2473 1099 2547 signa
1124 2462 1200 2547 ³),
1255 2467 1318 2525 id
1351 2472 1456 2526 est
1488 2472 1798 2542 portenta
1833 2469 1905 2526 in
1941 2466 2102 2538 sole,
2140 2467 2398 2526 scilicet
2436 2467 2501 2527 in
2536 2467 2826 2544 Christ0,
2868 2469 2959 2529 ita
2994 2474 3066 2529 ut
3091 2474 3396 2529 errantes
3432 2468 3668 2529 huma-

567 2578 765 2638 nitati
815 2571 1183 2634 Salvatoris
1219 2570 1564 2645 resistant,
1617 2576 1678 2628 et
1714 2570 1900 2644 luna,
1953 2571 2268 2630 videlicet
2303 2571 2369 2629 in
2400 2570 2719 2647 Ecclesia,
2759 2588 2910 2632 cum
2937 2572 3261 2632 haeretici
3294 2571 3668 2631 Ecclesiam

571 2680 960 2757 impugnare
992 2675 1431 2749 conabuntur,
1468 2678 1533 2732 et
1569 2674 1803 2747 stellis,
1844 2673 1906 2733 id
1941 2679 2048 2733 est
2084 2674 2148 2733 in
2185 2674 2673 2751 sacerdotibuS,
2704 2676 3094 2737 doctoribus
3127 2684 3194 2737 et
3228 2676 3519 2753 spiritali
3555 2692 3671 2751 po-

566 2782 748 2857 pulO,
800 2795 952 2839 cum
985 2795 1023 2837 a
1070 2777 1356 2837 veritate
1392 2775 1475 2834 ad
1526 2775 1886 2835 falsitatem
1937 2777 2386 2852 declinabunt,
2437 2785 2498 2837 et
2533 2781 2607 2838 in
2642 2781 2863 2854 terris,
2917 2780 3177 2838 scilicet
3229 2779 3293 2838 in
3329 2780 3667 2839 saeculari

567 2883 835 2959 populo,
879 2898 1201 2959 pressura
1251 2881 1574 2955 mutiam,
1626 2879 1940 2939 videlicet
1988 2880 2412 2940 diversarum
2458 2882 2827 2954 nationum,
2882 2882 2974 2941 ita
3023 2887 3098 2941 ut
3144 2897 3414 2942 errores
3464 2881 3665 2940 unius

567 2985 786 3062 gentis
835 2990 903 3044 et
934 2983 1320 3061 provinciae
1368 2983 1652 3042 alteram
1700 2989 1961 3058 gentem
2013 2989 2081 3043 et
2114 2984 2530 3061 provinciam
2580 2984 2897 3055 inficiant,
2936 2991 3004 3045 et
3050 2987 3357 3045 evertant
3390 2984 3473 3045 ad
3527 2984 3669 3043 infi-

566 3089 935 3163 delitatem,
981 3103 1147 3164 prae
1181 3088 1588 3164 confusione,
1641 3104 1839 3164 quam
1875 3088 2141 3149 emittet
2184 3092 2434 3148 sonitus
2471 3088 2803 3164 impudice
2840 3089 3141 3148 sonantis
3175 3091 3411 3159 maris,
3462 3088 3526 3147 id
3564 3091 3668 3148 est

567 3190 996 3267 Antichristi,
1048 3191 1164 3268 qui
1199 3191 1446 3250 multas
1495 3197 1930 3268 tempestates
1978 3208 2285 3252 errorum
2334 3191 2594 3267 educet,
2646 3200 2707 3252 et
2756 3196 3101 3272 fluctuum,
3141 3194 3402 3254 scilicet
3436 3193 3669 3253 haere-

566 3298 856 3358 ticorum
904 3294 1364 3355 ministrorum
1403 3295 1656 3370 ipsiuS‚
1709 3295 1824 3372 qui
1857 3313 1977 3371 per
2025 3298 2414 3356 universum
2465 3296 2693 3356 orbem
2745 3297 3110 3357 mendaciis
3144 3303 3211 3357 et
3258 3298 3666 3373 deceptioni-

567 3401 695 3460 bus
745 3399 886 3458 suis
920 3398 1320 3458 discurrent.
1381 3397 1841 3458 Arescentibus
1876 3399 2243 3459 hominibus
2295 3400 2361 3458 in
2394 3399 2670 3459 tristitia
2707 3405 2774 3459 et
2806 3400 3245 3469 dubitatione,
3276 3419 3442 3478 prae
3477 3403 3665 3459 timo-

566 3526 667 3579 re,
703 3522 857 3565 cum
904 3503 1213 3564 dubitant
1245 3509 1313 3564 et
1360 3504 1600 3562 timent
1635 3504 1700 3563 in
1748 3521 1880 3580 qua
1914 3503 2042 3563 fide
2093 3504 2344 3563 salvari
2380 3505 2674 3580 possint,
2727 3511 2790 3562 et
2829 3507 3309 3581 expectatione,
3362 3520 3515 3563 curn
3547 3503 3665 3562 du-

561 3613 835 3676 bitando
882 3612 1384 3687 praestolantur
1426 3609 1798 3684 jussionem
1847 3615 1913 3668 et
1957 3609 2282 3686 judicium
2331 3610 2481 3685 Dei,
2542 3630 2709 3689 quae
2759 3613 3176 3689 superveniet
3226 3611 3659 3687 opprimendo

566 3721 874 3780 universo
920 3717 1078 3792 orbi,
1130 3716 1389 3776 scilicet
1438 3716 1616 3775 omni
1651 3720 2021 3776 creaturae.
2074 3716 2244 3777 Nam
2291 3718 2571 3776 virtutes
2606 3718 2960 3789 coelorum,
3009 3718 3327 3778 videlicet
3364 3718 3660 3793 episcopi

552 3834 623 3887 et
663 3826 953 3903 majores
989 3825 1053 3884 in
1100 3823 1426 3896 Ecclesia,
1466 3823 1578 3897 qui
1629 3823 1816 3881 velut
1847 3823 2218 3897 columnae,
2271 3824 2496 3883 omn-ia
2548 3823 2853 3884 instituta
2887 3829 2953 3882 et
2987 3824 3245 3883 secreta
3292 3822 3657 3894 Ecclesiae,

564 3946 737 4008 quae
786 3931 867 3990 ad
917 3931 1144 3989 coelos
1192 3928 1552 4004 pertinent,
1591 3926 1856 3986 fortiter
1906 3933 2289 3987 sustentare
2337 3926 2687 4002 deberent,
2738 3928 3171 3988 movebuntur
3206 3928 3272 3988 in
3321 3927 3559 3986 timore
3592 3932 3660 3986 et

562 4035 1002 4108 dubitatione,
1041 4033 1133 4093 ita
1161 4037 1234 4093 ut
1269 4048 1340 4091 se
1377 4030 1799 4103 subtrahant,
1841 4047 1970 4091 non
2004 4031 2324 4091 audentes
2358 4037 2588 4108 aperte
2623 4030 2977 4091 defendere
3010 4037 3077 4091 et
3110 4031 3294 4109 loqui
3325 4031 3658 4108 justitiam

566 4145 632 4202 et
664 4157 742 4201 ea
777 4154 949 4217 quae
984 4138 1063 4197 ad
1096 4137 1303 4196 Deum
1342 4137 1729 4212 respiciunt.

655 4249 738 4309 Et
789 4253 947 4307 tunc
983 4247 1048 4304 in
1099 4244 1203 4303 his
1242 4244 1552 4304 omnibus
1599 4242 1930 4315 videbunt,
1961 4247 2029 4299 et
2078 4243 2225 4300 visu
2277 4248 2343 4301 et
2378 4242 2720 4300 intellectu
2755 4242 3005 4302 Filium
3051 4245 3356 4314 hominis,
3397 4242 3656 4303 scilicet

567 4353 936 4420 Christum,
974 4352 1347 4409 venientem
1379 4351 1452 4408 in
1484 4347 1677 4422 nube,
1715 4348 2029 4407 videlicet
2066 4348 2127 4406 in
2161 4347 2496 4406 mentibus
2532 4345 2848 4420 fidelium,
2884 4348 2998 4423 qui
3028 4348 3273 4407 multas
3306 4349 3656 4423 passiones

563 4461 630 4514 et
665 4454 1133 4515 tribulationes
1168 4468 1286 4526 pro
1338 4451 1605 4512 Christo
1640 4456 1707 4509 et
1754 4451 2040 4510 veritate
2078 4451 2142 4510 in
2188 4453 2510 4528 martyrio
2552 4451 2909 4526 patientur,
2963 4469 3112 4510 cum
3145 4457 3470 4528 potestate
3521 4472 3677 4532 ma<

555 4581 689 4641 qna
735 4567 1006 4621 sanctae
1066 4559 1543 4618 incarnationis
1594 4567 1655 4617 et
1712 4555 2052 4633 ‘majestate
2113 4556 2533 4632 DivinitatiS,
2601 4559 2694 4617 ita
2751 4563 2827 4617 ut
2883 4556 3113 4616 fideles
3169 4557 3655 4618 Antichristum
3724 4621 3738 4633 ‚

566 4665 996 4739 abneganteS,
1050 4662 1266 4738 ipsum
1303 4676 1537 4720 verum
1584 4660 1789 4720 Deum
1827 4667 1892 4719 et
1942 4658 2273 4719 hominem
2325 4662 2751 4735 cognoscant.
2803 4662 2921 4720 His
2954 4668 3175 4719 autem
3225 4661 3655 4735 passionibus

561 4775 710 4853 fieri
757 4770 1249 4849 incipientibus,
1286 4771 1593 4846 respicite
1643 4774 1705 4828 et
1744 4771 1950 4829 levate
1987 4773 2209 4848 capita
2240 4777 2483 4845 vestra,
2533 4775 2844 4847 quoniam
2877 4775 3363 4850 appropinquat
3398 4772 3656 4832 redem-

555 4879 701 4955 ptio
733 4881 969 4937 vestra.
1009 4876 1089 4936 Et
1125 4877 1296 4934 dixit
1333 4874 1470 4933 illis
1506 4873 2016 4932 similitudinem
2056 4875 2120 4933 in
2155 4873 2672 4947 comparatione.

636 5079 679 5142 ¹)
709 5079 744 5135 f.
777 5085 838 5137 in
873 5085 1164 5137 aerumnis.
1286 5082 1331 5144 2)
1354 5081 1500 5136 dixit
1528 5079 1646 5135 cod.
1682 5109 1746 5118 —
1772 5078 1816 5144 ³)
1847 5079 1911 5132 ln
1944 5092 2114 5146 marg.
2148 5077 2267 5133 cod.
2297 5078 2597 5150 Alleqoria,
2626 5077 2713 5134 uti
2742 5095 2908 5151 supra
2942 5078 3169 5135 Littera.
