4036 6117
1615 514 2004 561 omnum.
3054 542 3059 546 ·
3164 498 3291 559 457

346 640 604 703 Tamen
635 639 1029 700 confidimus
1064 638 1132 698 in
1164 644 1257 708 te,
1295 637 1471 713 quod
1508 643 1580 697 tu
1610 638 1954 697 desideres
1988 651 2322 712 gemmam
2357 635 2699 710 requirere
2736 635 2802 693 in
2834 634 3206 710 putredine.

350 749 540 809 Nunc
574 748 981 807 advocamus
1014 751 1079 804 te
1114 760 1432 821 sponsum
1470 749 1538 803 et
1570 745 2088 818 consolatorem,
2126 743 2239 818 qui
2274 757 2397 800 nos
2429 740 2776 800 redemisti
2810 741 2878 800 in
2911 756 3129 799 cruce.

355 852 435 911 In
470 857 583 912 tuo
618 851 940 926 sanguine
973 850 1324 925 copulatae
1359 864 1590 908 sumus
1627 848 1771 922 tibi,
1810 864 1959 908 cum
1995 847 2514 922 desponsatione
2548 846 2977 923 repudiantes
3011 846 3254 920 virum,
3292 850 3360 905 et

255 957 593 1033 eligentes
630 965 695 1017 te
729 958 971 1018 Filium
1004 956 1144 1017 Dei.

354 1055 472 1146 [Ο]
510 1062 961 1140 pulcherrima
994 1060 1229 1136 forma,
1259 1077 1296 1120 o
1332 1059 1781 1119 suavissimus
1805 1055 1849 1137 ¹)
1880 1059 2046 1119 odor
2069 1057 2620 1119 desiderabilium
2649 1058 3069 1130 deliciarum,
3092 1074 3361 1134 semper

260 1170 691 1244 suspiramus
727 1173 880 1244 post
906 1174 971 1228 te
1007 1168 1074 1226 in
1101 1166 1515 1241 lacrymabili
1552 1166 1770 1224 exilio:
1801 1165 2065 1241 quando
2104 1172 2166 1224 te
2201 1165 2550 1224 videamus
2585 1170 2651 1222 et
2680 1169 2899 1223 tecum
2935 1165 3349 1224 maneamusl

352 1274 489 1334 Nos
525 1289 759 1333 sumus
796 1274 861 1332 in
896 1273 1163 1347 mundo,
1201 1278 1268 1331 et
1302 1273 1373 1332 tu
1411 1272 1478 1330 in
1517 1277 1736 1329 mente
1769 1277 2027 1344 nostra,
2064 1276 2131 1329 et
2161 1270 2633 1346 amplectimur
2682 1274 2747 1328 te
2799 1270 2863 1328 in
2900 1268 3124 1341 corde,
3161 1269 3358 1344 quasi

262 1376 636 1437 habeamus
670 1379 737 1436 te
769 1381 1216 1454 praesentem.

349 1479 451 1538 Tu
487 1478 895 1539 fortissimus
932 1481 1059 1554 leo,
1107 1479 1350 1555 rupisti
1382 1478 1665 1551 coelum,
1702 1477 2113 1537 descendens
2151 1479 2218 1536 in
2251 1477 2471 1536 aulam
2506 1477 2823 1552 Virginis),
2861 1480 2929 1536 et
2961 1476 3358 1536 destruxisti

256 1588 576 1652 mortem,
615 1584 978 1644 aedificans
1013 1585 1222 1643 vitam
1262 1586 1324 1642 in
1360 1599 1563 1641 aurea
1598 1584 1892 1642 civitate.

350 1682 512 1773 [Da]
564 1689 758 1748 nobis
810 1691 1197 1748 societatem
1250 1704 1402 1746 cum
1452 1687 1589 1761 illa,
1635 1693 1702 1746 et
1742 1702 2134 1762 permanere
2187 1687 2251 1745 in
2296 1690 2381 1759 te,
2434 1702 2472 1745 o
2506 1687 2898 1745 dulcissime
2932 1701 3200 1760 sponse,
3239 1688 3352 1762 qui

257 1797 657 1857 abstraxisti
691 1812 814 1855 nos
847 1795 929 1855 de
966 1795 1273 1855 faucibus
1305 1793 1588 1867 Diaboli,
1627 1794 1914 1866 primum
1949 1798 2294 1868 parentem
2329 1798 2634 1852 nostrum
2671 1793 3074 1852 seducentis.

1233 2035 1503 2096 LXVIII.
1560 2038 1963 2115 Symphonia
2010 2037 2384 2094 viduarum.

349 2278 400 2338 Ο
435 2282 629 2352 pater
661 2276 985 2346 omnium,
1035 2280 1103 2334 et
1136 2291 1174 2334 o
1210 2289 1346 2348 reat,
1385 2277 1451 2334 et
1486 2275 1850 2351 imperator
1882 2274 2204 2349 gentium,
2256 2275 2372 2349 qui
2413 2272 2828 2332 constituisti
2877 2288 2998 2331 nos
3051 2273 3116 2331 in
3163 2277 3349 2333 costa

266 2383 527 2457 primae
552 2381 812 2454 matriS,
849 2395 1020 2454 quae
1055 2379 1430 2438 construxit
1453 2379 1648 2439 nobis
1676 2394 1988 2453 magnum
2016 2393 2248 2437 casum
2276 2392 2660 2451 aerumnae,
2689 2382 2755 2436 et
2782 2392 2903 2436 nos
2937 2383 3209 2437 secutae
3245 2395 3355 2437 su-

257 2500 407 2544 mus
441 2485 628 2543 illam
663 2485 731 2543 in
763 2484 1036 2559 propria
1069 2499 1298 2557 causa,
1341 2485 1403 2542 in
1438 2484 1660 2557 exili0,
1698 2484 2033 2543 sociantes
2068 2499 2188 2542 nos
2224 2481 2409 2541 illius
2444 2481 2684 2542 dolori.

346 2585 397 2645 O
433 2593 529 2661 tu,
567 2586 985 2646 nobilissime
1019 2586 1303 2661 genitor,
1332 2602 1452 2662 per
1488 2602 1822 2646 summum
1858 2586 2157 2646 studium
2190 2586 2525 2644 currimus
2561 2584 2642 2643 ad
2679 2589 2765 2657 te,
2802 2590 2870 2643 et
2901 2600 3022 2661 per
3055 2585 3352 2645 dilectis-

255 2692 501 2751 simam
537 2697 744 2766 atque
779 2706 898 2766 per
929 2691 1389 2749 dulcissimam
1427 2690 1929 2765 poenitentiam,
1982 2706 2152 2766 quae
2187 2690 2380 2749 nobis
2429 2705 2548 2765 per
2583 2691 2644 2748 te
2693 2690 2899 2765 venit,
2954 2690 3347 2751 anhelamus

251 2795 335 2853 ad
371 2801 467 2864 te,
504 2797 572 2853 et
605 2796 759 2868 post
793 2794 1094 2852 dolorem
1130 2799 1435 2852 nostrum
1470 2793 1907 2853 devotissime
1943 2795 2413 2868 amplectimur
2447 2798 2532 2851 te.

343 2896 394 2956 O
426 2897 922 2972 gloriosissime
957 2899 1023 2956 et
1057 2914 1094 2956 o
1128 2896 1578 2972 pulcherrime
1614 2897 1901 2971 Christe,
1953 2897 2069 2972 qui
2103 2913 2178 2957 es
2214 2896 2622 2955 resurrectio
2661 2896 2861 2971 vitae,
2913 2914 3035 2957 nos
3074 2898 3346 2974 reliqui-

257 3018 404 3062 mus
437 3003 714 3079 propter
748 3007 812 3061 te
849 3001 1140 3062 fertilem
1173 3009 1540 3061 amatorem
1577 3002 2089 3078 conjunctionis,
2141 3005 2208 3061 et
2242 2998 2870 3076 comprehendimus
2910 3007 2974 3061 te
3017 3001 3085 3061 in
3118 3018 3352 3078 super-

251 3124 337 3168 na
369 3108 702 3167 charitate
736 3110 803 3167 et
849 3109 917 3167 in
963 3107 1264 3182 virginea
1297 3108 1487 3182 virga
1522 3107 1896 3167 nativitatis
1932 3112 2108 3180 tuae,
2161 3122 2239 3166 ac
2277 3106 2338 3166 in
2391 3106 2603 3164 altera
2660 3106 2802 3166 vice
2852 3108 3202 3180 copulatae
3239 3125 3345 3167 su-

259 3227 405 3272 mus
443 3213 591 3288 tibi,
630 3229 830 3288 quam
864 3213 1053 3288 prius
1087 3227 1393 3271 essemus
1429 3211 1796 3271 secundum
1831 3226 2123 3270 carnem.

341 3316 603 3392 Adjuva
640 3332 761 3376 nos
795 3331 1252 3390 perseverare,
1291 3321 1358 3375 et
1391 3317 1610 3374 tecum
1644 3314 1956 3389 gaudere,
1994 3319 2062 3372 et
2097 3329 2134 3372 a
2170 3319 2233 3372 te
2267 3328 2606 3388 nunquam
2641 3314 2961 3388 separari.

1697 3554 1907 3613 LXIX.

1307 3772 1562 3833 lNclrlr
1612 3770 1797 3831 Onno
1844 3771 2199 3834 Vim-urum
2232 3770 2281 3850 ²)

1304 3995 1737 4054 Patriarchae
1788 3999 1848 4052 et
1901 3994 2294 4072 Prophetae.

336 4219 465 4292 Qui
501 4225 656 4280 sunt
691 4220 758 4280 hi
793 4220 907 4296 qui
940 4217 1260 4278 utaenubes
1296 4210 1579 4299 [volant,
1609 4222 1676 4276 et
1710 4217 1908 4293 quasi
1941 4217 2290 4278 columbae
2329 4216 2411 4276 ad
2448 4217 2777 4279 fenestras
2814 4215 3039 4305 suas‘l]
3072 4218 3120 4303 ⁸)

1649 4367 1953 4428 Vir-lutee.

338 4532 388 4591 Ο
431 4535 687 4610 antiqui
723 4536 963 4611 sancti,
1015 4536 1173 4612 quid
1209 4533 1634 4595 admiramini
1670 4532 1734 4591 in
1769 4532 2004 4593 nobis?
2038 4533 2326 4594 Verbum
2374 4534 2491 4595 Dei
2536 4537 2848 4597 clarescit
2886 4540 2950 4598 in
2982 4539 3196 4603 forma
3224 4544 3338 4603 ho-

326 4761 367 4829 Ι)
390 4772 709 4826 suavissime
732 4770 852 4827 cod.
879 4773 976 4827 alt.
1005 4773 1137 4839 —2)
1158 4771 1240 4829 Cf.
1267 4770 1484 4828 Scivias
1511 4771 1610 4828 lib.
1641 4770 1740 4826 111.
1837 4770 2042 4826 merito
2081 4772 2464 4842 negliguntur.
2502 4774 2690 4831 Etiam
2720 4776 2779 4832 in
2817 4777 2992 4835 alium
3034 4782 3218 4839 locum
3252 4803 3336 4842 re-

257 4862 303 4901 e.
351 4854 432 4908 10.
465 4852 610 4910 visio
640 4860 723 4911 13.
765 4856 959 4925 Migne
984 4858 1113 4913 coll.
1159 4862 1412 4913 733-351.
1455 4859 1553 4913 ubi
1583 4860 1744 4929 plura
1839 4862 2137 4911 servantur
2181 4857 2482 4914 varietates
2519 4861 2676 4918 codd.
2720 4862 3007 4920 Wiesbad.
3051 4872 3109 4922 et
3146 4869 3325 4929 Palat.

253 4932 324 4987 ub
350 4935 518 4996 initio
542 4944 601 4996 et
626 4940 869 4998 subinde
893 4942 1306 5007 desiderantur,
1346 4945 1624 4999 nunnulla
1651 4962 1746 5001 au·
1839 4945 1966 5004 8¹1,
2006 4941 2067 4996 in
2092 4957 2205 5012 quo
2231 4959 2424 5001 versus
2462 4944 2696 5003 initium
2740 4950 3006 5008 versiculi
3046 4955 3328 5025 rythmice

259 5021 367 5076 lem
395 5025 704 5091 variantur,
731 5043 878 5100 quae
896 5046 965 5084 ex
991 5028 1230 5085 arbitrio
1249 5030 1484 5086 editoris
1505 5036 1743 5095 mutata,
1837 5027 2193 5085 dividuntur.
2226 5061 2293 5071 —
2320 5030 2362 5097 ³)
2392 5032 2461 5087 Is,
2493 5030 2613 5095 LX.
2643 5039 2693 5091 8.
