4036 6117
653 478 781 538 172
1803 496 1854 537 s.
1907 494 2467 540 ninnssoAnnis

1987 718 2256 778 XLVIII.

1670 911 1763 971 De
1812 912 2096 987 torporis
2146 913 2584 988 poenitentia.

671 1102 778 1161 62.
828 1101 907 1161 Et
942 1103 1182 1161 iterum
1216 1103 1296 1162 de
1330 1102 1636 1178 praefata
1668 1103 1934 1164 vivente
1969 1103 2118 1163 luce
2152 1119 2385 1163 vocem
2426 1103 2591 1163 mibi
2623 1103 2953 1164 dicentem
3002 1103 3250 1164 audivi:
3287 1103 3466 1164 Haec
3500 1120 3678 1180 quae

581 1207 773 1266 vides
806 1223 966 1267 vera
1015 1213 1188 1267 sunt.
1226 1206 1350 1267 Sed
1384 1213 1451 1266 et
1499 1207 1824 1282 homineS‚
1862 1208 1921 1266 si
1971 1209 2254 1282 spiritus
2288 1208 2371 1267 ad
2406 1209 2746 1284 torporem
2779 1223 2896 1267 eos
2928 1206 3362 1267 exhortantes
3404 1207 3681 1267 studue-

580 1310 715 1369 rint
762 1309 1122 1384 declinare‚
1158 1317 1225 1370 et
1257 1326 1506 1387 poenas
1541 1310 1834 1385 torporis
1867 1309 2185 1386 effugere,
2216 1310 2490 1387 jeJuniis
2532 1326 2609 1370 ac
2643 1310 3038 1370 verberibus
3081 1325 3155 1369 se
3188 1310 3543 1385 castigent,
3596 1326 3677 1370 ac

581 1410 971 1487 purissimis
1006 1412 1423 1472 orationibus
1458 1412 1752 1472 taedium
1782 1407 1829 1489 ¹)
1867 1414 2163 1489 torporis
2197 1413 2278 1473 de
2315 1430 2386 1472 se
2436 1413 2875 1487 excutienteS,
2910 1428 3060 1472 cum
3111 1413 3417 1473 acumine
3450 1412 3678 1489 probi-

587 1515 749 1574 tatis
784 1515 916 1575 Deo
953 1519 1272 1579 serviant.

1969 1710 2283 1773 XLVIIII.

1812 1906 1904 1965 De
1952 1909 2112 1966 vitio
2160 1872 2461 1984 torporis,

671 2097 775 2159 63.
814 2100 1070 2176 Torpor
1101 2115 1388 2176 namque
1422 2100 1835 2159 consortium
1870 2099 2314 2175 quorumdam
2360 2100 2750 2159 animalium
2788 2098 3011 2173 habet,
3049 2113 3220 2175 quae
3253 2113 3376 2157 nec
3408 2096 3682 2173 agilita-

591 2207 725 2264 tem
761 2204 827 2263 in
860 2204 1055 2280 bon0,
1092 2221 1214 2264 nec
1252 2205 1623 2279 agilitatem
1659 2205 1725 2263 in
1758 2204 1934 2263 malo
1969 2203 2237 2278 habent,
2276 2203 2391 2262 sed
2428 2219 2600 2279 quae
2636 2204 2702 2262 in
2734 2204 3006 2279 pigritia
3035 2204 3278 2279 jacent.
3314 2203 3464 2280 Ipse
3498 2203 3679 2262 enim

477 2366 484 2375 ,
583 2304 797 2366 Βευηι
844 2322 966 2367 nec
1001 2308 1194 2366 timet
1239 2323 1361 2367 nec
1396 2314 1597 2381 amat,
1648 2307 1806 2382 quia
1841 2306 1908 2365 in
1957 2306 2196 2365 timore
2230 2322 2382 2366 eum
2432 2323 2564 2366 non
2595 2307 2845 2382 gustat,
2882 2322 3004 2366 nec
3045 2306 3112 2365 in
3147 2321 3372 2366 amore
3407 2321 3561 2366 cum
3594 2320 3678 2365 eo

587 2409 1074 2486 symphonizat,
1110 2427 1232 2471 nec
1266 2412 1334 2471 in
1380 2412 1727 2471 laboribus
1762 2410 2239 2470 rationalitatis
2272 2418 2348 2471 ut
2380 2409 2579 2471 homo
2629 2413 2967 2486 operatur,
3018 2427 3140 2470 nec
3188 2412 3256 2470 in
3304 2410 3672 2486 spiramine

584 2516 847 2577 animae
893 2516 1102 2576 Deum
1134 2522 1385 2576 exorat.
1420 2515 1585 2575 Nam
1634 2515 1810 2598 sicut
1845 2514 2105 2575 inutilis
2139 2531 2255 2575 aer
2285 2522 2413 2592 est,
2453 2518 2568 2593 qui
2608 2515 2867 2576 fructus
2901 2521 3120 2575 terrae
3156 2514 3459 2575 arefacit.
3491 2513 3680 2575 Unde

586 2626 655 2679 et
691 2620 759 2680 in
785 2621 1149 2696 semetipso
1183 2619 1366 2679 dicit:
1401 2618 1467 2678 Si
1500 2619 1676 2679 Deus
1702 2626 1828 2695 est,
1856 2619 2033 2679 Deus
2070 2620 2179 2695 sit,
2209 2636 2363 2680 nam
2399 2622 2540 2697 ipse
2566 2621 2819 2681 laboris
2854 2622 2984 2680 mei
3013 2618 3280 2695 indigus
3301 2615 3353 2698 ²)
3388 2635 3519 2678 non
3550 2623 3677 2678 est.

584 2725 721 2799 Ego
754 2723 931 2782 enim
979 2723 1146 2783 nihil
1180 2722 1466 2798 amplius
1513 2737 1715 2797 quam
1747 2723 1977 2782 vivere
2027 2724 2243 2799 cupio,
2280 2722 2358 2783 Et
2393 2724 2490 2783 sic
2523 2728 2757 2798 torpor
2805 2723 3051 2783 bonum
3084 2721 3350 2798 operari
3398 2721 3677 2798 postpo-

583 2828 702 2886 nit.
754 2825 879 2885 Sed
916 2841 1155 2901 magna
1190 2826 1480 2885 stultitia
1513 2825 1582 2885 in
1613 2824 1877 2885 bomine
1913 2826 2027 2886 illo
2062 2833 2195 2897 est,
2233 2828 2347 2903 qui
2380 2826 2609 2901 Deum,
2655 2827 2772 2903 qui
2805 2827 3028 2886 omnia
3062 2826 3341 2900 creavit,
3377 2829 3444 2884 et
3477 2824 3674 2900 cuius

587 2932 775 3007 regni
824 2931 975 2990 finis
1023 2946 1153 2989 non
1185 2931 1336 3009 erit,
1374 2947 1496 2990 nec
1531 2930 1838 2990 venerari
1870 2946 1992 2989 nec
2024 2929 2304 3006 diligere
2339 2931 2582 3006 querit.
2619 2930 2744 2989 Sed
2779 2929 3109 3007 sapientia
3143 2930 3211 2988 in
3244 2928 3359 2988 illo
3392 2933 3519 3001 est,
3557 2927 3675 3003 qui

589 3038 765 3097 hunc
798 3052 839 3098 a
872 3053 1004 3114 quo
1038 3051 1282 3113 corpus
1315 3041 1382 3096 et
1415 3038 1701 3097 animam
1739 3036 1962 3111 habet,
1999 3036 2068 3096 in
2117 3037 2389 3113 speculo
2424 3036 2647 3096 cordis
2696 3036 2801 3096 sui
2836 3036 3091 3113 Jugiter
3137 3036 3455 3096 intuetur.
3492 3033 3677 3095 Haec

584 3149 807 3204 autem
842 3142 924 3203 de
957 3123 1439 3219 poenitentium
1472 3142 1823 3203 animabus
1856 3142 2223 3219 purgandis
2259 3145 2327 3203 et
2353 3142 2694 3202 salvandis
2721 3142 2901 3205 dicta
2927 3149 3105 3217 sunt,
3140 3146 3208 3203 et
3234 3141 3458 3203 fidelia
3494 3145 3676 3216 sunt,

587 3255 655 3308 et
688 3247 903 3308 fidelis
939 3247 1044 3306 his
1080 3248 1401 3323 attendat,
1438 3254 1504 3307 et
1537 3264 1615 3307 ea
1652 3248 1717 3306 in
1751 3248 2145 3308 memoriam
2179 3247 2391 3306 bonae
2426 3247 2747 3306 scientiae
2782 3249 3156 3323 componat.

676 3351 782 3411 64.
833 3350 957 3411 Sed
990 3356 1058 3411 et
1105 3351 1276 3410 alios
1309 3350 1610 3427 ejusdem
1659 3352 2108 3412 multitudinis
2143 3351 2280 3411 vidi
2317 3350 2619 3428 spirituS‚
2659 3351 2774 3427 qui
2808 3367 3038 3412 omnes
3074 3351 3336 3427 magnis
3370 3349 3682 3409 clamori-

587 3456 715 3516 bus
748 3454 1312 3529 vociferabantur,
1350 3455 1666 3515 dicentes:
1702 3455 1969 3529 EamuS,
2005 3472 2262 3531 eamuS,
2299 3461 2367 3515 et
2402 3455 2561 3514 illuc
2596 3455 2694 3514 ire
2730 3453 3147 3531 festinemus,
3183 3471 3317 3531 quo
3352 3454 3449 3514 ire
3484 3450 3686 3512 debe-

589 3576 760 3618 mus,
797 3558 916 3618 Isti
950 3557 1253 3618 homines
1288 3557 1370 3618 ad
1404 3558 1807 3619 oblivionem
1840 3558 1958 3617 Dei
1991 3558 2287 3633 trahunt,
2324 3563 2391 3617 et
2424 3574 2506 3618 ne
2541 3558 2884 3619 Creatoris
2916 3558 3047 3633 sui,
3082 3574 3204 3618 nec
3229 3571 3506 3631 operum
3537 3553 3686 3630 ejus

593 3661 1048 3735 recordentur,
1086 3661 1512 3737 persuadent.

2094 3871 2159 3932 L.

1532 4064 1624 4124 De
1674 4061 2011 4123 oblivionis
2055 4066 2288 4141 poenis
2331 4066 2759 4141 purqatoriis.

685 4273 789 4332 65.
843 4272 924 4331 Et
957 4272 1095 4333 vidi
1144 4273 1389 4332 vallem
1423 4289 1756 4349 magnam,
1793 4272 2275 4349 longitudinem
2308 4279 2376 4334 et
2410 4273 2830 4334 latitudinem
2865 4272 3142 4332 multam
3187 4269 3569 4344 habentem,
3604 4285 3685 4329 ac

592 4376 878 4436 maximo
934 4377 1082 4452 igne
1115 4383 1181 4436 et
1217 4377 1752 4437 immundissimo
1805 4377 2060 4438 foetore
2093 4378 2382 4454 plenam,
2419 4379 2487 4437 in
2518 4394 2650 4454 qua
2683 4378 2884 4437 etiam
2917 4376 3189 4453 plurimi
3229 4390 3498 4435 vermes
3531 4373 3685 4434 hor-

590 4480 810 4540 ribilis
869 4479 1121 4540 formae
1169 4480 1656 4541 discurrebant.
1707 4482 1781 4541 In
1829 4481 1954 4541 hac
2001 4482 2264 4542 animae
2315 4483 2580 4542 illorum
2630 4481 3098 4558 puniebantur,
3134 4481 3250 4557 qui
3299 4481 3366 4539 in
3408 4479 3682 4550 saeculo

591 4585 919 4660 viventeS,
949 4586 1261 4646 timorem
1294 4586 1410 4646 Dei
1447 4587 1766 4647 oblivioni
1803 4587 2237 4662 tradiderant,
2275 4603 2395 4646 nec
2427 4587 2585 4664 quid
2617 4586 2932 4660 facerent,
2963 4586 3138 4646 scire
3165 4590 3282 4645 aut
3309 4584 3683 4658 intelligere

593 4688 965 4748 voluerant.
1001 4689 1165 4760 Quia
1199 4688 1376 4748 enim
1410 4690 1866 4751 infidelitatem
1899 4690 1967 4750 in
2000 4691 2318 4751 cordibus
2369 4692 2509 4750 suis
2544 4690 2934 4764 habuerant,
2972 4691 3038 4750 in
3084 4690 3262 4750 valle
3296 4689 3425 4748 ista
3467 4690 3681 4759 erant;

594 4800 663 4855 et
695 4794 855 4870 quia
883 4794 1292 4869 impietatem
1328 4795 1718 4869 dilexerant,
1751 4795 1817 4855 in
1851 4796 2000 4870 igne
2036 4795 2160 4855 hoc
2194 4795 2536 4870 ardebant;
2582 4800 2649 4854 et
2681 4795 2837 4871 quia
2870 4794 3003 4854 Deo
3037 4795 3359 4854 resistere
3392 4792 3687 4851 tentave-

599 4901 770 4966 rant.
826 4898 1148 4958 foetorem
1197 4900 1402 4957 istum
1452 4899 1950 4974 sentiebant;-et
1983 4900 2143 4976 quia
2181 4901 2508 4975 plurimas
2546 4899 2990 4958 adversitates
3031 4898 3462 4958 dolositatum
3514 4895 3580 4954 in
3613 4909 3688 4954 se

594 5003 1024 5076 collegerant,
1064 5019 1101 5060 a
1133 5000 1452 5076 praefatis
1491 4995 1846 5060 vermibus
1872 5002 2373 5078 torquebantur.
2410 5003 2489 5060 Et
2522 5002 2658 5060 vidi
2691 5007 2759 5060 et
2797 5001 3087 5060 intellexi
3124 4999 3307 5058 haec.

667 5166 708 5234 ¹)
738 5170 974 5225 taedium
1000 5184 1107 5224 om.
1139 5169 1204 5224 A.
1243 5200 1304 5206 „-
1330 5170 1374 5234 2)
1402 5168 1675 5241 Indiqnus
1700 5167 1768 5230 A,
1795 5169 1885 5231 W,
1919 5167 2071 5240 turpi
2100 5175 2155 5224 et
2183 5167 2483 5225 manifesto
2510 5184 2714 5224 erroro.
2747 5168 2833 5222 An
2860 5167 3038 5250 paulo⁸
3057 5182 3223 5238 supra
3251 5166 3288 5222 l.
3321 5164 3467 5222 Deus
3492 5165 3623 5220 scit?
