<?xml version="1.0" encoding="UTF-8"?>
<!DOCTYPE html PUBLIC "-//W3C//DTD XHTML 1.0 Transitional//EN"
    "http://www.w3.org/TR/xhtml1/DTD/xhtml1-transitional.dtd">
<html xmlns="http://www.w3.org/1999/xhtml" xml:lang="en" lang="en">
 <head>
  <title>
</title>
<meta http-equiv="Content-Type" content="text/html;charset=utf-8" />
  <meta name='ocr-system' content='tesseract 3.04.00' />
  <meta name='ocr-capabilities' content='ocr_page ocr_carea ocr_par ocr_line ocrx_word'/>
</head>
<body>
  <div class='ocr_page' id='page_1' title='image "analectasacrasp05pitrgoog_0621.png"; bbox 0 0 4036 6117; ppageno 0'>
   <div class='ocr_carea' id='block_1_1' title="bbox 1340 496 3325 561">
    <p class='ocr_par' dir='ltr' id='par_1_1' title="bbox 1340 496 3325 561">
     <span class='ocr_line' id='line_1_1' title="bbox 1340 496 3325 561; baseline -0.002 -2"><span class='ocrx_word' id='word_1_1' title='bbox 1340 514 1808 560; x_wconf 61' lang='lat' dir='ltr'>prsronanum</span> <span class='ocrx_word' id='word_1_2' title='bbox 1861 514 2037 561; x_wconf 60' lang='lat' dir='ltr'>Nova</span> <span class='ocrx_word' id='word_1_3' title='bbox 2087 514 2334 560; x_wconf 69' lang='lat' dir='ltr'>semiss.</span> <span class='ocrx_word' id='word_1_4' title='bbox 3197 496 3325 556; x_wconf 76' lang='lat'>553</span> 
     </span>
    </p>
   </div>
   <div class='ocr_carea' id='block_1_2' title="bbox 294 610 3400 1230">
    <p class='ocr_par' dir='ltr' id='par_1_2' title="bbox 294 610 3400 1230">
     <span class='ocr_line' id='line_1_2' title="bbox 299 610 3399 708; baseline -0.002 -16"><span class='ocrx_word' id='word_1_5' title='bbox 299 632 630 705; x_wconf 74' lang='lat' dir='ltr'>turbetur,</span> <span class='ocrx_word' id='word_1_6' title='bbox 682 631 839 708; x_wconf 88' lang='lat' dir='ltr'>quia</span> <span class='ocrx_word' id='word_1_7' title='bbox 874 629 1049 689; x_wconf 89' lang='lat' dir='ltr'>Deus</span> <span class='ocrx_word' id='word_1_8' title='bbox 1103 631 1601 692; x_wconf 82' lang='lat' dir='ltr'>inclinationem</span> <span class='ocrx_word' id='word_1_9' title='bbox 1654 610 1845 692; x_wconf 86' lang='lat' dir='ltr'>istam</span> <span class='ocrx_word' id='word_1_10' title='bbox 1901 648 2106 708; x_wconf 87' lang='lat' dir='ltr'>super</span> <span class='ocrx_word' id='word_1_11' title='bbox 2138 639 2202 691; x_wconf 91' lang='lat' dir='ltr'>te</span> <span class='ocrx_word' id='word_1_12' title='bbox 2252 631 2470 690; x_wconf 88' lang='lat' dir='ltr'>adhuc</span> <span class='ocrx_word' id='word_1_13' title='bbox 2519 628 2751 703; x_wconf 83' lang='lat' dir='ltr'>habet,</span> <span class='ocrx_word' id='word_1_14' title='bbox 2808 644 2886 688; x_wconf 90' lang='lat' dir='ltr'>ne</span> <span class='ocrx_word' id='word_1_15' title='bbox 2923 644 3117 688; x_wconf 89' lang='lat' dir='ltr'>mons</span> <span class='ocrx_word' id='word_1_16' title='bbox 3167 644 3399 705; x_wconf 81' lang='lat' dir='ltr'>super·</span> 
     </span>
     <span class='ocr_line' id='line_1_3' title="bbox 298 730 3400 809; baseline -0.002 -14"><span class='ocrx_word' id='word_1_17' title='bbox 298 735 449 795; x_wconf 88' lang='lat' dir='ltr'>biae</span> <span class='ocrx_word' id='word_1_18' title='bbox 496 733 794 793; x_wconf 89' lang='lat' dir='ltr'>animum</span> <span class='ocrx_word' id='word_1_19' title='bbox 827 738 1013 792; x_wconf 91' lang='lat' dir='ltr'>tuum</span> <span class='ocrx_word' id='word_1_20' title='bbox 1066 733 1426 809; x_wconf 89' lang='lat' dir='ltr'>opprimat,</span> <span class='ocrx_word' id='word_1_21' title='bbox 1479 734 1795 809; x_wconf 90' lang='lat' dir='ltr'>quoniam</span> <span class='ocrx_word' id='word_1_22' title='bbox 1843 733 2023 793; x_wconf 89' lang='lat' dir='ltr'>Deus</span> <span class='ocrx_word' id='word_1_23' title='bbox 2060 732 2397 792; x_wconf 89' lang='lat' dir='ltr'>hominem</span> <span class='ocrx_word' id='word_1_24' title='bbox 2450 732 2637 791; x_wconf 89' lang='lat' dir='ltr'>illum</span> <span class='ocrx_word' id='word_1_25' title='bbox 2673 746 2871 808; x_wconf 89' lang='lat' dir='ltr'>quem</span> <span class='ocrx_word' id='word_1_26' title='bbox 2924 730 3167 806; x_wconf 81' lang='lat' dir='ltr'>diligit,</span> <span class='ocrx_word' id='word_1_27' title='bbox 3205 730 3400 790; x_wconf 87' lang='lat' dir='ltr'>valde</span> 
     </span>
     <span class='ocr_line' id='line_1_4' title="bbox 294 834 3396 915; baseline -0.001 -17"><span class='ocrx_word' id='word_1_28' title='bbox 294 839 612 915; x_wconf 80' lang='lat' dir='ltr'>corripit,</span> <span class='ocrx_word' id='word_1_29' title='bbox 664 853 747 896; x_wconf 90' lang='lat' dir='ltr'>ne</span> <span class='ocrx_word' id='word_1_30' title='bbox 783 838 958 897; x_wconf 91' lang='lat' dir='ltr'>latas</span> <span class='ocrx_word' id='word_1_31' title='bbox 1006 837 1155 896; x_wconf 87' lang='lat' dir='ltr'>vias</span> <span class='ocrx_word' id='word_1_32' title='bbox 1188 837 1503 912; x_wconf 89' lang='lat' dir='ltr'>propriae</span> <span class='ocrx_word' id='word_1_33' title='bbox 1550 838 1920 897; x_wconf 87' lang='lat' dir='ltr'>voluntatis</span> <span class='ocrx_word' id='word_1_34' title='bbox 1954 852 2230 897; x_wconf 87' lang='lat' dir='ltr'>currere</span> <span class='ocrx_word' id='word_1_35' title='bbox 2263 835 2502 913; x_wconf 83' lang='lat' dir='ltr'>possit.</span> <span class='ocrx_word' id='word_1_36' title='bbox 2551 834 2736 895; x_wconf 88' lang='lat' dir='ltr'>Unde</span> <span class='ocrx_word' id='word_1_37' title='bbox 2770 834 3011 912; x_wconf 81' lang='lat' dir='ltr'>gaude,</span> <span class='ocrx_word' id='word_1_38' title='bbox 3049 834 3184 895; x_wconf 81' lang='lat' dir='ltr'>filia</span> <span class='ocrx_word' id='word_1_39' title='bbox 3218 834 3396 908; x_wconf 88' lang='lat' dir='ltr'>Sion,</span> 
     </span>
     <span class='ocr_line' id='line_1_5' title="bbox 297 938 3399 1020; baseline -0.002 -16"><span class='ocrx_word' id='word_1_40' title='bbox 297 945 459 1020; x_wconf 89' lang='lat' dir='ltr'>quia</span> <span class='ocrx_word' id='word_1_41' title='bbox 508 959 746 1002; x_wconf 91' lang='lat' dir='ltr'>manus</span> <span class='ocrx_word' id='word_1_42' title='bbox 777 942 1039 1001; x_wconf 80' lang='lat' dir='ltr'>Domini</span> <span class='ocrx_word' id='word_1_43' title='bbox 1089 947 1156 1002; x_wconf 91' lang='lat' dir='ltr'>te</span> <span class='ocrx_word' id='word_1_44' title='bbox 1191 941 1415 1016; x_wconf 89' lang='lat' dir='ltr'>habet,</span> <span class='ocrx_word' id='word_1_45' title='bbox 1470 943 1562 1003; x_wconf 90' lang='lat' dir='ltr'>ita</span> <span class='ocrx_word' id='word_1_46' title='bbox 1596 942 1775 1019; x_wconf 90' lang='lat' dir='ltr'>quod</span> <span class='ocrx_word' id='word_1_47' title='bbox 1824 944 1888 1002; x_wconf 91' lang='lat' dir='ltr'>in</span> <span class='ocrx_word' id='word_1_48' title='bbox 1923 942 2109 1002; x_wconf 91' lang='lat' dir='ltr'>nulla</span> <span class='ocrx_word' id='word_1_49' title='bbox 2158 947 2349 1016; x_wconf 88' lang='lat' dir='ltr'>parte</span> <span class='ocrx_word' id='word_1_50' title='bbox 2399 954 2638 999; x_wconf 87' lang='lat' dir='ltr'>secura</span> <span class='ocrx_word' id='word_1_51' title='bbox 2688 940 2804 1000; x_wconf 79' lang='lat' dir='ltr'>sis,</span> <span class='ocrx_word' id='word_1_52' title='bbox 2844 940 2923 1000; x_wconf 89' lang='lat' dir='ltr'>Et</span> <span class='ocrx_word' id='word_1_53' title='bbox 2968 938 3146 999; x_wconf 90' lang='lat' dir='ltr'>Deus</span> <span class='ocrx_word' id='word_1_54' title='bbox 3194 940 3399 999; x_wconf 89' lang='lat' dir='ltr'>etiam</span> 
     </span>
     <span class='ocr_line' id='line_1_6' title="bbox 300 1045 3400 1124; baseline -0.002 -15"><span class='ocrx_word' id='word_1_55' title='bbox 300 1048 427 1110; x_wconf 91' lang='lat' dir='ltr'>hoc</span> <span class='ocrx_word' id='word_1_56' title='bbox 477 1050 641 1109; x_wconf 89' lang='lat' dir='ltr'>inte</span> <span class='ocrx_word' id='word_1_57' title='bbox 690 1053 1031 1123; x_wconf 83' lang='lat' dir='ltr'>operatur,</span> <span class='ocrx_word' id='word_1_58' title='bbox 1082 1047 1260 1123; x_wconf 89' lang='lat' dir='ltr'>quod</span> <span class='ocrx_word' id='word_1_59' title='bbox 1311 1049 1483 1123; x_wconf 87' lang='lat' dir='ltr'>lapis</span> <span class='ocrx_word' id='word_1_60' title='bbox 1532 1048 1879 1124; x_wconf 88' lang='lat' dir='ltr'>angularis</span> <span class='ocrx_word' id='word_1_61' title='bbox 1929 1049 2045 1107; x_wconf 77' lang='lat' dir='ltr'>sis,</span> <span class='ocrx_word' id='word_1_62' title='bbox 2098 1047 2273 1105; x_wconf 90' lang='lat' dir='ltr'>Deus</span> <span class='ocrx_word' id='word_1_63' title='bbox 2324 1048 2545 1106; x_wconf 87' lang='lat' dir='ltr'>autem</span> <span class='ocrx_word' id='word_1_64' title='bbox 2584 1053 2649 1104; x_wconf 88' lang='lat' dir='ltr'>te</span> <span class='ocrx_word' id='word_1_65' title='bbox 2700 1046 2902 1118; x_wconf 86' lang='lat' dir='ltr'>videt,</span> <span class='ocrx_word' id='word_1_66' title='bbox 2940 1048 3009 1106; x_wconf 86' lang='lat' dir='ltr'>et</span> <span class='ocrx_word' id='word_1_67' title='bbox 3041 1045 3198 1115; x_wconf 88' lang='lat' dir='ltr'>scit,</span> <span class='ocrx_word' id='word_1_68' title='bbox 3233 1051 3301 1104; x_wconf 91' lang='lat' dir='ltr'>et</span> <span class='ocrx_word' id='word_1_69' title='bbox 3338 1053 3400 1104; x_wconf 90' lang='lat' dir='ltr'>te</span> 
     </span>
     <span class='ocr_line' id='line_1_7' title="bbox 299 1152 1142 1230; baseline -0.001 -18"><span class='ocrx_word' id='word_1_70' title='bbox 299 1169 665 1230; x_wconf 85' lang='lat' dir='ltr'>numquam</span> <span class='ocrx_word' id='word_1_71' title='bbox 700 1152 1142 1228; x_wconf 84' lang='lat' dir='ltr'>derelinquet.</span> 
     </span>
    </p>
   </div>
   <div class='ocr_carea' id='block_1_3' title="bbox 1760 1329 1921 1389">
    <p class='ocr_par' dir='ltr' id='par_1_3' title="bbox 1760 1329 1921 1389">
     <span class='ocr_line' id='line_1_8' title="bbox 1760 1329 1921 1389; baseline -0.006 0"><span class='ocrx_word' id='word_1_72' title='bbox 1760 1329 1921 1389; x_wconf 90' lang='lat' dir='ltr'>CIII.</span> 
     </span>
    </p>
   </div>
   <div class='ocr_carea' id='block_1_4' title="bbox 1027 1496 2659 1575">
    <p class='ocr_par' dir='ltr' id='par_1_4' title="bbox 1027 1496 2659 1575">
     <span class='ocr_line' id='line_1_9' title="bbox 1027 1496 2659 1575; baseline 0.001 -18"><span class='ocrx_word' id='word_1_73' title='bbox 1027 1497 1304 1573; x_wconf 76' lang='lat' dir='ltr'>Sophiae</span> <span class='ocrx_word' id='word_1_74' title='bbox 1339 1496 1694 1556; x_wconf 77' lang='lat' dir='ltr'>abbatissae</span> <span class='ocrx_word' id='word_1_75' title='bbox 1731 1499 1809 1556; x_wconf 82' lang='lat' dir='ltr'>de</span> <span class='ocrx_word' id='word_1_76' title='bbox 1847 1500 2174 1575; x_wconf 74' lang='lat' dir='ltr'>Kizinyun</span> <span class='ocrx_word' id='word_1_77' title='bbox 2218 1500 2659 1575; x_wconf 71' lang='lat' dir='ltr'>Hildeyardis,</span> 
     </span>
    </p>
   </div>
   <div class='ocr_carea' id='block_1_5' title="bbox 375 1680 1626 1751">
    <p class='ocr_par' dir='ltr' id='par_1_5' title="bbox 375 1680 1626 1751">
     <span class='ocr_line' id='line_1_10' title="bbox 375 1680 1626 1751; baseline 0.003 -16"><span class='ocrx_word' id='word_1_78' title='bbox 375 1680 631 1736; x_wconf 81' lang='lat' dir='ltr'>Renovat</span> <span class='ocrx_word' id='word_1_79' title='bbox 658 1680 875 1736; x_wconf 83' lang='lat' dir='ltr'>monita</span> <span class='ocrx_word' id='word_1_80' title='bbox 900 1680 968 1735; x_wconf 86' lang='lat' dir='ltr'>ad</span> <span class='ocrx_word' id='word_1_81' title='bbox 994 1682 1249 1737; x_wconf 85' lang='lat' dir='ltr'>animum</span> <span class='ocrx_word' id='word_1_82' title='bbox 1277 1683 1626 1751; x_wconf 85' lang='lat' dir='ltr'>erigendum.</span> 
     </span>
    </p>
   </div>
   <div class='ocr_carea' id='block_1_6' title="bbox 300 1814 3405 2521">
    <p class='ocr_par' dir='ltr' id='par_1_6' title="bbox 300 1814 3405 2521">
     <span class='ocr_line' id='line_1_11' title="bbox 393 1814 3394 1897; baseline 0.001 -21"><span class='ocrx_word' id='word_1_83' title='bbox 393 1815 467 1894; x_wconf 84' lang='lat' dir='ltr'>(f.</span> <span class='ocrx_word' id='word_1_84' title='bbox 501 1814 616 1897; x_wconf 84' lang='lat'>89)</span> <span class='ocrx_word' id='word_1_85' title='bbox 645 1817 717 1876; x_wconf 91' lang='lat' dir='ltr'>In</span> <span class='ocrx_word' id='word_1_86' title='bbox 749 1833 911 1877; x_wconf 86' lang='lat' dir='ltr'>vero</span> <span class='ocrx_word' id='word_1_87' title='bbox 955 1817 1203 1878; x_wconf 90' lang='lat' dir='ltr'>lumine</span> <span class='ocrx_word' id='word_1_88' title='bbox 1239 1818 1375 1878; x_wconf 87' lang='lat' dir='ltr'>vidi</span> <span class='ocrx_word' id='word_1_89' title='bbox 1410 1818 1672 1894; x_wconf 80' lang='lat' dir='ltr'>igneam</span> <span class='ocrx_word' id='word_1_90' title='bbox 1709 1820 2062 1895; x_wconf 82' lang='lat' dir='ltr'>sphaeram</span> <span class='ocrx_word' id='word_1_91' title='bbox 2100 1821 2391 1880; x_wconf 90' lang='lat' dir='ltr'>similem</span> <span class='ocrx_word' id='word_1_92' title='bbox 2427 1826 2612 1881; x_wconf 88' lang='lat' dir='ltr'>rotae</span> <span class='ocrx_word' id='word_1_93' title='bbox 2648 1821 2712 1880; x_wconf 91' lang='lat' dir='ltr'>in</span> <span class='ocrx_word' id='word_1_94' title='bbox 2750 1827 2811 1880; x_wconf 92' lang='lat' dir='ltr'>te</span> <span class='ocrx_word' id='word_1_95' title='bbox 2846 1822 3394 1882; x_wconf 82' lang='lat' dir='ltr'>circumeuntem.</span> 
     </span>
     <span class='ocr_line' id='line_1_12' title="bbox 302 1925 3399 2003; baseline 0 -18"><span class='ocrx_word' id='word_1_96' title='bbox 302 1926 382 1986; x_wconf 83' lang='lat' dir='ltr'>Et</span> <span class='ocrx_word' id='word_1_97' title='bbox 414 1930 491 1985; x_wconf 90' lang='lat' dir='ltr'>ut</span> <span class='ocrx_word' id='word_1_98' title='bbox 523 1930 879 2000; x_wconf 86' lang='lat' dir='ltr'>angustam</span> <span class='ocrx_word' id='word_1_99' title='bbox 927 1926 1105 1984; x_wconf 86' lang='lat' dir='ltr'>viam</span> <span class='ocrx_word' id='word_1_100' title='bbox 1143 1925 1472 2001; x_wconf 80' lang='lat' dir='ltr'>ambulaS‚</span> <span class='ocrx_word' id='word_1_101' title='bbox 1513 1926 1577 1985; x_wconf 90' lang='lat' dir='ltr'>in</span> <span class='ocrx_word' id='word_1_102' title='bbox 1611 1942 1744 2002; x_wconf 94' lang='lat' dir='ltr'>qua</span> <span class='ocrx_word' id='word_1_103' title='bbox 1777 1926 1861 1986; x_wconf 90' lang='lat' dir='ltr'>ad</span> <span class='ocrx_word' id='word_1_104' title='bbox 1895 1928 2108 1987; x_wconf 89' lang='lat' dir='ltr'>solem</span> <span class='ocrx_word' id='word_1_105' title='bbox 2141 1926 2415 2003; x_wconf 89' lang='lat' dir='ltr'>aspicis,</span> <span class='ocrx_word' id='word_1_106' title='bbox 2452 1926 2569 1986; x_wconf 90' lang='lat' dir='ltr'>sed</span> <span class='ocrx_word' id='word_1_107' title='bbox 2603 1932 2828 1986; x_wconf 91' lang='lat' dir='ltr'>tamen</span> <span class='ocrx_word' id='word_1_108' title='bbox 2860 1927 3165 1988; x_wconf 89' lang='lat' dir='ltr'>turbines</span> <span class='ocrx_word' id='word_1_109' title='bbox 3199 1928 3399 1987; x_wconf 88' lang='lat' dir='ltr'>vicis-</span> 
     </span>
     <span class='ocr_line' id='line_1_13' title="bbox 305 2028 3399 2106; baseline 0 -17"><span class='ocrx_word' id='word_1_110' title='bbox 305 2029 627 2089; x_wconf 87' lang='lat' dir='ltr'>situdinis</span> <span class='ocrx_word' id='word_1_111' title='bbox 660 2028 1010 2104; x_wconf 90' lang='lat' dir='ltr'>cujusdam</span> <span class='ocrx_word' id='word_1_112' title='bbox 1060 2028 1260 2088; x_wconf 88' lang='lat' dir='ltr'>nubis</span> <span class='ocrx_word' id='word_1_113' title='bbox 1293 2043 1414 2105; x_wconf 91' lang='lat' dir='ltr'>per</span> <span class='ocrx_word' id='word_1_114' title='bbox 1455 2030 1880 2105; x_wconf 88' lang='lat' dir='ltr'>vagationem</span> <span class='ocrx_word' id='word_1_115' title='bbox 1932 2030 2176 2089; x_wconf 90' lang='lat' dir='ltr'>mentis</span> <span class='ocrx_word' id='word_1_116' title='bbox 2226 2036 2379 2090; x_wconf 89' lang='lat' dir='ltr'>tuae</span> <span class='ocrx_word' id='word_1_117' title='bbox 2428 2030 2687 2106; x_wconf 90' lang='lat' dir='ltr'>operiet</span> <span class='ocrx_word' id='word_1_118' title='bbox 2735 2031 2820 2090; x_wconf 89' lang='lat' dir='ltr'>te.</span> <span class='ocrx_word' id='word_1_119' title='bbox 2870 2030 2951 2091; x_wconf 92' lang='lat' dir='ltr'>Et</span> <span class='ocrx_word' id='word_1_120' title='bbox 2998 2035 3071 2091; x_wconf 87' lang='lat' dir='ltr'>tu</span> <span class='ocrx_word' id='word_1_121' title='bbox 3127 2032 3399 2092; x_wconf 88' lang='lat' dir='ltr'>clamas:</span> 
     </span>
     <span class='ocr_line' id='line_1_14' title="bbox 300 2132 3403 2210; baseline -0 -17"><span class='ocrx_word' id='word_1_122' title='bbox 300 2133 576 2204; x_wconf 90' lang='lat' dir='ltr'>Quando</span> <span class='ocrx_word' id='word_1_123' title='bbox 627 2132 941 2192; x_wconf 88' lang='lat' dir='ltr'>liberabit</span> <span class='ocrx_word' id='word_1_124' title='bbox 975 2148 1077 2191; x_wconf 89' lang='lat' dir='ltr'>me</span> <span class='ocrx_word' id='word_1_125' title='bbox 1125 2132 1335 2192; x_wconf 81' lang='lat' dir='ltr'>Deus‘?</span> <span class='ocrx_word' id='word_1_126' title='bbox 1368 2133 1446 2191; x_wconf 89' lang='lat' dir='ltr'>Et</span> <span class='ocrx_word' id='word_1_127' title='bbox 1495 2133 1853 2209; x_wconf 89' lang='lat' dir='ltr'>respondet</span> <span class='ocrx_word' id='word_1_128' title='bbox 1896 2134 2037 2194; x_wconf 89' lang='lat' dir='ltr'>tibi:</span> <span class='ocrx_word' id='word_1_129' title='bbox 2090 2135 2179 2194; x_wconf 92' lang='lat' dir='ltr'>Te</span> <span class='ocrx_word' id='word_1_130' title='bbox 2225 2134 2692 2210; x_wconf 86' lang='lat' dir='ltr'>derelinquere</span> <span class='ocrx_word' id='word_1_131' title='bbox 2742 2134 2919 2208; x_wconf 90' lang='lat' dir='ltr'>nolo,</span> <span class='ocrx_word' id='word_1_132' title='bbox 2973 2134 3090 2195; x_wconf 90' lang='lat' dir='ltr'>sed</span> <span class='ocrx_word' id='word_1_133' title='bbox 3139 2136 3292 2195; x_wconf 90' lang='lat' dir='ltr'>volo</span> <span class='ocrx_word' id='word_1_134' title='bbox 3328 2142 3403 2193; x_wconf 91' lang='lat' dir='ltr'>ut</span> 
     </span>
     <span class='ocr_line' id='line_1_15' title="bbox 304 2234 3405 2314; baseline 0 -18"><span class='ocrx_word' id='word_1_135' title='bbox 304 2242 448 2296; x_wconf 90' lang='lat' dir='ltr'>rete</span> <span class='ocrx_word' id='word_1_136' title='bbox 483 2237 578 2296; x_wconf 87' lang='lat' dir='ltr'>ita</span> <span class='ocrx_word' id='word_1_137' title='bbox 611 2234 1097 2312; x_wconf 85' lang='lat' dir='ltr'>apprehendas,</span> <span class='ocrx_word' id='word_1_138' title='bbox 1148 2251 1231 2295; x_wconf 90' lang='lat' dir='ltr'>ne</span> <span class='ocrx_word' id='word_1_139' title='bbox 1266 2242 1762 2312; x_wconf 86' lang='lat' dir='ltr'>corrumpatur,</span> <span class='ocrx_word' id='word_1_140' title='bbox 1812 2237 2129 2314; x_wconf 89' lang='lat' dir='ltr'>quoniam</span> <span class='ocrx_word' id='word_1_141' title='bbox 2171 2237 2230 2297; x_wconf 94' lang='lat' dir='ltr'>si</span> <span class='ocrx_word' id='word_1_142' title='bbox 2267 2236 2430 2297; x_wconf 89' lang='lat' dir='ltr'>illud</span> <span class='ocrx_word' id='word_1_143' title='bbox 2470 2237 2835 2311; x_wconf 89' lang='lat' dir='ltr'>dimiseris,</span> <span class='ocrx_word' id='word_1_144' title='bbox 2890 2238 2955 2298; x_wconf 91' lang='lat' dir='ltr'>in</span> <span class='ocrx_word' id='word_1_145' title='bbox 2989 2238 3188 2299; x_wconf 86' lang='lat' dir='ltr'>aliam</span> <span class='ocrx_word' id='word_1_146' title='bbox 3226 2238 3405 2298; x_wconf 85' lang='lat' dir='ltr'>viam</span> 
     </span>
     <span class='ocr_line' id='line_1_16' title="bbox 301 2339 3397 2420; baseline 0.002 -21"><span class='ocrx_word' id='word_1_147' title='bbox 301 2348 627 2415; x_wconf 80' lang='lat' dir='ltr'>vertetur,</span> <span class='ocrx_word' id='word_1_148' title='bbox 679 2340 857 2417; x_wconf 92' lang='lat' dir='ltr'>quod</span> <span class='ocrx_word' id='word_1_149' title='bbox 888 2339 1093 2400; x_wconf 90' lang='lat' dir='ltr'>Deum</span> <span class='ocrx_word' id='word_1_150' title='bbox 1144 2357 1274 2400; x_wconf 91' lang='lat' dir='ltr'>non</span> <span class='ocrx_word' id='word_1_151' title='bbox 1322 2340 1534 2400; x_wconf 90' lang='lat' dir='ltr'>decet.</span> <span class='ocrx_word' id='word_1_152' title='bbox 1586 2341 1772 2400; x_wconf 89' lang='lat' dir='ltr'>Nunc</span> <span class='ocrx_word' id='word_1_153' title='bbox 1808 2343 1873 2401; x_wconf 91' lang='lat' dir='ltr'>in</span> <span class='ocrx_word' id='word_1_154' title='bbox 1914 2343 2049 2402; x_wconf 89' lang='lat' dir='ltr'>Deo</span> <span class='ocrx_word' id='word_1_155' title='bbox 2083 2342 2330 2420; x_wconf 88' lang='lat' dir='ltr'>gaude,</span> <span class='ocrx_word' id='word_1_156' title='bbox 2383 2348 2451 2401; x_wconf 89' lang='lat' dir='ltr'>et</span> <span class='ocrx_word' id='word_1_157' title='bbox 2500 2344 2567 2401; x_wconf 92' lang='lat' dir='ltr'>in</span> <span class='ocrx_word' id='word_1_158' title='bbox 2613 2348 2961 2404; x_wconf 88' lang='lat' dir='ltr'>aeternum</span> <span class='ocrx_word' id='word_1_159' title='bbox 3011 2342 3186 2418; x_wconf 87' lang='lat' dir='ltr'>vive,</span> <span class='ocrx_word' id='word_1_160' title='bbox 3240 2346 3397 2420; x_wconf 86' lang='lat' dir='ltr'>quia</span> 
     </span>
     <span class='ocr_line' id='line_1_17' title="bbox 301 2447 851 2521; baseline 0.002 -17"><span class='ocrx_word' id='word_1_161' title='bbox 301 2448 480 2505; x_wconf 90' lang='lat' dir='ltr'>Deus</span> <span class='ocrx_word' id='word_1_162' title='bbox 513 2447 733 2521; x_wconf 91' lang='lat' dir='ltr'>diligit</span> <span class='ocrx_word' id='word_1_163' title='bbox 766 2452 851 2505; x_wconf 89' lang='lat' dir='ltr'>te.</span> 
     </span>
    </p>
   </div>
   <div class='ocr_carea' id='block_1_7' title="bbox 1015 2612 2657 2863">
    <p class='ocr_par' dir='ltr' id='par_1_7' title="bbox 1015 2612 2657 2863">
     <span class='ocr_line' id='line_1_18' title="bbox 1769 2612 1920 2672; baseline 0 0"><span class='ocrx_word' id='word_1_164' title='bbox 1769 2612 1920 2672; x_wconf 90' lang='lat' dir='ltr'>CIV.</span> 
     </span>
     <span class='ocr_line' id='line_1_19' title="bbox 1015 2785 2657 2863; baseline 0.002 -20"><span class='ocrx_word' id='word_1_165' title='bbox 1015 2785 1430 2861; x_wconf 75' lang='lat' dir='ltr'>‘Maneqoldo</span> <span class='ocrx_word' id='word_1_166' title='bbox 1462 2785 1673 2845; x_wconf 82' lang='lat' dir='ltr'>abbati</span> <span class='ocrx_word' id='word_1_167' title='bbox 1707 2786 1789 2844; x_wconf 86' lang='lat' dir='ltr'>de</span> <span class='ocrx_word' id='word_1_168' title='bbox 1825 2787 2182 2862; x_wconf 73' lang='lat' dir='ltr'>Hirsauqia</span> <span class='ocrx_word' id='word_1_169' title='bbox 2216 2786 2657 2863; x_wconf 75' lang='lat' dir='ltr'>Hildeqardis.</span> 
     </span>
    </p>
   </div>
   <div class='ocr_carea' id='block_1_8' title="bbox 375 2962 1712 3036">
    <p class='ocr_par' dir='ltr' id='par_1_8' title="bbox 375 2962 1712 3036">
     <span class='ocr_line' id='line_1_20' title="bbox 375 2962 1712 3036; baseline 0 -16"><span class='ocrx_word' id='word_1_170' title='bbox 375 2962 684 3020; x_wconf 78' lang='lat' dir='ltr'>‘turbidam</span> <span class='ocrx_word' id='word_1_171' title='bbox 712 2963 935 3019; x_wconf 83' lang='lat' dir='ltr'>abbatis</span> <span class='ocrx_word' id='word_1_172' title='bbox 965 2964 1140 3019; x_wconf 82' lang='lat' dir='ltr'>vitam</span> <span class='ocrx_word' id='word_1_173' title='bbox 1168 2966 1469 3035; x_wconf 82' lang='lat' dir='ltr'>allegorice</span> <span class='ocrx_word' id='word_1_174' title='bbox 1507 2965 1712 3036; x_wconf 88' lang='lat' dir='ltr'>pingit.</span> 
     </span>
    </p>
   </div>
   <div class='ocr_carea' id='block_1_9' title="bbox 298 3099 3434 3806">
    <p class='ocr_par' dir='ltr' id='par_1_9' title="bbox 298 3099 3434 3806">
     <span class='ocr_line' id='line_1_21' title="bbox 394 3099 3399 3180; baseline 0.002 -21"><span class='ocrx_word' id='word_1_175' title='bbox 394 3099 775 3160; x_wconf 91' lang='lat' dir='ltr'>Claustrum</span> <span class='ocrx_word' id='word_1_176' title='bbox 826 3103 1014 3157; x_wconf 90' lang='lat' dir='ltr'>tuum</span> <span class='ocrx_word' id='word_1_177' title='bbox 1048 3099 1233 3159; x_wconf 90' lang='lat' dir='ltr'>velut</span> <span class='ocrx_word' id='word_1_178' title='bbox 1284 3101 1525 3159; x_wconf 86' lang='lat' dir='ltr'>turrim</span> <span class='ocrx_word' id='word_1_179' title='bbox 1567 3100 1790 3170; x_wconf 88' lang='lat' dir='ltr'>video,</span> <span class='ocrx_word' id='word_1_180' title='bbox 1841 3101 2013 3160; x_wconf 89' lang='lat' dir='ltr'>duas</span> <span class='ocrx_word' id='word_1_181' title='bbox 2052 3100 2385 3161; x_wconf 82' lang='lat' dir='ltr'>fenestras</span> <span class='ocrx_word' id='word_1_182' title='bbox 2436 3102 2814 3176; x_wconf 90' lang='lat' dir='ltr'>habentem;</span> <span class='ocrx_word' id='word_1_183' title='bbox 2852 3120 3136 3180; x_wconf 88' lang='lat' dir='ltr'>quarum</span> <span class='ocrx_word' id='word_1_184' title='bbox 3186 3106 3399 3164; x_wconf 83' lang='lat' dir='ltr'>altera</span> 
     </span>
     <span class='ocr_line' id='line_1_22' title="bbox 298 3203 3396 3281; baseline 0.003 -17"><span class='ocrx_word' id='word_1_185' title='bbox 298 3210 408 3264; x_wconf 88' lang='lat' dir='ltr'>est</span> <span class='ocrx_word' id='word_1_186' title='bbox 453 3209 529 3264; x_wconf 87' lang='lat' dir='ltr'>ut</span> <span class='ocrx_word' id='word_1_187' title='bbox 562 3206 848 3265; x_wconf 85' lang='lat' dir='ltr'>rutilans</span> <span class='ocrx_word' id='word_1_188' title='bbox 900 3203 1120 3280; x_wconf 84' lang='lat' dir='ltr'>fulgor</span> <span class='ocrx_word' id='word_1_189' title='bbox 1151 3220 1460 3280; x_wconf 88' lang='lat' dir='ltr'>aurorae,</span> <span class='ocrx_word' id='word_1_190' title='bbox 1513 3207 1764 3266; x_wconf 86' lang='lat' dir='ltr'>mixtus</span> <span class='ocrx_word' id='word_1_191' title='bbox 1800 3222 1952 3266; x_wconf 90' lang='lat' dir='ltr'>cum</span> <span class='ocrx_word' id='word_1_192' title='bbox 2002 3207 2201 3281; x_wconf 90' lang='lat' dir='ltr'>nube,</span> <span class='ocrx_word' id='word_1_193' title='bbox 2254 3207 2467 3267; x_wconf 89' lang='lat' dir='ltr'>altera</span> <span class='ocrx_word' id='word_1_194' title='bbox 2515 3215 2591 3268; x_wconf 91' lang='lat' dir='ltr'>ut</span> <span class='ocrx_word' id='word_1_195' title='bbox 2623 3208 2735 3269; x_wconf 86' lang='lat' dir='ltr'>lux</span> <span class='ocrx_word' id='word_1_196' title='bbox 2782 3210 2938 3271; x_wconf 91' lang='lat' dir='ltr'>diei.</span> <span class='ocrx_word' id='word_1_197' title='bbox 2990 3211 3115 3271; x_wconf 89' lang='lat' dir='ltr'>Sed</span> <span class='ocrx_word' id='word_1_198' title='bbox 3163 3214 3396 3273; x_wconf 88' lang='lat' dir='ltr'>eadem</span> 
     </span>
     <span class='ocr_line' id='line_1_23' title="bbox 303 3307 3403 3393; baseline 0.003 -27"><span class='ocrx_word' id='word_1_199' title='bbox 303 3308 516 3366; x_wconf 90' lang='lat' dir='ltr'>turris</span> <span class='ocrx_word' id='word_1_200' title='bbox 552 3307 635 3367; x_wconf 90' lang='lat' dir='ltr'>ab</span> <span class='ocrx_word' id='word_1_201' title='bbox 671 3312 803 3368; x_wconf 92' lang='lat' dir='ltr'>imo</span> <span class='ocrx_word' id='word_1_202' title='bbox 836 3323 1052 3385; x_wconf 90' lang='lat' dir='ltr'>usque</span> <span class='ocrx_word' id='word_1_203' title='bbox 1084 3309 1169 3368; x_wconf 91' lang='lat' dir='ltr'>ad</span> <span class='ocrx_word' id='word_1_204' title='bbox 1204 3310 1627 3371; x_wconf 88' lang='lat' dir='ltr'>medietatem</span> <span class='ocrx_word' id='word_1_205' title='bbox 1664 3326 1854 3370; x_wconf 90' lang='lat' dir='ltr'>suam</span> <span class='ocrx_word' id='word_1_206' title='bbox 1892 3310 2088 3371; x_wconf 89' lang='lat' dir='ltr'>valde</span> <span class='ocrx_word' id='word_1_207' title='bbox 2119 3312 2315 3386; x_wconf 82' lang='lat' dir='ltr'>nigra</span> <span class='ocrx_word' id='word_1_208' title='bbox 2347 3318 2474 3385; x_wconf 89' lang='lat' dir='ltr'>est,</span> <span class='ocrx_word' id='word_1_209' title='bbox 2503 3329 2676 3389; x_wconf 88' lang='lat' dir='ltr'>quae</span> <span class='ocrx_word' id='word_1_210' title='bbox 2709 3314 2984 3390; x_wconf 90' lang='lat' dir='ltr'>nigredo</span> <span class='ocrx_word' id='word_1_211' title='bbox 3019 3317 3403 3393; x_wconf 80' lang='lat' dir='ltr'>praedictas</span> 
     </span>
     <span class='ocr_line' id='line_1_24' title="bbox 308 3410 3405 3491; baseline 0.003 -22"><span class='ocrx_word' id='word_1_212' title='bbox 308 3410 639 3472; x_wconf 78' lang='lat' dir='ltr'>fenestras</span> <span class='ocrx_word' id='word_1_213' title='bbox 687 3412 1053 3472; x_wconf 87' lang='lat' dir='ltr'>obscurare</span> <span class='ocrx_word' id='word_1_214' title='bbox 1086 3413 1254 3487; x_wconf 86' lang='lat' dir='ltr'>vult,</span> <span class='ocrx_word' id='word_1_215' title='bbox 1307 3414 1424 3474; x_wconf 90' lang='lat' dir='ltr'>sed</span> <span class='ocrx_word' id='word_1_216' title='bbox 1459 3430 1576 3474; x_wconf 87' lang='lat' dir='ltr'>eas</span> <span class='ocrx_word' id='word_1_217' title='bbox 1627 3430 1896 3474; x_wconf 90' lang='lat' dir='ltr'>movere</span> <span class='ocrx_word' id='word_1_218' title='bbox 1936 3430 2070 3474; x_wconf 91' lang='lat' dir='ltr'>non</span> <span class='ocrx_word' id='word_1_219' title='bbox 2116 3415 2383 3491; x_wconf 89' lang='lat' dir='ltr'>poterit.</span> <span class='ocrx_word' id='word_1_220' title='bbox 2436 3416 2747 3476; x_wconf 90' lang='lat' dir='ltr'>Animum</span> <span class='ocrx_word' id='word_1_221' title='bbox 2795 3423 3017 3478; x_wconf 91' lang='lat' dir='ltr'>autem</span> <span class='ocrx_word' id='word_1_222' title='bbox 3069 3425 3257 3480; x_wconf 90' lang='lat' dir='ltr'>tuum</span> <span class='ocrx_word' id='word_1_223' title='bbox 3307 3420 3405 3479; x_wconf 84' lang='lat' dir='ltr'>vi-</span> 
     </span>
     <span class='ocr_line' id='line_1_25' title="bbox 304 3513 3406 3598; baseline 0.003 -26"><span class='ocrx_word' id='word_1_224' title='bbox 304 3513 432 3575; x_wconf 86' lang='lat' dir='ltr'>deo</span> <span class='ocrx_word' id='word_1_225' title='bbox 467 3515 661 3591; x_wconf 87' lang='lat' dir='ltr'>quasi</span> <span class='ocrx_word' id='word_1_226' title='bbox 693 3514 893 3589; x_wconf 91' lang='lat' dir='ltr'>diem,</span> <span class='ocrx_word' id='word_1_227' title='bbox 933 3515 1045 3575; x_wconf 89' lang='lat' dir='ltr'>ubi</span> <span class='ocrx_word' id='word_1_228' title='bbox 1079 3516 1145 3575; x_wconf 91' lang='lat' dir='ltr'>in</span> <span class='ocrx_word' id='word_1_229' title='bbox 1180 3533 1372 3577; x_wconf 90' lang='lat' dir='ltr'>mane</span> <span class='ocrx_word' id='word_1_230' title='bbox 1406 3518 1508 3576; x_wconf 91' lang='lat' dir='ltr'>sol</span> <span class='ocrx_word' id='word_1_231' title='bbox 1544 3518 1744 3590; x_wconf 88' lang='lat' dir='ltr'>lucet;</span> <span class='ocrx_word' id='word_1_232' title='bbox 1775 3517 1892 3577; x_wconf 87' lang='lat' dir='ltr'>sed</span> <span class='ocrx_word' id='word_1_233' title='bbox 1927 3523 2153 3577; x_wconf 92' lang='lat' dir='ltr'>tamen</span> <span class='ocrx_word' id='word_1_234' title='bbox 2185 3518 2332 3595; x_wconf 91' lang='lat' dir='ltr'>ipsa</span> <span class='ocrx_word' id='word_1_235' title='bbox 2365 3518 2511 3577; x_wconf 87' lang='lat' dir='ltr'>dies</span> <span class='ocrx_word' id='word_1_236' title='bbox 2546 3524 2983 3596; x_wconf 89' lang='lat' dir='ltr'>tempestates</span> <span class='ocrx_word' id='word_1_237' title='bbox 3018 3537 3220 3598; x_wconf 85' lang='lat' dir='ltr'>saepe</span> <span class='ocrx_word' id='word_1_238' title='bbox 3252 3538 3406 3597; x_wconf 87' lang='lat' dir='ltr'>por-</span> 
     </span>
     <span class='ocr_line' id='line_1_26' title="bbox 309 3623 3401 3704; baseline 0.002 -23"><span class='ocrx_word' id='word_1_239' title='bbox 309 3627 436 3690; x_wconf 87' lang='lat' dir='ltr'>tat,</span> <span class='ocrx_word' id='word_1_240' title='bbox 471 3637 641 3698; x_wconf 90' lang='lat' dir='ltr'>quae</span> <span class='ocrx_word' id='word_1_241' title='bbox 677 3623 897 3681; x_wconf 88' lang='lat' dir='ltr'>tamen</span> <span class='ocrx_word' id='word_1_242' title='bbox 932 3639 1058 3682; x_wconf 88' lang='lat' dir='ltr'>non</span> <span class='ocrx_word' id='word_1_243' title='bbox 1098 3624 1381 3683; x_wconf 89' lang='lat' dir='ltr'>multum</span> <span class='ocrx_word' id='word_1_244' title='bbox 1416 3624 1835 3699; x_wconf 84' lang='lat' dir='ltr'>periculosae</span> <span class='ocrx_word' id='word_1_245' title='bbox 1872 3631 2051 3699; x_wconf 91' lang='lat' dir='ltr'>sunt,</span> <span class='ocrx_word' id='word_1_246' title='bbox 2096 3630 2163 3685; x_wconf 90' lang='lat' dir='ltr'>et</span> <span class='ocrx_word' id='word_1_247' title='bbox 2199 3625 2263 3684; x_wconf 92' lang='lat' dir='ltr'>in</span> <span class='ocrx_word' id='word_1_248' title='bbox 2298 3625 2546 3701; x_wconf 90' lang='lat' dir='ltr'>quibus</span> <span class='ocrx_word' id='word_1_249' title='bbox 2581 3626 2683 3686; x_wconf 93' lang='lat' dir='ltr'>sol</span> <span class='ocrx_word' id='word_1_250' title='bbox 2719 3627 3050 3688; x_wconf 89' lang='lat' dir='ltr'>interdum</span> <span class='ocrx_word' id='word_1_251' title='bbox 3101 3635 3401 3704; x_wconf 87' lang='lat' dir='ltr'>apparet.</span> 
     </span>
     <span class='ocr_line' id='line_1_27' title="bbox 299 3728 3434 3806; baseline 0.003 -20"><span class='ocrx_word' id='word_1_252' title='bbox 299 3728 679 3787; x_wconf 85' lang='lat' dir='ltr'>Obscurum</span> <span class='ocrx_word' id='word_1_253' title='bbox 717 3743 1090 3786; x_wconf 89' lang='lat' dir='ltr'>sermonem</span> <span class='ocrx_word' id='word_1_254' title='bbox 1129 3730 1332 3787; x_wconf 90' lang='lat' dir='ltr'>istum</span> <span class='ocrx_word' id='word_1_255' title='bbox 1367 3729 1486 3786; x_wconf 86' lang='lat' dir='ltr'>tibi</span> <span class='ocrx_word' id='word_1_256' title='bbox 1525 3729 1719 3788; x_wconf 83' lang='lat' dir='ltr'>modo</span> <span class='ocrx_word' id='word_1_257' title='bbox 1755 3729 1927 3802; x_wconf 89' lang='lat' dir='ltr'>dico;</span> <span class='ocrx_word' id='word_1_258' title='bbox 1963 3735 2201 3805; x_wconf 86' lang='lat' dir='ltr'>postea</span> <span class='ocrx_word' id='word_1_259' title='bbox 2236 3735 2484 3801; x_wconf 88' lang='lat' dir='ltr'>autem,</span> <span class='ocrx_word' id='word_1_260' title='bbox 2522 3746 2671 3806; x_wconf 85' lang='lat' dir='ltr'>cum</span> <span class='ocrx_word' id='word_1_261' title='bbox 2709 3730 2885 3791; x_wconf 89' lang='lat' dir='ltr'>Deus</span> <span class='ocrx_word' id='word_1_262' title='bbox 2919 3732 3277 3792; x_wconf 84' lang='lat' dir='ltr'>voluerit...</span> <span class='ocrx_word' id='word_1_263' title='bbox 3313 3729 3358 3796; x_wconf 82' lang='lat'>¹)</span> <span class='ocrx_word' id='word_1_264' title='bbox 3428 3794 3434 3800; x_wconf 84' lang='grc'><em>,</em></span> 
     </span>
    </p>
   </div>
   <div class='ocr_carea' id='block_1_10' title="bbox 1612 4120 2098 4178">
    <p class='ocr_par' dir='ltr' id='par_1_10' title="bbox 1612 4120 2098 4178">
     <span class='ocr_line' id='line_1_28' title="bbox 1612 4120 2098 4178; baseline 0 -1"><span class='ocrx_word' id='word_1_265' title='bbox 1612 4120 1676 4177; x_wconf 89' lang='grc' dir='ltr'><em>Ν</em></span> <span class='ocrx_word' id='word_1_266' title='bbox 1679 4166 2098 4178; x_wconf 90' lang='grc'><strong>.......</strong></span> 
     </span>
    </p>
   </div>
   <div class='ocr_carea' id='block_1_11' title="bbox 385 4293 1753 4368">
    <p class='ocr_par' dir='ltr' id='par_1_11' title="bbox 385 4293 1753 4368">
     <span class='ocr_line' id='line_1_29' title="bbox 385 4293 1753 4368; baseline -0.002 -17"><span class='ocrx_word' id='word_1_267' title='bbox 385 4296 646 4352; x_wconf 83' lang='lat' dir='ltr'>Tribulis</span> <span class='ocrx_word' id='word_1_268' title='bbox 671 4302 729 4353; x_wconf 86' lang='lat' dir='ltr'>et</span> <span class='ocrx_word' id='word_1_269' title='bbox 755 4296 936 4368; x_wconf 80' lang='lat' dir='ltr'>spinis</span> <span class='ocrx_word' id='word_1_270' title='bbox 965 4301 1166 4352; x_wconf 81' lang='lat' dir='ltr'>vexato</span> <span class='ocrx_word' id='word_1_271' title='bbox 1193 4294 1392 4351; x_wconf 82' lang='lat' dir='ltr'>solatia</span> <span class='ocrx_word' id='word_1_272' title='bbox 1422 4293 1753 4363; x_wconf 71' lang='lat' dir='ltr'>ingeminat.</span> 
     </span>
    </p>
   </div>
   <div class='ocr_carea' id='block_1_12' title="bbox 312 4428 3414 4717">
    <p class='ocr_par' dir='ltr' id='par_1_12' title="bbox 312 4428 3414 4717">
     <span class='ocr_line' id='line_1_30' title="bbox 403 4428 3406 4509; baseline -0.001 -16"><span class='ocrx_word' id='word_1_273' title='bbox 403 4434 475 4493; x_wconf 94' lang='lat' dir='ltr'>In</span> <span class='ocrx_word' id='word_1_274' title='bbox 526 4449 728 4493; x_wconf 86' lang='lat' dir='ltr'>aurea</span> <span class='ocrx_word' id='word_1_275' title='bbox 779 4434 924 4493; x_wconf 91' lang='lat' dir='ltr'>luce</span> <span class='ocrx_word' id='word_1_276' title='bbox 973 4433 1139 4493; x_wconf 89' lang='lat' dir='ltr'>haec</span> <span class='ocrx_word' id='word_1_277' title='bbox 1189 4431 1394 4504; x_wconf 78' lang='lat' dir='ltr'>verba</span> <span class='ocrx_word' id='word_1_278' title='bbox 1442 4431 1689 4490; x_wconf 87' lang='lat' dir='ltr'>audivi:</span> <span class='ocrx_word' id='word_1_279' title='bbox 1726 4429 1778 4490; x_wconf 92' lang='grc' dir='ltr'>Ο</span> <span class='ocrx_word' id='word_1_280' title='bbox 1826 4430 1918 4489; x_wconf 84' lang='lat' dir='ltr'>fili</span> <span class='ocrx_word' id='word_1_281' title='bbox 1950 4428 2092 4505; x_wconf 89' lang='lat' dir='ltr'>Dei,</span> <span class='ocrx_word' id='word_1_282' title='bbox 2143 4432 2420 4507; x_wconf 86' lang='lat' dir='ltr'>provide</span> <span class='ocrx_word' id='word_1_283' title='bbox 2470 4435 2537 4493; x_wconf 90' lang='lat' dir='ltr'>et</span> <span class='ocrx_word' id='word_1_284' title='bbox 2584 4431 2873 4506; x_wconf 86' lang='lat' dir='ltr'>attende,</span> <span class='ocrx_word' id='word_1_285' title='bbox 2910 4431 3087 4509; x_wconf 90' lang='lat' dir='ltr'>quod</span> <span class='ocrx_word' id='word_1_286' title='bbox 3136 4432 3406 4496; x_wconf 85' lang='lat' dir='ltr'>exilium</span> 
     </span>
     <span class='ocr_line' id='line_1_31' title="bbox 313 4534 3407 4614; baseline -0.001 -16"><span class='ocrx_word' id='word_1_287' title='bbox 313 4540 404 4598; x_wconf 90' lang='lat' dir='ltr'>sit</span> <span class='ocrx_word' id='word_1_288' title='bbox 453 4538 517 4598; x_wconf 92' lang='lat' dir='ltr'>in</span> <span class='ocrx_word' id='word_1_289' title='bbox 553 4553 685 4614; x_wconf 92' lang='lat' dir='ltr'>quo</span> <span class='ocrx_word' id='word_1_290' title='bbox 735 4552 832 4611; x_wconf 91' lang='lat' dir='ltr'>es,</span> <span class='ocrx_word' id='word_1_291' title='bbox 870 4536 1237 4597; x_wconf 90' lang='lat' dir='ltr'>secundum</span> <span class='ocrx_word' id='word_1_292' title='bbox 1287 4534 1627 4595; x_wconf 88' lang='lat' dir='ltr'>mundum.</span> <span class='ocrx_word' id='word_1_293' title='bbox 1679 4534 1844 4594; x_wconf 91' lang='lat' dir='ltr'>Nam</span> <span class='ocrx_word' id='word_1_294' title='bbox 1893 4534 1961 4593; x_wconf 93' lang='lat' dir='ltr'>in</span> <span class='ocrx_word' id='word_1_295' title='bbox 1997 4534 2113 4595; x_wconf 90' lang='lat' dir='ltr'>illo</span> <span class='ocrx_word' id='word_1_296' title='bbox 2165 4536 2447 4596; x_wconf 88' lang='lat' dir='ltr'>nebulae</span> <span class='ocrx_word' id='word_1_297' title='bbox 2479 4538 2545 4597; x_wconf 89' lang='lat' dir='ltr'>et</span> <span class='ocrx_word' id='word_1_298' title='bbox 2596 4536 2908 4597; x_wconf 87' lang='lat' dir='ltr'>tenebrae</span> <span class='ocrx_word' id='word_1_299' title='bbox 2960 4541 3152 4605; x_wconf 87' lang='lat' dir='ltr'>sunt,</span> <span class='ocrx_word' id='word_1_300' title='bbox 3206 4542 3407 4612; x_wconf 89' lang='lat' dir='ltr'>atque</span> 
     </span>
     <span class='ocr_line' id='line_1_32' title="bbox 312 4638 3414 4717; baseline -0.001 -18"><span class='ocrx_word' id='word_1_301' title='bbox 312 4657 554 4717; x_wconf 87' lang='lat' dir='ltr'>magna</span> <span class='ocrx_word' id='word_1_302' title='bbox 602 4641 992 4716; x_wconf 89' lang='lat' dir='ltr'>inquietudo</span> <span class='ocrx_word' id='word_1_303' title='bbox 1040 4640 1337 4700; x_wconf 88' lang='lat' dir='ltr'>omnium</span> <span class='ocrx_word' id='word_1_304' title='bbox 1389 4641 1883 4714; x_wconf 77' lang='lat' dir='ltr'>tempestatum.</span> <span class='ocrx_word' id='word_1_305' title='bbox 1921 4638 1999 4697; x_wconf 82' lang='lat' dir='ltr'>Et</span> <span class='ocrx_word' id='word_1_306' title='bbox 2050 4639 2105 4697; x_wconf 85' lang='lat' dir='ltr'>si</span> <span class='ocrx_word' id='word_1_307' title='bbox 2150 4639 2397 4715; x_wconf 88' lang='lat' dir='ltr'>aliquis</span> <span class='ocrx_word' id='word_1_308' title='bbox 2449 4640 2647 4700; x_wconf 91' lang='lat' dir='ltr'>homo</span> <span class='ocrx_word' id='word_1_309' title='bbox 2685 4641 2747 4700; x_wconf 91' lang='lat' dir='ltr'>in</span> <span class='ocrx_word' id='word_1_310' title='bbox 2802 4640 2931 4701; x_wconf 92' lang='lat' dir='ltr'>ista</span> <span class='ocrx_word' id='word_1_311' title='bbox 2985 4641 3414 4700; x_wconf 88' lang='lat' dir='ltr'>inundatione</span> 
     </span>
    </p>
   </div>
   <div class='ocr_carea' id='block_1_13' title="bbox 315 4835 3415 5254">
    <p class='ocr_par' dir='ltr' id='par_1_13' title="bbox 315 4835 3415 5166">
     <span class='ocr_line' id='line_1_33' title="bbox 318 4835 3413 4911; baseline -0 -18"><span class='ocrx_word' id='word_1_312' title='bbox 318 4839 434 4896; x_wconf 81' lang='lat' dir='ltr'>suit</span> <span class='ocrx_word' id='word_1_313' title='bbox 459 4840 531 4896; x_wconf 76' lang='lat' dir='ltr'>ab</span> <span class='ocrx_word' id='word_1_314' title='bbox 571 4839 717 4896; x_wconf 85' lang='lat' dir='ltr'>irato</span> <span class='ocrx_word' id='word_1_315' title='bbox 756 4840 971 4899; x_wconf 75' lang='lat' dir='ltr'>victore</span> <span class='ocrx_word' id='word_1_316' title='bbox 1007 4841 1076 4896; x_wconf 77' lang='lat' dir='ltr'>ad</span> <span class='ocrx_word' id='word_1_317' title='bbox 1113 4854 1307 4898; x_wconf 87' lang='lat' dir='ltr'>canem</span> <span class='ocrx_word' id='word_1_318' title='bbox 1348 4847 1517 4911; x_wconf 84' lang='lat' dir='ltr'>super</span> <span class='ocrx_word' id='word_1_319' title='bbox 1553 4838 1819 4894; x_wconf 82' lang='lat' dir='ltr'>humeros</span> <span class='ocrx_word' id='word_1_320' title='bbox 1909 4835 2003 4907; x_wconf 87' lang='lat' dir='ltr'>plo</span> <span class='ocrx_word' id='word_1_321' title='bbox 2041 4853 2184 4893; x_wconf 82' lang='lat' dir='ltr'>uxor</span> <span class='ocrx_word' id='word_1_322' title='bbox 2218 4836 2487 4894; x_wconf 78' lang='lat' dir='ltr'>derelicta</span> <span class='ocrx_word' id='word_1_323' title='bbox 2529 4836 2827 4896; x_wconf 74' lang='lat' dir='ltr'>Get-trudis</span> <span class='ocrx_word' id='word_1_324' title='bbox 2867 4838 2932 4893; x_wconf 85' lang='lat' dir='ltr'>ad</span> <span class='ocrx_word' id='word_1_325' title='bbox 2970 4839 3213 4895; x_wconf 75' lang='lat' dir='ltr'>claustra</span> <span class='ocrx_word' id='word_1_326' title='bbox 3266 4843 3413 4892; x_wconf 78' lang='lat' dir='ltr'>tran·</span> 
     </span>
     <span class='ocr_line' id='line_1_34' title="bbox 315 4922 3407 4998; baseline -0.001 -19"><span class='ocrx_word' id='word_1_327' title='bbox 315 4940 416 4995; x_wconf 83' lang='lat' dir='ltr'>per</span> <span class='ocrx_word' id='word_1_328' title='bbox 439 4923 580 4981; x_wconf 83' lang='lat' dir='ltr'>duas</span> <span class='ocrx_word' id='word_1_329' title='bbox 610 4926 776 4981; x_wconf 83' lang='lat' dir='ltr'>horas</span> <span class='ocrx_word' id='word_1_330' title='bbox 815 4926 1175 4998; x_wconf 77' lang='lat' dir='ltr'>portandum,</span> <span class='ocrx_word' id='word_1_331' title='bbox 1215 4925 1337 4981; x_wconf 81' lang='lat' dir='ltr'>sive</span> <span class='ocrx_word' id='word_1_332' title='bbox 1375 4925 1444 4980; x_wconf 85' lang='lat' dir='ltr'>ad</span> <span class='ocrx_word' id='word_1_333' title='bbox 1471 4924 1820 4998; x_wconf 85' lang='lat' dir='ltr'>supplicium</span> <span class='ocrx_word' id='word_1_334' title='bbox 1908 4922 2094 4986; x_wconf 85' lang='lat' dir='ltr'>sicrit,</span> <span class='ocrx_word' id='word_1_335' title='bbox 2115 4940 2292 4996; x_wconf 86' lang='lat' dir='ltr'>quum</span> <span class='ocrx_word' id='word_1_336' title='bbox 2311 4927 2429 4998; x_wconf 78' lang='lat' dir='ltr'>jam</span> <span class='ocrx_word' id='word_1_337' title='bbox 2457 4941 2569 4981; x_wconf 86' lang='lat' dir='ltr'>una</span> <span class='ocrx_word' id='word_1_338' title='bbox 2596 4940 2724 4981; x_wconf 88' lang='lat' dir='ltr'>cum</span> <span class='ocrx_word' id='word_1_339' title='bbox 2756 4925 2877 4980; x_wconf 83' lang='lat' dir='ltr'>viro</span> <span class='ocrx_word' id='word_1_340' title='bbox 2902 4923 3251 4981; x_wconf 85' lang='lat' dir='ltr'>condidisset</span> <span class='ocrx_word' id='word_1_341' title='bbox 3275 4939 3407 4980; x_wconf 87' lang='lat' dir='ltr'>con·</span> 
     </span>
     <span class='ocr_line' id='line_1_35' title="bbox 315 5007 3415 5083; baseline -0 -20"><span class='ocrx_word' id='word_1_342' title='bbox 315 5009 533 5066; x_wconf 86' lang='lat' dir='ltr'>dictum</span> <span class='ocrx_word' id='word_1_343' title='bbox 562 5009 901 5072; x_wconf 66' lang='lat' dir='ltr'>Harnescam</span> <span class='ocrx_word' id='word_1_344' title='bbox 924 5026 1034 5081; x_wconf 87' lang='lat' dir='ltr'>qua</span> <span class='ocrx_word' id='word_1_345' title='bbox 1072 5009 1383 5081; x_wconf 88' lang='lat' dir='ltr'>ignominia</span> <span class='ocrx_word' id='word_1_346' title='bbox 1422 5026 1708 5083; x_wconf 83' lang='lat' dir='ltr'>oppresso.</span> <span class='ocrx_word' id='word_1_347' title='bbox 1739 5009 1822 5064; x_wconf 86' lang='lat' dir='ltr'>in·</span> <span class='ocrx_word' id='word_1_348' title='bbox 1911 5015 2148 5064; x_wconf 70' lang='lat' dir='ltr'>ventum</span> <span class='ocrx_word' id='word_1_349' title='bbox 2178 5010 2237 5065; x_wconf 90' lang='lat' dir='ltr'>in</span> <span class='ocrx_word' id='word_1_350' title='bbox 2264 5010 2633 5072; x_wconf 86' lang='lat' dir='ltr'>Bildhausen;</span> <span class='ocrx_word' id='word_1_351' title='bbox 2664 5010 2835 5080; x_wconf 85' lang='lat' dir='ltr'>digna</span> <span class='ocrx_word' id='word_1_352' title='bbox 2863 5024 2999 5066; x_wconf 82' lang='lat' dir='ltr'>sane</span> <span class='ocrx_word' id='word_1_353' title='bbox 3021 5024 3167 5080; x_wconf 81' lang='lat' dir='ltr'>quae</span> <span class='ocrx_word' id='word_1_354' title='bbox 3192 5008 3265 5063; x_wconf 83' lang='lat' dir='ltr'>ab</span> <span class='ocrx_word' id='word_1_355' title='bbox 3284 5007 3415 5064; x_wconf 80' lang='lat' dir='ltr'>Hil-</span> 
     </span>
     <span class='ocr_line' id='line_1_36' title="bbox 319 5093 3054 5166; baseline 0.001 -19"><span class='ocrx_word' id='word_1_356' title='bbox 319 5093 458 5150; x_wconf 76' lang='lat' dir='ltr'>felix</span> <span class='ocrx_word' id='word_1_357' title='bbox 488 5095 780 5152; x_wconf 80' lang='lat' dir='ltr'>Palatinus</span> <span class='ocrx_word' id='word_1_358' title='bbox 817 5097 876 5151; x_wconf 88' lang='lat' dir='ltr'>in</span> <span class='ocrx_word' id='word_1_359' title='bbox 907 5096 1313 5152; x_wconf 81' lang='lat' dir='ltr'>monasterium</span> <span class='ocrx_word' id='word_1_360' title='bbox 1356 5098 1701 5153; x_wconf 83' lang='lat' dir='ltr'>Eberacense</span> <span class='ocrx_word' id='word_1_361' title='bbox 1741 5114 1822 5153; x_wconf 84' lang='lat' dir='ltr'>sc-</span> <span class='ocrx_word' id='word_1_362' title='bbox 1913 5094 2152 5164; x_wconf 82' lang='lat' dir='ltr'>degarde</span> <span class='ocrx_word' id='word_1_363' title='bbox 2178 5096 2416 5152; x_wconf 85' lang='lat' dir='ltr'>consilia</span> <span class='ocrx_word' id='word_1_364' title='bbox 2444 5101 2502 5150; x_wconf 86' lang='lat' dir='ltr'>et</span> <span class='ocrx_word' id='word_1_365' title='bbox 2528 5096 2730 5152; x_wconf 82' lang='lat' dir='ltr'>solatia</span> <span class='ocrx_word' id='word_1_366' title='bbox 2758 5094 3054 5166; x_wconf 86' lang='lat' dir='ltr'>reciperet.</span> 
     </span>
    </p>

    <p class='ocr_par' dir='ltr' id='par_1_14' title="bbox 317 5176 3319 5254">
     <span class='ocr_line' id='line_1_37' title="bbox 317 5176 3319 5254; baseline 0 -19"><span class='ocrx_word' id='word_1_367' title='bbox 317 5180 515 5242; x_wconf 83' lang='lat' dir='ltr'>cessit,</span> <span class='ocrx_word' id='word_1_368' title='bbox 543 5196 606 5236; x_wconf 83' lang='lat' dir='ltr'>ac</span> <span class='ocrx_word' id='word_1_369' title='bbox 635 5176 800 5251; x_wconf 77' lang='lat' dir='ltr'>paulo</span> <span class='ocrx_word' id='word_1_370' title='bbox 827 5187 950 5253; x_wconf 81' lang='lat' dir='ltr'>post</span> <span class='ocrx_word' id='word_1_371' title='bbox 977 5181 1143 5237; x_wconf 87' lang='lat' dir='ltr'>obiit.</span> <span class='ocrx_word' id='word_1_372' title='bbox 1168 5180 1344 5250; x_wconf 87' lang='lat' dir='ltr'>Cujus</span> <span class='ocrx_word' id='word_1_373' title='bbox 1375 5180 1608 5236; x_wconf 74' lang='lat' dir='ltr'>fortasse</span> <span class='ocrx_word' id='word_1_374' title='bbox 1642 5196 1828 5237; x_wconf 82' lang='lat' dir='ltr'>exem·</span> <span class='ocrx_word' id='word_1_375' title='bbox 1996 5183 2039 5248; x_wconf 85' lang='lat'>¹)</span> <span class='ocrx_word' id='word_1_376' title='bbox 2063 5183 2260 5254; x_wconf 77' lang='lat' dir='ltr'>palam</span> <span class='ocrx_word' id='word_1_377' title='bbox 2284 5186 2549 5254; x_wconf 74' lang='lat' dir='ltr'>aperiam,</span> <span class='ocrx_word' id='word_1_378' title='bbox 2579 5185 2678 5234; x_wconf 83' lang='lat' dir='ltr'>aut</span> <span class='ocrx_word' id='word_1_379' title='bbox 2702 5179 2841 5250; x_wconf 86' lang='lat' dir='ltr'>quid</span> <span class='ocrx_word' id='word_1_380' title='bbox 2870 5179 3059 5234; x_wconf 83' lang='lat' dir='ltr'>simile</span> <span class='ocrx_word' id='word_1_381' title='bbox 3084 5179 3319 5235; x_wconf 80' lang='lat' dir='ltr'>excidit.</span> 
     </span>
    </p>
   </div>
   <div class='ocr_carea' id='block_1_14' title="bbox 3216 5333 3251 5368">
    <p class='ocr_par' dir='ltr' id='par_1_15' title="bbox 3216 5333 3251 5368">
     <span class='ocr_line' id='line_1_38' title="bbox 3216 5333 3251 5368; baseline 0 0"><span class='ocrx_word' id='word_1_382' title='bbox 3216 5333 3251 5368; x_wconf 52' lang='lat' dir='ltr'>U</span> 
     </span>
    </p>
   </div>
  </div>
 </body>
</html>
