4036 6117
1201 524 1446 579 Lissa
1495 524 1697 578 vira:
1750 525 2241 579 unali-onum.
2293 534 2349 580 P.
2400 531 2489 580 xv,
3195 518 3323 583 159

293 662 372 709 ea
405 663 582 725 quae
627 648 807 725 J'usta
861 647 1126 709 fuerunt
1174 655 1240 709 et
1289 657 1468 725 sunt,
1519 667 1639 728 per
1688 652 1903 727 ipsam
1952 651 2352 713 destrueret.
2402 652 2481 711 Et
2516 651 2681 712 haec
2715 660 2915 729 caput
2950 661 3018 712 ut
3073 656 3387 717 hinnulu-

295 772 651 819 cervorum
702 755 939 830 habet,
991 758 1146 833 quia
1198 763 1452 818 mentes
1503 758 1906 834 injustorum
1959 757 2303 817 hominum
2352 759 2420 817 in
2467 758 2755 817 saltibus
2812 760 3283 834 perversitatis
3329 757 3378 839 ¹)

297 866 472 935 sunt,
509 876 779 920 omnem
812 861 1301 936 providentiam
1334 878 1413 920 ac
1450 863 1959 936 intelligentiam
1993 861 2320 921 bonorum
2354 861 2965 938 supergredientes,
3002 868 3070 922 et
3104 864 3167 922 in
3196 880 3389 940 prae-

292 976 447 1038 ceps
494 967 760 1035 eunteS,
812 967 1013 1037 atque
1058 963 1472 1021 conscientia
1521 979 1666 1037 sua,
1711 979 1912 1039 quam
1954 978 2221 1039 semper
2254 963 2320 1022 in
2355 964 2737 1039 semetipsis
2775 964 3134 1040 ruminant,
3172 967 3376 1027 utiles

292 1064 505 1124 videri
557 1065 924 1140 cupientes
969 1064 1093 1123 Sed
1141 1071 1209 1125 et
1241 1067 1522 1125 caudam
1560 1073 1629 1125 ut
1665 1083 1865 1126 ursus
1899 1065 2128 1135 habet,
2173 1067 2489 1142 quoniam
2523 1083 2753 1127 omnes
2788 1073 2972 1126 artes
3006 1084 3269 1128 morum
3305 1070 3383 1130 il·-

297 1166 514 1227 lorum
566 1166 632 1226 in
683 1168 1124 1228 instabilitate
1171 1170 1510 1245 nequitiae
1559 1185 1636 1229 ac
1688 1170 1753 1228 in
1801 1185 2141 1229 murmure
2174 1170 2473 1229 malitiae
2506 1170 2848 1244 finiuntur,
2886 1184 3037 1230 curn
3072 1171 3383 1233 omnibus

295 1271 645 1341 resistere,
695 1272 1004 1331 omnibus
1054 1288 1426 1348 repugnare
1476 1279 1831 1347 conantur;
1881 1273 1995 1333 ubi
2046 1289 2205 1333 vero
2253 1280 2320 1332 et
2362 1273 2547 1348 Justo
2592 1273 2845 1348 judicio
2890 1273 3161 1349 devicti,
3196 1281 3265 1335 et
3299 1275 3383 1336 ad

292 1377 576 1437 nihilum
628 1377 904 1453 redacti,
953 1378 1379 1454 dejiciuntur.
1431 1379 1789 1455 Reliquum
1837 1396 1996 1439 vero
2042 1396 2288 1456 corpus
2319 1380 2465 1455 ejus
2498 1395 2701 1455 porco
2737 1381 3178 1456 assimilatur,
3216 1384 3374 1460 quia

293 1482 599 1541 homines
634 1481 1035 1557 injustitiam
1069 1489 1429 1557 sectanteS,
1482 1482 1622 1543 luto
1657 1484 1958 1560 ejusdem
1990 1485 2140 1544 vitii
2176 1485 2628 1559 involvuntur,
2680 1491 2746 1545 et
2782 1487 2847 1545 in
2882 1486 3198 1547 sordibus
3230 1488 3381 1564 eJus

285 1584 528 1658 Jacent.
589 1585 916 1655 Quoniam
972 1602 1176 1661 opera
1233 1587 1535 1662 ipsorum
1584 1603 1702 1663 per
1751 1588 2047 1663 rugitum
2098 1588 2381 1663 injuriae
2428 1594 2756 1664 tortuosa,
2793 1597 2861 1650 et
2893 1607 3014 1667 per
3061 1592 3377 1669 injuriam

294 1689 662 1748 multorum
696 1688 975 1762 nefaria,
1013 1691 1263 1748 nullam
1313 1690 1782 1750 rectitudinem
1831 1692 2202 1767 sapientiae
2250 1692 2673 1768 praevident,
2734 1709 2857 1753 nec
2904 1695 3111 1754 ullum
3163 1698 3386 1757 consi-

293 1793 454 1852 lium
498 1793 805 1869 justitiae
839 1793 921 1853 ad
958 1810 1029 1852 se
1062 1793 1358 1867 trahunt3
1400 1794 1518 1852 sed
1553 1795 1775 1853 omnia
1810 1811 1929 1871 per
1961 1810 2034 1854 se
2069 1796 2252 1870 ipsos
2286 1794 2454 1869 fieri,
2491 1801 2559 1855 et
2592 1797 2957 1856 secundum
2991 1799 3376 1860 voluntates

294 1912 454 1957 suas
503 1897 852 1956 terminari
899 1897 1154 1972 volunt,
1206 1904 1273 1956 et
1323 1898 1476 1957 aliis
1511 1898 1894 1974 superiores
1928 1914 2079 1958 esse
2113 1899 2541 1973 contendunt,
2579 1899 3136 1976 quemadmodum
3171 1901 3376 1962 etiam

297 1998 470 2059 idem
501 2000 744 2061 vitium
781 2001 846 2060 in
878 2000 1214 2061 locutione
1240 2018 1363 2061 sua
1389 2002 1704 2076 ostendit,
1741 2007 1814 2060 ut
1839 2001 2217 2078 praefatum
2250 2007 2373 2061 est.
2414 2002 2687 2062 ,lustitia
2720 2010 2943 2063 autem
2980 2005 3076 2064 illi
3108 2021 3382 2084 respon-

294 2105 425 2176 det,
462 2107 530 2163 et
564 2119 647 2163 ne
681 2103 985 2164 homines
1022 2104 1205 2163 illam
1244 2105 1610 2180 imitentur,
1647 2104 1977 2167 admonet.

1711 2328 1964 2392 XXVII.

1631 2527 1722 2586 De
1773 2536 2051 2604 torpore.

378 2738 484 2798 35.
535 2735 662 2797 Sed
711 2734 1006 2795 secunda
1055 2734 1272 2809 imago
1324 2740 1663 2810 torporem
1707 2734 2027 2810 declarat3
2068 2752 2237 2813 quae
2273 2736 2815 2813 hicinjustitiam
2853 2740 3181 2819 sequitur,
3219 2744 3375 2821 quia

286 2838 622 2915 justitiam
669 2838 944 2913 deserit,
994 2843 1062 2897 et
1109 2838 1266 2912 quia
1322 2837 1388 2895 in
1435 2835 1563 2896 fide
1610 2838 1774 2913 vigil
1823 2854 1954 2897 non
1985 2841 2111 2913 est,
2163 2837 2281 2898 sed
2314 2841 2709 2900 coecitatem
2742 2844 2985 2902 mentis
3020 2843 3243 2920 habet,
3281 2847 3375 2907 ita

289 2944 463 3021 quod
517 2943 586 3002 in
630 2941 842 3002 Deum
888 2941 1222 3000 veraciter
1267 2955 1401 2999 non
1447 2941 1708 3017 aspicit.
1760 2941 1938 3013 Quae
1986 2942 2314 3018 puerilem
2353 2942 2589 3003 faciem
2624 2950 2691 3003 et
2725 2944 2915 3004 albos
2948 2946 3232 3021 capillos
3265 2947 3384 3007 ha-

295 3051 422 3125 bet,
474 3048 793 3125 quoniam
841 3046 1144 3106 homines
1193 3050 1536 3121 torporem
1583 3045 1961 3122 diligentes,
2000 3046 2068 3106 in
2117 3048 2447 3123 sapientia
2479 3053 2546 3107 et
2577 3046 2980 3109 discretione
3017 3065 3190 3127 quae
3222 3066 3379 3112 cau-

292 3171 403 3214 sas
457 3152 772 3213 utilitatis
819 3152 1182 3227 postulant,
1235 3150 1486 3209 nullam
1520 3149 1945 3225 disciplinam
1978 3166 2099 3226 per
2132 3151 2568 3211 intentionem
2602 3168 2793 3212 suam
2826 3160 3179 3230 quaerunt;
3216 3156 3375 3231 quia

293 3257 483 3317 stulti
532 3272 611 3315 ac
661 3254 1011 3314 instabiles
1061 3255 1127 3313 in
1179 3253 1375 3313 factis
1409 3255 1552 3312 suis
1588 3256 1763 3328 sunt,
1800 3260 1868 3313 et
1901 3255 2099 3330 quasi
2130 3254 2475 3314 levitatem
2510 3255 2575 3314 in
2611 3255 2946 3316 mentibus
2978 3259 3120 3318 suis
3156 3273 3228 3318 se
3263 3257 3380 3318 ha·-

292 3362 448 3421 bere
496 3359 880 3432 ostendunt,
933 3359 1046 3418 ubi
1094 3358 1346 3417 nullam
1377 3357 1806 3433 probitatem,
1860 3357 1975 3416 sed
2011 3358 2340 3418 lubricam
2373 3359 2716 3434 pigritiam
2748 3358 3055 3435 diligunt.
3088 3361 3169 3422 Et
3204 3362 3380 3421 tuni-

291 3481 363 3523 ca
399 3462 636 3539 pallidi
672 3461 917 3521 coloris
954 3459 1273 3536 induitur,
1312 3461 1376 3519 in
1410 3477 1612 3537 quam
1645 3459 1917 3520 brachia
1953 3467 2021 3520 et
2047 3476 2284 3521 manus
2312 3478 2471 3520 suas
2501 3461 2836 3536 subducit,
2861 3459 2911 3542 ²)
2939 3469 3004 3523 et
3029 3479 3150 3539 per
3175 3479 3381 3540 quam·

292 3567 494 3644 pedes
545 3583 707 3627 suos
754 3582 833 3625 ac
880 3570 1146 3624 caetera
1195 3565 1493 3625 membra
1530 3582 1651 3625 sua
1686 3565 1778 3624 ita
1812 3564 2088 3640 obtegit,
2142 3565 2319 3641 quod
2351 3566 2604 3625 nullam
2638 3565 2842 3626 aliam
2879 3566 3161 3628 formam
3194 3567 3264 3628 in
3294 3583 3379 3627 ea

292 3673 677 3733 discernere
725 3670 935 3744 valeS,
986 3670 1301 3745 quoniam
1349 3675 1713 3729 nocturnas
1753 3674 1821 3729 et
1855 3675 2200 3745 torpentes
2234 3670 2546 3731 tenebras
2578 3670 3025 3747 negligentiae
3057 3687 3178 3749 per
3210 3676 3383 3736 otio-

294 3778 564 3837 sitatem
613 3775 932 3835 vacantes
979 3772 1282 3833 homines
1332 3773 1461 3833 sibi
1509 3773 1912 3847 circumdat3
1965 3774 2032 3834 in
2079 3791 2250 3851 quos
2296 3775 2500 3834 etiam
2536 3773 3018 3851 fortitudinem,
3055 3791 3261 3854 quam
3306 3779 3379 3837 in·

292 3881 610 3958 operibus
657 3880 800 3940 suis
849 3878 1097 3938 habere
1144 3877 1484 3952 deberent,
1521 3878 1958 3954 abscondunt,
2010 3896 2163 3939 cum
2212 3879 2384 3940 bona
2416 3886 2484 3940 et
2518 3878 2718 3941 fortia
2753 3880 2932 3942 facta
2964 3885 3235 3958 operari·
3262 3899 3375 3944 ne-

290 3987 573 4064 gligunt,
624 3991 692 4045 et
723 4000 843 4061 per
874 4001 1044 4061 quos
1077 3984 1282 4043 etiam
1314 3983 1603 4059 vestigia
1635 4001 1757 4044 sua
1790 3985 1904 4045 ubi
1939 3985 2007 4043 in
2038 3985 2149 4044 via
2183 3984 2607 4044 rectitudinis
2639 3984 2985 4045 ambulare
3016 3985 3368 4061 debebant,

290 4106 370 4152 ac
416 4096 726 4152 caeteras
788 4089 1290 4165 conjunctiones
1338 4094 1406 4148 et
1452 4088 1876 4148 extensiones
1926 4104 2202 4165 operum
2251 4103 2527 4148 suorum
2560 4088 2676 4148 tali
2724 4088 3129 4164 negligentia
3171 4095 3238 4150 et
3277 4091 3379 4167 pi-

294 4197 494 4273 gritia
523 4194 950 4270 subtrahunt,
979 4195 1157 4271 quod
1183 4195 1365 4254 nulla
1401 4194 1614 4253 forma
1646 4194 1996 4254 beatarum
2031 4194 2359 4255 virtutum
2387 4195 2450 4254 in
2483 4194 2583 4254 eis
2617 4194 3031 4254 considerari
3052 4189 3103 4274 ⁸)
3131 4200 3375 4272 potest.

297 4303 365 4360 ln
411 4299 637 4361 taedio
685 4300 862 4359 enim
895 4304 1072 4374 sunt,
1123 4304 1188 4357 et
1227 4300 1291 4357 in
1324 4297 1544 4358 taedio
1579 4298 1834 4372 vivunt,
1885 4311 2008 4357 nec
2042 4314 2163 4374 pro
2200 4298 2416 4358 salute
2452 4297 2710 4357 animae
2746 4297 3221 4374 sollicitantur,
3255 4313 3379 4361 nec

295 4422 414 4481 pro
460 4420 745 4481 corpore
777 4403 1106 4478 laborant;
1143 4402 1260 4462 sed
1294 4403 1359 4462 in
1392 4402 1531 4461 otio
1568 4406 1934 4477 torpentes,
1972 4402 2039 4461 in
2071 4401 2295 4478 quiete
2329 4416 2402 4460 se
2433 4401 2662 4461 vivere
2693 4400 2869 4461 velle
2901 4399 3153 4477 dicunt,
3188 4403 3376 4465 velut

292 4509 496 4568 etiarn
543 4505 718 4567 idem
767 4506 1007 4567 vitium
1039 4506 1106 4566 in
1138 4505 1364 4566 verbis
1397 4506 1540 4565 suis
1574 4504 1885 4581 superius
1918 4504 2352 4565 demonstrat.
2398 4504 2606 4576 Quam
2643 4503 2967 4566 fortitudo
3006 4504 3373 4583 redarguit,

296 4618 364 4671 et
394 4626 476 4672 ne
511 4609 816 4672 homines
851 4610 916 4669 in
949 4615 1220 4686 torpore
1255 4608 1670 4684 sordescant,
1717 4607 1834 4668 sed
1870 4613 1943 4668 ut
1976 4614 2115 4668 tam
2148 4607 2302 4668 aliis
2335 4622 2536 4685 quam
2572 4607 3015 4684 sibimetipsis
3056 4608 3125 4668 in
3157 4608 3379 4669 anima

297 4721 364 4775 et
407 4731 689 4793 corpore
738 4719 1008 4775 strenue
1043 4718 1460 4788 succurrant,
1497 4718 1565 4772 et
1597 4717 1673 4772 ut
1706 4728 1943 4772 manus
1979 4728 2141 4772 suas
2175 4712 2256 4772 ad
2291 4728 2493 4788 opera
2530 4712 2844 4772 utilitatis
2882 4711 3196 4786 dirigant,
3232 4726 3382 4787 per-

303 4822 557 4897 suadet,
594 4821 960 4882 secundum
993 4818 1168 4896 quod
1201 4819 1407 4879 etiam
1439 4816 1566 4877 hoc
1599 4816 1795 4877 modo
1831 4817 2158 4894 scriptum
2194 4823 2316 4877 est:

372 5024 412 5086 ι)
435 5026 878 5097 perversitatibus
903 5019 966 5075 A.
1005 5053 1066 5060 —-
1089 5023 1135 5082 ⁴²)
1162 5023 1425 5076 subduxit
1450 5018 1514 5074 A.
1549 5048 1607 5059 -
1637 5019 1683 5085 ³)
1711 5022 2053 5075 considerare
2076 5019 2168 5073 W.
