4036 6117
654 385 788 445 348

678 521 844 592 Quia
873 521 1132 597 justum
1166 525 1291 594 est,
1330 526 1402 580 ut
1435 521 1500 579 in
1534 522 1762 579 causis
1796 522 2048 581 nostris
2075 523 2489 582 voluntatem
2515 522 2632 581 Dei
2661 522 3119 597 inspiciamus,
3150 521 3232 581 ad
3260 519 3707 581 clementiam

586 629 858 703 pietatis
908 634 1174 687 vestrae
1224 626 1669 702 confugimus:
1725 627 1790 685 in
1839 643 1970 703 qua
2027 628 2367 688 insolitum
2417 633 2484 686 et
2536 628 2904 688 inauditum
2958 628 3374 704 temporibus
3432 626 3711 686 nostris

584 732 882 792 divinum
933 733 1202 803 donum,
1242 748 1373 807 quo
1410 748 1530 791 vos
1579 731 1756 790 Deus
1794 731 2115 808 respexit,
2170 747 2249 791 ac
2283 732 2686 792 mirabiliter
2732 732 2999 804 ditavit,
3053 748 3183 792 non
3216 732 3300 791 ad
3334 747 3530 790 usum
3585 746 3716 790 no·-

587 839 710 898 stri
748 839 981 912 soliuS,
1022 838 1138 896 sed
1177 837 1567 910 multorum,
1603 836 1736 895 Deo
1774 837 2077 911 jubente,
2130 838 2548 897 convertitis.
2585 839 2720 899 Nos
2754 838 2931 897 enim
2964 837 3134 897 visis
3183 842 3250 896 et
3285 835 3535 896 auditis
3573 834 3716 893 mi-

586 943 861 1016 raculiS,
914 957 1085 1018 quae
1134 941 1456 1000 Dominus
1490 957 1610 1016 per
1659 957 1778 999 vos
1814 947 2155 1017 operatur,
2209 943 2479 1002 laudum
2513 945 2897 1019 praeconia,
2950 943 3261 1019 quamvis
3297 941 3595 1017 indigna,
3636 940 3707 1000 ei

590 1045 956 1106 offerimus,
1007 1045 1131 1105 Sed
1177 1046 1335 1121 quia
1386 1046 1785 1105 multociens
1833 1046 2042 1105 Deum
2092 1047 2524 1121 negligimus,
2576 1048 2810 1107 multis
2860 1027 3412 1108 tribulationibus
3460 1046 3712 1105 atteri-

589 1165 771 1226 mur,
839 1151 1115 1210 infinitis
1179 1150 1679 1209 calamitatibus
1736 1148 2104 1224 afficimur,
2168 1151 2538 1210 innumeris
2595 1152 2927 1227 angustiis
2985 1151 3417 1227 subjicimur,
3483 1155 3550 1208 et
3612 1164 3704 1207 ne

587 1254 990 1313 omnimodis
1039 1253 1474 1329 desperantes
1523 1268 1898 1328 pereamuS,
1953 1255 2130 1313 sicut
2180 1256 2664 1329 necessarium,
2718 1255 2810 1314 ita
2840 1255 3097 1330 justum
3148 1259 3275 1328 est,
3328 1259 3402 1313 ut
3437 1252 3519 1312 ad
3567 1266 3703 1311 eos

590 1357 703 1433 qui
753 1356 959 1415 Deum
1005 1362 1143 1416 toto
1195 1357 1393 1415 corde
1442 1356 1750 1429 diligunt,
1800 1361 1868 1416 et
1900 1358 2224 1431 optimam
2280 1365 2540 1434 partem
2575 1375 2727 1417 cum
2778 1358 2985 1418 Maria
3034 1357 3404 1433 elegerunt,
3457 1353 3706 1415 confu-

590 1459 877 1534 giamuS,
914 1465 980 1517 et
1015 1475 1241 1519 eorum
1281 1459 1634 1518 consilium
1669 1466 1736 1517 et
1771 1461 2095 1519 auxilium
2133 1477 2561 1536 quaeramus

681 1563 735 1621 A
784 1561 1101 1620 veridicis
1157 1562 1490 1637 siquidem
1546 1562 1852 1638 personis
1912 1563 2200 1623 relatum
2257 1569 2363 1622 est
2414 1564 2640 1638 nobiS,
2702 1565 2877 1640 quod
2936 1563 3261 1640 quaedam
3322 1562 3405 1620 de
3460 1574 3702 1619 errore

593 1665 1034 1725 catharorum
1069 1661 1112 1744 ¹)
1152 1667 1590 1741 scripseritiS,
1628 1666 2188 1742 quemadmodum
2237 1667 2348 1727 illa
2384 1668 2450 1728 in
2484 1668 2743 1728 visione
2781 1675 3194 1729 secretorum
3239 1666 3358 1726 Dei
3392 1666 3697 1739 vidistis;

593 1785 764 1844 quae
810 1774 880 1827 ut
913 1769 1107 1828 nobis
1157 1757 1653 1839 transmittatis
1707 1772 1884 1831 omni
1934 1771 2290 1831 devotione
2342 1773 2744 1848 expetimus;
2799 1773 3116 1848 quoniam
3148 1771 3417 1830 divinae
3465 1776 3700 1829 osten-

594 1874 764 1933 sioni
800 1877 864 1933 et
900 1889 1220 1949 responso
1272 1875 1486 1948 magis
1522 1874 1882 1946 credimuS‚
1935 1891 2137 1951 quam
2174 1877 2484 1937 humano.
2536 1875 2798 1936 Sanctis
2849 1878 3076 1952 itaque
3109 1875 3529 1935 orationibus
3578 1890 3702 1932 ve-

594 1979 756 2037 stris
816 1994 935 2037 nos
991 1978 1566 2052 commendamus,
1627 1984 1931 2054 petentes
1990 1981 2064 2038 ut
2111 1978 2434 2056 quidquid
2493 1981 2685 2039 vobis
2745 1996 3033 2054 sponsus
3090 1985 3317 2038 vester
3370 1977 3698 2037 Dominus

589 2080 783 2138 Jesus
831 2080 912 2138 de
963 2079 1068 2137 his
1122 2082 1422 2140 revelare
1471 2081 1880 2156 dignabitur,
1937 2083 2130 2141 nobis
2181 2084 2353 2142 bona
2402 2085 2771 2158 voluntate,
2832 2085 3006 2143 sicut
3039 2100 3164 2142 vos
3211 2082 3431 2151 decet,
3482 2078 3696 2141 scribi

600 2183 885 2242 faciatis,
924 2183 1171 2241 Valete.

1809 403 1860 446 S.
1914 400 1990 446 111
2016 402 2465 448 LDEGARDIS

2101 2390 2183 2453 X.

1623 2603 2046 2678 Hildeyardis
2097 2602 2176 2660 de
2232 2603 2549 2663 catharis.
2600 2600 2650 2680 ²)

603 2801 1001 2860 praestabilita
1026 2802 1267 2871 quadam
1306 2802 1662 2864 chronotaxi,
1691 2802 2063 2874 expositoque
2100 2803 2280 2858 Isaiae
2307 2805 2454 2868 loco,
2495 2803 2789 2859 invehitur
2816 2803 2876 2858 in
2913 2803 3416 2863 Pseudocatharos.
3441 2813 3689 2871 quorum

674 2888 950 2944 describit
975 2903 1155 2943 mores
1194 2893 1251 2943 et
1276 2903 1513 2950 errores,
1542 2887 2027 2943 conversationem
2054 2889 2287 2944 damnat
2311 2894 2369 2944 et
2394 2890 2737 2945 detestatur.-

2003 3098 2057 3135 α.
2099 3083 2273 3135 1163.

691 3278 908 3335 Mense
956 3276 1127 3335 Julio
1179 3280 1555 3352 praesentis
1606 3280 1782 3351 anni,
1837 3278 1949 3354 qui
1988 3283 2092 3336 est
2142 3277 2546 3336 millesimus
2598 3278 3007 3336 centesimus
3056 3275 3518 3349 sexagesimus
3569 3275 3704 3329 ter·-

602 3382 737 3437 tius
770 3376 818 3455 ³)
856 3381 1239 3440 Dominicae
1278 3382 1777 3454 incarnationiS,
1830 3382 2166 3458 aspiciens
2216 3398 2252 3439 a
2304 3382 2522 3456 longe,
2576 3381 2715 3440 vidi
2752 3382 2819 3441 in
2869 3381 3105 3440 umbra
3139 3394 3340 3439 verae
3387 3376 3698 3447 visionis,

603 3484 727 3542 sub
763 3485 998 3555 altare,
1035 3485 1207 3559 quod
1246 3491 1348 3543 est
1382 3491 1532 3543 ante
1568 3486 1800 3544 oculos
1835 3486 1974 3552 Dei,
2022 3492 2089 3543 et
2123 3485 2323 3543 etiam
2365 3485 2503 3543 vidi
2541 3485 2668 3544 sub
2706 3485 3016 3545 thronum
3051 3481 3189 3542 Dei.
3238 3482 3316 3540 Et
3350 3479 3487 3538 vidi
3521 3476 3699 3554 quod

603 3587 839 3660 viginti
875 3593 1164 3662 quatuor
1199 3589 1521 3662 senioreS,
1575 3590 1691 3663 qui
1729 3590 1791 3646 in
1827 3589 2114 3646 circuitu
2154 3588 2334 3646 sedis
2372 3588 2630 3661 sedent,
2683 3589 2973 3648 vitreum
3011 3602 3193 3646 mare
3236 3585 3410 3662 quod
3447 3584 3513 3643 in
3547 3598 3703 3642 con·

607 3698 837 3765 spectu
876 3691 1057 3749 sedis
1091 3697 1218 3765 est,
1257 3693 1636 3766 movebant,
1676 3699 1741 3750 et
1775 3692 2107 3751 dixerunt:
2762 3669 2772 3679 ⁸

677 3920 718 3983 ¹)
758 3922 936 3976 Vetus
950 3922 1408 3980 Manichaeorum
1428 3924 1699 3980 colluvies
1729 3930 1865 3981 tunc
1893 3930 2103 3996 tempo-

605 4006 685 4060 ris
728 4007 918 4078 erupit
965 4007 1026 4063 in
1064 4010 1332 4065 Catharos
1381 4010 1509 4064 illos
1535 4016 1592 4065 et
1630 4010 1961 4079 Albigenses
2002 4009 2105 4080 qui

609 4094 776 4164 paulo
834 4100 980 4164 post,
1029 4111 1221 4151 omnes
1269 4095 1482 4151 Gallias
1528 4094 1814 4150 funestare
1863 4096 2108 4164 aggressi

606 4184 756 4232 sunt.
813 4178 1057 4235 Favente
1105 4181 1442 4236 Germanico
1481 4180 1787 4236 schismate
1824 4183 2106 4239 Frederici

606 4264 968 4319 Ahenobarbi
1010 4266 1274 4321 adversus
1300 4267 1682 4322 Alexandrum
1710 4268 1815 4331 ΠΙ,
1855 4284 1966 4324 non
2007 4269 2111 4324 mi·

608 4366 731 4404 rum
772 4367 866 4405 eos
905 4366 1083 4421 usque
1120 4351 1187 4405 ad
1226 4353 1494 4407 Rhenana
1537 4354 1736 4407 littora
1776 4355 2108 4424 pullulasse.

606 4446 834 4509 tamque
886 4439 1247 4507 Hildegardis
1298 4440 1565 4495 vaticinia
1615 4455 1785 4510 quam
1820 4441 2108 4510 Mogunti-

609 4540 808 4580 norum
874 4526 1272 4580 monachorum
1337 4524 1696 4580 formidinem
1748 4525 2105 4582 excitavisse.

605 4614 692 4668 Ad
735 4619 982 4684 tempora
1018 4626 1161 4680 quae
1201 4610 1563 4680 Hildegardis
1600 4610 1743 4665 infra
1785 4610 1924 4666 satis
1949 4628 2110 4667 accu-

610 4706 730 4756 rate
768 4705 1045 4760 recenset,
1075 4697 1240 4753 facile
1268 4703 1523 4768 spectant
1549 4712 1691 4766 quae
1719 4696 1948 4751 aliunde
1973 4695 2113 4751 rese—

607 4791 838 4847 runtur,
880 4783 1100 4839 scilicet
1146 4782 1422 4837 zizaniam
1469 4782 1833 4839 seminavisse
1877 4784 2110 4838 Petrum

608 4874 676 4928 de
704 4870 869 4926 Bruis
894 4870 1043 4926 circa
1083 4866 1314 4923 initium
1357 4868 1467 4922 ΧΠ
1506 4868 1750 4930 saeculi.
1792 4867 2109 4924 Henricum

629 4961 941 5027 apostatam
984 4954 1319 5010 monachum
1352 4952 1409 5006 in
1441 4952 1623 5007 medio
1651 4954 1872 5008 saeculo
1897 4970 2113 5010 errores

612 5040 1018 5111 propalavissr‚
1060 5040 1351 5093 damnatos
1388 5038 1615 5109 quidem
1648 5037 1702 5091 in
1731 5038 1973 5093 concilio
2015 5042 2111 5095 La-

2199 3924 2504 3988 teranensi,
2527 3942 2577 3981 a.
2614 3931 2772 3990 1179.
2795 3923 2888 3982 sed
2911 3925 3327 3982 crebrescentes
3346 3917 3697 3977 obstinatius

2195 4026 2294 4081 per
2336 4010 2809 4080 Longobardium,
2854 4010 3120 4070 Galliam.
3158 4006 3502 4067 Flandriam.
3543 4004 3697 4059 unde

2200 4096 2408 4153 invasit
2452 4097 2755 4153 dioecesim
2810 4095 3225 4155 Coloniensem.
3270 4092 3483 4163 quibus
3519 4088 3697 4145 obsti·

2205 4181 2276 4236 tit
2298 4182 2353 4238 S.
2380 4182 2744 4251 Hildegardis
2765 4198 2891 4239 cum
2915 4182 3206 4238 Elisabeth
3224 4176 3693 4247 schonaugiensi.

2199 4266 2282 4323 Cf.
2328 4266 2478 4322 inter
2504 4268 2614 4322 alia
2651 4269 2810 4324 Acta.
2847 4268 2943 4324 SS.
2986 4266 3167 4337 April.
3214 4271 3252 4322 t.
3297 4266 3375 4328 11.
3405 4282 3457 4336 p.
3491 4268 3616 4327 562,
3652 4270 3691 4321 t.

2200 4352 2301 4409 111.
2336 4371 2388 4424 p.
2419 4358 2545 4417 686,
2572 4358 2698 4416 687,
2726 4353 2982 4410 Nominis
3014 4360 3245 4425 etymon
3279 4351 3410 4407 aliis
3435 4366 3700 4421 graecum

2199 4444 2305 4500 est,
2334 4438 2465 4493 aliis
2492 4439 2876 4507 germanicum
2904 4444 3003 4494 aut
3030 4437 3382 4493 flandricum.

2267 4525 2312 4590 2)
2353 4525 2417 4578 ln
2456 4526 2577 4580 cod.
2621 4525 2741 4582 eod.
2785 4526 3145 4582 Wiesbaden.
3189 4524 3338 4597 epist
3373 4528 3477 4579 266
3517 4523 3576 4578 in
3609 4542 3701 4580 eo·

2197 4609 2323 4664 dem
2353 4611 2590 4678 catalog.

2269 4696 2313 4757 ³)
2341 4697 2412 4751 ab
2441 4696 2541 4751 illo
2567 4713 2712 4753 anno
2747 4702 2904 4760 1163,
2934 4698 3101 4769 paulo
3130 4696 3275 4751 infra
3304 4697 3607 4767 respicitur
3632 4701 3704 4755 ad

2200 4798 2377 4838 annos
2420 4786 2555 4838 1149
2582 4790 2639 4838 et
2682 4788 2841 4846 1105,
2870 4783 2930 4838 in
2967 4798 3081 4852 quo
3110 4782 3378 4855 temporis
3404 4783 3590 4854 spatio
3616 4800 3704 4840 re·

2200 4874 2289 4924 cte
2332 4868 2546 4922 dicitur
2588 4868 2956 4924 Catharorum
3010 4884 3287 4924 venenum
3335 4867 3511 4925 fuisse
3547 4885 3703 4941 spar-

2200 4970 2343 5009 sum.
2386 4954 2494 5010 Sed
2533 4954 2605 5008 ob
2644 4953 2843 5010 seriem
2870 4955 3072 5008 harum
3098 4952 3465 5024 epistolarum
3506 4969 3707 5010 vereor

2202 5057 2269 5096 ne
2299 5040 2593 5109 legendum
2624 5040 2695 5094 sit
2724 5042 3143 5111 septuayesimm
3169 5045 3359 5095 tertius
