4036 6117
1688 511 2160 563 urls‘ronAE.
3272 500 3397 564 :351

389 631 744 716 inspiravit
784 641 843 698 et
882 638 1127 698 docuit:
1166 638 1342 698 sicut
1374 644 1439 697 et
1472 636 1790 698 Diabolus
1829 639 2245 713 blasphemia
2280 645 2346 697 et
2380 638 2680 713 nequitia
2713 645 2778 696 et
2814 639 3155 697 mendas-io
3183 642 3476 699 omnium

387 743 715 801 malorum
753 742 920 800 istos
960 741 1311 799 imbuendo
1346 741 1577 814 replet.

477 847 635 904 Nam
674 846 947 920 antiquo
986 846 1280 917 serpenti
1318 845 1382 913 in
1418 845 1605 904 initio
1642 846 1872 903 ruinae
1909 861 2093 917 suae,
2133 845 2346 902 clavis
2395 861 2592 918 quam
2646 860 2717 903 se
2760 844 3013 903 habere
3049 847 3331 921 putavit,
3370 847 3481 906 de-

381 953 561 1027 jecit:
595 950 708 1009 sed
740 966 909 1009 nunc
946 951 1008 1007 in
1046 950 1407 1023 semetipso
1441 949 1737 1024 deputat,
1769 949 1945 1025 quod
1982 950 2145 1008 haec
2181 949 2633 1024 nequissimae
2670 948 2925 1008 bestiae
2953 950 3162 1009 clavis
3190 951 3335 1026 ejus
3364 952 3477 1022 sit,

389 1057 478 1114 ita
519 1055 694 1130 quod
745 1066 895 1112 cum
938 1069 1016 1111 ea
1066 1068 1328 1112 omnem
1376 1054 1783 1112 voluntatem
1838 1070 2027 1111 suam
2073 1052 2437 1127 perficiant.
2490 1052 2613 1111 Sed
2653 1054 2715 1111 in
2752 1054 2865 1112 illa
2900 1054 3117 1113 omnis
3155 1053 3476 1116 fortitudo

391 1159 603 1235 ipsius
638 1157 904 1215 omnino
942 1161 1342 1215 conteretur.

475 1262 659 1321 Nunc
715 1276 862 1328 vos,
921 1260 1172 1336 populi,
1212 1260 1323 1335 qui
1369 1259 1801 1333 purissimam
1853 1258 2047 1316 sidem
2100 1257 2391 1333 habetiS,
2454 1257 2659 1317 Deum
2711 1259 3193 1335 suspicienteS,
3252 1261 3478 1321 audite

387 1377 620 1421 vocem
674 1361 854 1419 illius
904 1361 1017 1436 qui
1066 1367 1233 1435 erat,
1287 1367 1352 1419 et
1401 1361 1514 1435 qui
1563 1366 1700 1434 est,
1761 1366 1828 1418 et
1876 1361 1990 1435 qui
2040 1366 2365 1419 venturus
2415 1365 2541 1434 est,
2593 1361 2783 1420 vobis
2832 1361 3184 1422 dicentem:
3237 1365 3479 1424 Audite

389 1469 595 1527 verba
649 1466 1096 1539 sacerdotum,
1150 1465 1263 1540 qui
1293 1461 1629 1539 justitiam
1680 1480 1896 1522 meam
1939 1465 2167 1523 tenent
2212 1470 2280 1522 et
2314 1470 2614 1533 servant,
2666 1467 2731 1524 et
2766 1465 2831 1523 in
2864 1482 3148 1541 quorum
3199 1467 3478 1528 auribus

389 1573 552 1632 haec
586 1572 789 1630 verba
825 1587 969 1630 mea
1007 1571 1355 1642 tonabunt,
1393 1575 1458 1628 et
1493 1569 1605 1644 qui
1656 1568 1859 1627 etiam
1895 1567 2059 1627 haec
2109 1569 2315 1629 verba
2350 1570 2416 1629 in
2465 1570 2730 1629 nomine
2768 1587 2926 1648 meo·
2952 1570 3032 1630 ad
3081 1588 3200 1631 vos
3234 1572 3478 1634 dicent.

390 1679 601 1751 Atque
636 1691 784 1734 cum
835 1674 1279 1733 clamantibus
1329 1673 1630 1746 vocibuS,
1684 1688 1914 1731 eorum
1966 1671 2344 1747 praefatum
2397 1673 2803 1732 immundum
2858 1677 2923 1734 et
2956 1674 3313 1749 profanum
3362 1691 3479 1751 po-

389 1783 614 1857 pulum
650 1800 686 1840 a
722 1782 913 1840 vobis
949 1780 1276 1856 projicite3
1321 1786 1388 1838 et
1421 1795 1569 1837 cum
1608 1780 1867 1852 asperis
1902 1784 1968 1836 et
2003 1779 2192 1838 duris
2226 1780 2454 1840 verbis
2489 1795 2605 1838 eos
2642 1779 2961 1853 cruciate,
3015 1787 3080 1839 et
3114 1797 3233 1841 eos
3270 1783 3480 1842 omni-

390 1902 471 1944 no
522 1886 584 1943 in
632 1884 1088 1959 expulsionem
1137 1881 1382 1952 ducite,
1443 1886 1643 1956 atque
1694 1881 1758 1938 in
1810 1879 2113 1940 infelices
2169 1887 2478 1939 catervas
2527 1887 2592 1939 et
2641 1882 2996 1956 speluncas
3055 1897 3172 1941 eos
3225 1898 3302 1941 ex
3344 1886 3481 1956 toto

391 1988 700 2064 effugate,
740 1989 896 2063 quia
929 1987 1162 2045 volunt
1193 2002 1316 2044 vos
1353 1984 1691 2043 seducere.

477 2095 555 2153 Et
605 2093 729 2152 hoc
778 2093 982 2150 etiam
1031 2090 1282 2149 idcirco
1333 2087 1557 2160 facite,
1609 2103 1690 2147 ne
1726 2088 1878 2147 sitis
1929 2105 1966 2146 a
1998 2086 2134 2146 Deo
2185 2087 2757 2162 anathematizati,
2810 2093 2877 2145 et
2911 2104 2990 2145 ne
3039 2104 3163 2163 pax
3200 2106 3235 2147 a
3285 2091 3482 2150 vobis

399 2200 630 2273 fugiat,
684 2196 996 2272 quoniam
1049 2193 1356 2268 magistri
1390 2198 1457 2250 et
1501 2191 1909 2264 sacerdoteS,
1965 2206 2157 2265 reges
2207 2195 2274 2249 et
2323 2190 2528 2249 duces
2571 2197 2637 2251 ct
2684 2191 3022 2265 principes
3072 2207 3296 2250 coram
3346 2191 3481 2253 Deo

392 2300 621 2361 vocari
670 2315 797 2357 non
845 2297 1152 2373 potestis,
1205 2295 1499 2369 quandiu
1553 2294 1703 2353 istis
1755 2293 2138 2352 habitacula
2186 2293 2537 2352 vobiscum
2585 2293 2792 2353 datis:
2846 2294 3001 2369 quia
3051 2295 3363 2355 civitates
3411 2300 3481 2357 et
3552 2321 3558 2329 ·

396 2408 594 2466 villae
628 2409 892 2462 vestrae
924 2402 1373 2472 destruentur,
1411 2400 1477 2457 et
1510 2397 1780 2471 praedia
1814 2402 2044 2456 vestra
2093 2402 2365 2472 propter
2411 2396 2534 2455 hos
2584 2397 2987 2456 criminosos
3031 2397 3334 2457 homines
3383 2398 3480 2458 di·-

400 2510 746 2586 ripientur,
785 2507 842 2565 si
875 2505 1222 2564 vobiscum
1256 2503 1766 2578 permanserint.

483 2615 665 2674 Nunc
715 2613 861 2670 laus
893 2609 1026 2667 Deo
1064 2609 1175 2681 sit,
1228 2607 1343 2682 qui
1378 2622 1578 2680 super
1613 2606 1924 2664 thronum
1960 2604 2170 2678 sedet,
2207 2609 2274 2662 et
2308 2605 2591 2678 abyssos
2637 2605 2956 2677 intuetur,
3008 2609 3074 2661 et
3108 2604 3220 2680 qui
3252 2621 3483 2665 omnes

393 2719 618 2778 coelos
657 2717 720 2775 in
753 2707 1208 2773 dominatione
1244 2726 1367 2769 sua
1400 2712 1600 2769 tenet.

481 2823 559 2881 Et
594 2819 879 2896 Spiritus
913 2816 1028 2875 Dei
1063 2815 1246 2874 dicit:
1284 2814 1405 2885 Qui
1440 2813 1645 2873 verba
1684 2813 1810 2872 ista
1847 2813 2078 2871 audire
2113 2819 2179 2871 et
2212 2812 2588 2886 intelligere
2625 2811 3016 2886 neglexerit,
3053 2827 3174 2871 nec
3208 2811 3309 2870 eis
3343 2827 3487 2872 cre-

395 2928 550 2985 dere
587 2922 895 2994 voluerit,
932 2920 1197 2995 gladius
1233 2917 1430 2976 Verbi
1465 2916 1582 2975 Dei
1618 2932 1769 2974 cum
1805 2931 2046 2990 magna
2080 2915 2513 2975 tribulatione
2551 2913 2738 2972 illum
2773 2912 3052 2972 occidet.

485 3030 564 3089 Et
601 3043 749 3087 mox
783 3026 851 3085 in
899 3022 1131 3083 eadem
1165 3021 1424 3080 visione
1474 3019 1698 3079 audivi
1735 3021 2095 3079 terrentem
2145 3033 2381 3078 vocem
2423 3017 2504 3076 ad
2542 3031 2645 3075 me
2694 3014 3047 3077 dicentem:
3099 3016 3279 3075 Haec
3312 3032 3484 3092 quae

399 3133 627 3194 vidisti
677 3139 742 3189 et
775 3128 1044 3201 audisti,
1099 3126 1339 3199 scribe,
1391 3130 1457 3183 et
1492 3139 1572 3182 ea
1620 3123 2085 3182 sacerdotibus
2133 3121 2495 3194 Ecclesiae,
2548 3120 2662 3195 qui
2705 3119 3066 3195 purissima
3116 3119 3242 3178 fide
3273 3118 3483 3179 Deum

401 3240 647 3310 colunt,
699 3234 1010 3293 celeriter
1053 3230 1454 3302 transmitte,
1507 3234 1581 3286 ut
1612 3227 1728 3286 illa
1762 3227 2008 3302 ubique
2044 3227 2109 3285 in
2145 3225 2432 3285 circuitu
2469 3240 2590 3283 suo
2625 3224 2891 3298 populis
2925 3222 3333 3298 praedicent,
3388 3224 3483 3285 ita

407 3350 482 3403 ut
538 3342 620 3402 ab
670 3341 775 3400 his
823 3336 1175 3397 diabolicis
1225 3334 1485 3393 artibus
1535 3348 1607 3391 se
1657 3332 2040 3405 observent,
2100 3347 2181 3389 ne
2231 3332 2405 3389 inter
2451 3345 2569 3388 eos
2620 3329 2913 3387 rad-icem
2962 3330 3211 3403 ponant
3258 3335 3325 3387 et
3372 3344 3485 3403 pe-

409 3452 615 3505 reant.

493 3548 616 3608 Sed
651 3563 795 3621 eg0,
847 3542 1252 3619 paupercula
1303 3540 1537 3614 forma,
1590 3540 1824 3599 deinde
1866 3538 2175 3614 plurimis
2222 3537 2461 3596 diebus
2511 3536 2893 3596 infirmitate
2943 3550 3291 3611 oppressa,
3345 3537 3483 3597 lan-

406 3654 543 3727 gui,
581 3652 673 3710 ita
721 3647 894 3725 quod
930 3661 1134 3721 super
1164 3644 1366 3719 pedes
1416 3658 1601 3702 meos
1634 3642 1920 3718 pleniter
1967 3646 2147 3701 stare
2180 3656 2309 3700 non
2341 3640 2551 3716 potui,
2602 3654 2949 3716 quousque
2983 3637 3148 3698 haec
3197 3638 3483 3716 scriptu-

409 3772 519 3816 rae
552 3751 1142 3813 commendassem.
