4036 6117
783 444 914 507 402
1935 463 1987 507 s.
2052 463 2608 509 ninneosnms

718 579 1101 656 omittatur,
1154 581 1270 641 sed
1305 596 1477 659 quae
1530 581 1593 640 in
1628 585 1814 640 tanta
1859 595 2084 640 rerum
2121 581 2575 657 magnitudine
2606 579 2739 639 dici
2773 580 3038 652 debent,
3074 588 3140 641 et
3171 589 3475 659 possunt,
3515 582 3801 645 sollicite

713 682 1159 756 proferantur.
1197 686 1324 746 Pro
1358 685 1603 761 quibus
1636 683 1951 744 videlicet
1984 685 2493 760 quaestionibus
2525 683 2889 745 enodandis
2927 691 3191 760 oportet
3216 692 3289 745 ut
3324 691 3511 747 tanto
3546 690 3803 748 enixius

713 791 1073 868 satagatiS,
1123 796 1375 868 quanto
1408 790 1610 849 citius
1657 789 1851 849 finem
1889 795 2164 850 sanctae
2213 806 2381 850 anus
2413 791 2864 866 propinquare
2896 768 3161 850 videtis,
3198 790 3378 861 Quae
3413 791 3470 851 si
3506 792 3807 868 aliquan-

710 897 795 957 do
827 902 1057 957 vestra
1093 895 1436 967 instantia,
1473 899 1628 953 ante
1659 893 1804 969 ejus
1838 893 2223 968 transitum,
2258 892 2485 954 debita
2518 892 2865 968 diligentia
2897 891 3222 952 elucidari
3268 894 3642 969 potuerint,
3677 911 3799 954 non

702 999 956 1059 ,minori
990 998 1379 1058 intentionis
1412 997 1746 1058 desiderio
1780 997 2246 1072 obsecramuS,
2284 1003 2358 1057 ut
2390 1014 2512 1073 pro
2549 997 2655 1056 his
2687 997 2893 1056 ctiam
2925 997 3370 1073 absolvendis,
3422 1004 3570 1059 tota
3614 998 3804 1060 sedu-

710 1105 900 1165 litate
946 1103 1293 1178 laboretis;
1331 1119 1498 1179 quas
1549 1103 1656 1162 hic
1689 1120 1727 1162 a
1759 1102 1953 1162 nobis
1986 1102 2293 1162 seriatim
2326 1103 2394 1161 in
2430 1102 2695 1162 modum
2729 1102 3177 1178 capitulorum
3220 1102 3589 1179 dispositas
3625 1105 3798 1163 inve-

709 1208 931 1267 nietis:
964 1202 1010 1286 ¹)

801 1309 849 1368 1.
910 1310 1170 1386 Anqeli,
1222 1311 1301 1368 de
1342 1309 1573 1387 quibus
1630 1306 1849 1368 scribit
1908 1309 2284 1385 Apostolus:
2335 1309 2559 1369 Nonne
2608 1325 2839 1369 omnes
2910 1309 3470 1370 administratorii
3521 1312 3796 1388 spiritus

710 1414 900 1474 sunt?
930 1412 981 1492 ²)
1016 1419 1476 1473 merentur-ne
1526 1412 1784 1489 aliquid
1832 1430 1917 1470 ex
1953 1412 2165 1489 officio
2199 1430 2355 1471 suae
2404 1413 3026 1489 administrationis,
3077 1434 3227 1474 cum
3252 1434 3530 1493 prorsus
3563 1417 3791 1497 absque

710 1518 851 1576 ullo
886 1517 1100 1578 labore
1136 1520 1281 1594 ipsa
1312 1517 1623 1592 expleant
1658 1517 2073 1574 ministeria?

799 1626 877 1685 11.
914 1627 976 1686 E
1002 1631 1231 1685 contra
1262 1625 1606 1700 apostatici
1642 1625 1919 1700 spiritus
1952 1625 2067 1698 qui
2113 1640 2373 1681 omnem
2409 1622 2531 1682 Dei
2581 1624 3115 1683 constitutionem
3149 1644 3405 1702 semper
3453 1628 3790 1688 destruere

705 1733 1042 1803 nituntur,
1078 1728 1408 1805 numquid
1440 1747 1524 1786 ecc
1555 1731 1671 1788 hoc
1703 1729 1933 1804 iniquo
1965 1726 2308 1785 molimine
2344 1726 2601 1802 aliquid
2633 1727 3099 1787 demerentur?

795 1833 904 1893 111.
957 1831 1298 1909 Numquid
1329 1829 1478 1890 boni
1523 1831 1743 1907 anyeli
1775 1831 1878 1888 vel
1928 1831 2225 1889 homines
2260 1831 2472 1889 sancti
2514 1837 2659 1905 post
2698 1825 3057 1905 judicium,
3110 1833 3256 1907 ipsa
3282 1833 3400 1908 pia
3431 1833 3789 1908 voluntate,

704 1958 836 2016 qua
883 1937 1312 2018 ineffabiliter
1346 1938 1559 1997 Deum
1606 1937 1678 1995 in
1713 1942 2061 1995 aeternum
2112 1934 2419 2011 diliyent‚
2466 1935 2725 2012 aliquid
2756 1934 3210 2010 merebuntur,
3246 1942 3320 1994 ut
3355 1940 3523 1997 sicut
3560 1943 3792 2018 sempi-

700 2051 970 2103 ternum
1000 2047 1128 2103 erit
1153 2043 1691 2121 praemium,1ita
1723 2048 1787 2099 et
1822 2043 2308 2117 sempiternum
2342 2042 2424 2100 sit
2458 2043 2801 2115 meritum;
2840 2048 2901 2100 et
2937 2060 2971 2100 e
3005 2042 3262 2102 diverso
3292 2044 3457 2103 mali
3504 2051 3566 2103 et
3602 2065 3792 2124 anye-

699 2153 748 2211 li
782 2157 845 2209 et
878 2153 1198 2223 homines,
1232 2152 1379 2226 ipsa
1399 2149 1787 2225 gravissima
1817 2146 2327 2223 ingratitudine,
2372 2147 2452 2205 de
2486 2165 2617 2224 qua
2664 2147 2938 2207 dicitur:
2989 2149 3132 2207 Non
3179 2151 3285 2208 est
3318 2149 3385 2208 in
3430 2157 3645 2210 morte
3676 2153 3786 2227 qui

699 2270 954 2314 memor
988 2255 1077 2312 sit
1125 2254 1223 2313 tui
1253 2246 1329 2330 ');
1383 2251 1450 2310 in
1484 2250 1742 2311 inferno
1792 2255 2013 2309 autem
2052 2250 2205 2325 quis
2253 2249 2681 2311 confitebitur
2723 2251 2881 2311 tibi‘?
2926 2252 3288 2312 voluntatis
3336 2252 3624 2328 injustae
3673 2257 3790 2316 ali-

693 2359 854 2436 quid
887 2356 1437 2417 demerebuntur?

785 2459 924 2519 1111.
966 2460 1129 2519 Cum
1161 2456 1599 2517 immutabilis
1633 2459 1717 2516 sit
1738 2447 1953 2531 Deice,
1992 2457 2310 2533 quomodo
2343 2457 2854 2533 intelliqendum
2889 2465 2984 2516 est
3021 2460 3193 2535 quod
3227 2461 3299 2519 in
3330 2464 3539 2520 veteri
3578 2463 3788 2523 Testa-

637 2623 642 2627 ,
694 2567 917 2620 mento
962 2567 1024 2619 et
1061 2561 1140 2619 de
1190 2559 1369 2617 bonis
1403 2562 1745 2620 hominum
1795 2560 2066 2633 laetari,
2104 2565 2165 2617 et
2215 2560 2295 2618 de
2328 2560 2525 2619 malis
2575 2561 2958 2620 contristari
2992 2580 3057 2620 se
3099 2562 3423 2638 perhibet,
3461 2571 3522 2622 et
3573 2567 3788 2643 anyeli

695 2665 864 2723 sicut
912 2665 1231 2740 gaudium
1265 2681 1465 2739 super
1512 2680 1645 2722 uno
1672 2669 2021 2740 peccatore
2049 2665 2535 2740 poenitentiam
2572 2670 2835 2740 aqente,
2873 2667 2964 2723 sic
2997 2663 3270 2724 habeant
3307 2669 3651 2727 tristitiam
3689 2689 3793 2728 su-

684 2786 814 2843 per
844 2766 1450 2843 impoenitentibus:
1484 2765 1657 2842 quod
1690 2769 1745 2824 si
1780 2772 2054 2840 constat,
2090 2767 2381 2841 qualiter
2414 2771 2770 2843 utrumque
2806 2769 3268 2843 accipiendum
3303 2772 3439 2829 est?

780 2871 849 2930 V.
891 2872 1218 2943 Quomodo
1267 2868 1783 2945 intelliqendum
1815 2877 1910 2928 est
1961 2869 2133 2945 quod
2168 2873 2489 2946 scriptum
2540 2877 2666 2930 est:
2702 2870 2824 2941 Qui
2860 2873 3007 2930 vult
3039 2887 3271 2931 omnes
3307 2872 3613 2933 homines
3662 2876 3785 2936 sal-

690 2992 811 3035 vos
846 2975 1012 3049 fieri,
1045 2970 1092 3053 ⁴³)
1129 2992 1278 3034 cum
1324 2992 1453 3045 nec,
1479 2990 1702 3031 omnes
1737 2974 2105 3043 salventur,
2158 2978 2220 3030 et
2271 2975 2553 3049 impium
2602 2975 2686 3031 sit
2736 2973 2972 3032 saltem
3007 2976 3331 3051 suspicari
3380 2980 3783 3054 omnipoten-

687 3088 821 3140 tem
855 3082 1068 3142 Deum
1102 3082 1172 3138 in
1207 3080 1430 3156 aliquo
1459 3098 1627 3155 quae
1661 3078 1966 3151 voluerit,
2000 3071 2048 3155 ⁵)
2085 3078 2396 3156 deficere?

777 3186 879 3246 VI.
929 3187 1097 3245 Item
1133 3203 1282 3245 cum
1329 3186 1501 3245 nihil
1535 3185 1727 3243 aliud
1774 3186 1845 3242 in
1882 3184 2017 3243 Deo
2066 3185 2145 3241 sit
2199 3184 2366 3241 velle
2400 3201 2599 3259 quam
2641 3201 2859 3259 posse,
2911 3187 3226 3261 quomodo
3274 3189 3777 3265 intelligendum

692 3298 787 3347 est
836 3290 1007 3365 quod
1039 3289 1314 3358 dicitur,
1349 3289 1567 3347 multa
1601 3289 1814 3348 Deum
1840 3304 2065 3364 posse,
2100 3305 2267 3364 quae
2317 3288 2485 3346 nolit
2518 3289 2779 3365 facere?
2811 3288 2983 3347 Nam
3015 3291 3238 3348 omnia
3269 3310 3436 3367 quae
3469 3293 3771 3365 voluerit,

679 3411 868 3471 posse
903 3413 1055 3452 eum
1087 3396 1330 3470 facere,
1366 3395 1747 3470 quaestione
1781 3408 1914 3450 non
1948 3392 2222 3467 indiqet.

779 3496 909 3556 VII.
949 3496 1492 3572 Quandoquidem
1524 3499 1598 3553 in
1631 3495 1977 3557 nonnullis
2013 3502 2393 3553 sanctorum
2428 3496 2692 3571 scriptis
2728 3497 3076 3555 invenitur
3124 3499 3491 3575 unicuique
3527 3500 3769 3559 homini

682 3601 842 3659 duos
890 3599 1154 3674 anqelos
1187 3597 1506 3671 adhiberi,
1552 3593 1600 3675 ⁶)
1637 3615 1850 3687 unum
1891 3598 1977 3655 ad
2025 3598 2581 3674 impugnandum,
2619 3597 2912 3657 alterum
2945 3599 3031 3658 ad
3063 3596 3519 3673 adjuvandum
3554 3601 3764 3673 illum,

685 3722 834 3763 cum
881 3702 1125 3778 aliquis
1160 3700 1410 3774 obierit,
1461 3678 1789 3778 numquid
1823 3700 2229 3759 credendum
2262 3706 2381 3775 est,
2419 3718 2524 3759 eos
2562 3701 2746 3759 illius
2780 3702 3045 3778 anyelos
3080 3722 3120 3762 a
3152 3704 3277 3763 tali
3310 3703 3622 3781 deinceps
3653 3706 3772 3763 mi-

681 3809 957 3865 nisterio
1006 3806 1380 3883 quiescere?
1413 3805 1518 3865 An
1566 3809 1626 3863 et
1663 3806 1749 3863 ad
1796 3805 2312 3899 alios'similiter
2358 3804 2461 3863 vel
2496 3806 2877 3880 tentandos,
2913 3807 3017 3865 vel
3052 3809 3331 3866 tuendos
3358 3828 3485 3885 per
3516 3810 3763 3886 aliquas

681 3914 1120 3971 successiones
1157 3912 1483 3970 transire?

770 4019 934 4079 VIII.
987 4019 1155 4078 Item
1191 4035 1341 4076 cum
1390 4017 1634 4092 aliquis
1670 4016 2117 4074 tentationum
2164 4017 2472 4074 victorin
2513 4016 2764 4077 Christo
2812 4016 3181 4091 dormierit,
3234 4021 3563 4096 numquid
3607 4018 3764 4078 arbi·

679 4126 999 4185 trandum
1047 4131 1163 4199 est,
1200 4124 1438 4183 bonum
1471 4123 1782 4200 anqelum
1809 4140 1932 4199 pro
1980 4120 2308 4195 adjutorio
2341 4123 2449 4181 illi
2497 4122 2782 4183 exhibito
2814 4131 2875 4182 et
2912 4134 3360 4184 consummato
3400 4130 3759 4187 ministerio

675 4232 749 4288 in
796 4229 1009 4307 qloria
1055 4230 1522 4301 consummat-2⁶3
1573 4228 1828 4286 malum
1860 4244 2012 4285 vero
2061 4243 2271 4302 aequa
2312 4231 2505 4299 sorte,
2543 4232 2615 4284 ut
2653 4228 2921 4300 victum,
2973 4230 3045 4286 in
3071 4245 3319 4304 poenas
3367 4228 3489 4288 sibi
3523 4229 3753 4290 debitas

671 4335 1130 4410 praecipitari;
1180 4334 1252 4391 in
1288 4332 1424 4390 alia
1468 4328 1849 4404 hujusmodi
1879 4331 2259 4388 ministeria
2304 4331 2580 4389 interim
2621 4334 2794 4388 nutu
2827 4330 3047 4388 divino
3079 4337 3481 4408 repetente8‚
3517 4336 3589 4392 in
3622 4351 3757 4394 eon-

678 4439 1182 4497 summationem
1234 4439 1431 4496 totius
1467 4440 1688 4514 operis
1715 4439 1787 4496 in
1821 4436 1949 4515 fine
2001 4436 2273 4511 saeculi,
2311 4454 2499 4495 suam
2531 4453 2783 4513 quoque
2818 4443 3451 4499 consummationem
3477 4447 3751 4519 praesto-

678 4542 844 4602 lari?

751 4762 795 4823 ¹)
824 4761 908 4817 En
947 4760 1126 4830 igitur
1164 4762 1336 4818 series
1373 4764 1546 4819 altera
1582 4764 2006 4835 quaestionum.
2043 4780 2179 4836 qua·
2270 4761 2477 4826 tilitas,
2510 4762 2681 4820 immo
2719 4770 2778 4820 et
2815 4766 3089 4837 quaedam
3112 4767 3345 4824 audacia
3370 4767 3428 4823 in
3449 4766 3606 4824 hisce
3623 4765 3743 4840 piis-

677 4864 801 4904 rum
832 4848 1173 4905 solutionem
1218 4855 1508 4921 tantopere
1543 4867 1572 4905 a
1610 4850 2031 4906 villan-ensibus
2056 4867 2179 4921 pei·-
2267 4849 2430 4905 simis
2457 4851 2768 4914 monachis,
2798 4868 2931 4907 sane
2968 4868 3151 4923 neque
3194 4853 3417 4926 otiosis.
3457 4870 3636 4926 neque
3669 4855 3745 4910 in-

673 4943 949 5009 oplalam,
979 4935 1188 4991 nullibi
1228 4942 1471 4998 exstare.
1511 4950 1694 5005 neque
1731 4935 2022 4992 exstitisse
2060 4934 2179 4991 cxi·
2264 4937 2522 4994 curiosis.
2552 4970 2617 4980 ω·
2642 4942 2690 5005 2)
2717 4939 2893 4995 Hebr.
2926 4938 2976 5003 1.
3002 4942 3088 4994 2⁴.
3142 4971 3187 4981 --
3211 4938 3257 5005 ³)
3284 4940 3373 4995 Ps.
3406 4940 3509 5004 vl.
3538 4945 3588 4997 6.
3616 4971 3679 4981 ··-

674 5022 1021 5076 stimandum
1061 5027 1165 5077 est.
1199 5020 1346 5077 Sunt
1385 5037 1513 5076 vero
1553 5036 1745 5077 omnes
1779 5020 2024 5085 XXXV.
2066 5038 2176 5078 una
2263 5022 2308 5086 ⁴)
2336 5024 2361 5078 1
2386 5023 2532 5078 Tim.
2559 5024 2637 5088 11,
2653 5027 2704 5078 4.
2731 5055 2797 5065 --
2812 5027 2855 5093 ⁵)
2885 5023 3013 5081 fort.
3046 5025 3194 5099 quod
3216 5026 3610 5093 voluerim-A)
3634 5024 3739 5081 sat-

675 5106 795 5161 siue
836 5121 1070 5162 numero
1101 5106 1310 5178 posita,
1339 5121 1521 5176 neque
1548 5105 1839 5162 nonnullis
1864 5106 2020 5163 deest
2046 5110 2176 5164 sub·
2269 5115 2379 5165 tem
2408 5112 2478 5165 ab
2506 5110 2751 5180 Origene
2778 5117 2941 5169 vetus
2971 5110 3203 5167 traditio
3228 5117 3331 5168 est.
