<?xml version="1.0" encoding="UTF-8"?>
<!DOCTYPE html PUBLIC "-//W3C//DTD XHTML 1.0 Transitional//EN"
    "http://www.w3.org/TR/xhtml1/DTD/xhtml1-transitional.dtd">
<html xmlns="http://www.w3.org/1999/xhtml" xml:lang="en" lang="en">
 <head>
  <title>
</title>
<meta http-equiv="Content-Type" content="text/html;charset=utf-8" />
  <meta name='ocr-system' content='tesseract 3.04.00' />
  <meta name='ocr-capabilities' content='ocr_page ocr_carea ocr_par ocr_line ocrx_word'/>
</head>
<body>
  <div class='ocr_page' id='page_1' title='image "analectasacrasp05pitrgoog_0587.png"; bbox 0 0 4036 6117; ppageno 0'>
   <div class='ocr_carea' id='block_1_1' title="bbox 3180 502 3309 569">
    <p class='ocr_par' dir='ltr' id='par_1_1' title="bbox 3180 502 3309 569">
     <span class='ocr_line' id='line_1_1' title="bbox 3180 502 3309 569; baseline 0.016 -2"><span class='ocrx_word' id='word_1_1' title='bbox 3180 502 3309 569; x_wconf 78' lang='lat'>519</span> 
     </span>
    </p>
   </div>
   <div class='ocr_carea' id='block_1_2' title="bbox 280 639 3403 2509">
    <p class='ocr_par' dir='ltr' id='par_1_2' title="bbox 280 639 3386 1559">
     <span class='ocr_line' id='line_1_2' title="bbox 285 639 3381 722; baseline 0.001 -20"><span class='ocrx_word' id='word_1_2' title='bbox 285 640 582 703; x_wconf 84' lang='lat' dir='ltr'>moribus</span> <span class='ocrx_word' id='word_1_3' title='bbox 616 643 967 718; x_wconf 84' lang='lat' dir='ltr'>avaritiae,</span> <span class='ocrx_word' id='word_1_4' title='bbox 1009 644 1099 705; x_wconf 88' lang='lat' dir='ltr'>ita</span> <span class='ocrx_word' id='word_1_5' title='bbox 1133 639 1394 705; x_wconf 83' lang='lat' dir='ltr'>scilicet</span> <span class='ocrx_word' id='word_1_6' title='bbox 1427 662 1510 705; x_wconf 91' lang='lat' dir='ltr'>ne</span> <span class='ocrx_word' id='word_1_7' title='bbox 1544 646 1695 722; x_wconf 87' lang='lat' dir='ltr'>plus</span> <span class='ocrx_word' id='word_1_8' title='bbox 1732 660 2102 720; x_wconf 81' lang='lat' dir='ltr'>congreges</span> <span class='ocrx_word' id='word_1_9' title='bbox 2137 662 2336 721; x_wconf 87' lang='lat' dir='ltr'>quam</span> <span class='ocrx_word' id='word_1_10' title='bbox 2375 645 2644 720; x_wconf 83' lang='lat' dir='ltr'>habeas,</span> <span class='ocrx_word' id='word_1_11' title='bbox 2693 644 2851 721; x_wconf 83' lang='lat' dir='ltr'>quia</span> <span class='ocrx_word' id='word_1_12' title='bbox 2885 645 3171 705; x_wconf 85' lang='lat' dir='ltr'>avaritia</span> <span class='ocrx_word' id='word_1_13' title='bbox 3205 661 3381 705; x_wconf 81' lang='lat' dir='ltr'>sem·-</span> 
     </span>
     <span class='ocr_line' id='line_1_3' title="bbox 284 747 3378 825; baseline 0.001 -20"><span class='ocrx_word' id='word_1_14' title='bbox 284 761 403 820; x_wconf 87' lang='lat' dir='ltr'>per</span> <span class='ocrx_word' id='word_1_15' title='bbox 437 763 694 824; x_wconf 86' lang='lat' dir='ltr'>pauper</span> <span class='ocrx_word' id='word_1_16' title='bbox 742 755 809 807; x_wconf 90' lang='lat' dir='ltr'>et</span> <span class='ocrx_word' id='word_1_17' title='bbox 843 764 1050 823; x_wconf 82' lang='lat' dir='ltr'>egena</span> <span class='ocrx_word' id='word_1_18' title='bbox 1083 757 1209 822; x_wconf 87' lang='lat' dir='ltr'>est,</span> <span class='ocrx_word' id='word_1_19' title='bbox 1263 765 1383 808; x_wconf 89' lang='lat' dir='ltr'>uec</span> <span class='ocrx_word' id='word_1_20' title='bbox 1418 749 1736 825; x_wconf 81' lang='lat' dir='ltr'>gaudium</span> <span class='ocrx_word' id='word_1_21' title='bbox 1769 750 1962 823; x_wconf 82' lang='lat' dir='ltr'>egeni</span> <span class='ocrx_word' id='word_1_22' title='bbox 2012 747 2235 823; x_wconf 89' lang='lat' dir='ltr'>habet,</span> <span class='ocrx_word' id='word_1_23' title='bbox 2274 749 2381 808; x_wconf 90' lang='lat' dir='ltr'>cui</span> <span class='ocrx_word' id='word_1_24' title='bbox 2419 766 2540 808; x_wconf 92' lang='lat' dir='ltr'>sua</span> <span class='ocrx_word' id='word_1_25' title='bbox 2590 748 2953 810; x_wconf 81' lang='lat' dir='ltr'>sufiiciunt.</span> <span class='ocrx_word' id='word_1_26' title='bbox 3006 749 3378 809; x_wconf 86' lang='lat' dir='ltr'>Avaritiam</span> 
     </span>
     <span class='ocr_line' id='line_1_4' title="bbox 282 852 3382 930; baseline 0.001 -21"><span class='ocrx_word' id='word_1_27' title='bbox 282 868 439 927; x_wconf 83' lang='lat' dir='ltr'>ergo</span> <span class='ocrx_word' id='word_1_28' title='bbox 475 860 548 912; x_wconf 89' lang='lat' dir='ltr'>ut</span> <span class='ocrx_word' id='word_1_29' title='bbox 581 854 896 930; x_wconf 89' lang='lat' dir='ltr'>stipulam</span> <span class='ocrx_word' id='word_1_30' title='bbox 937 869 1178 929; x_wconf 80' lang='lat' dir='ltr'>sparge</span> <span class='ocrx_word' id='word_1_31' title='bbox 1212 860 1278 912; x_wconf 88' lang='lat' dir='ltr'>et</span> <span class='ocrx_word' id='word_1_32' title='bbox 1312 856 1653 927; x_wconf 88' lang='lat' dir='ltr'>conculca,</span> <span class='ocrx_word' id='word_1_33' title='bbox 1691 855 2003 929; x_wconf 87' lang='lat' dir='ltr'>quoniam</span> <span class='ocrx_word' id='word_1_34' title='bbox 2042 869 2275 913; x_wconf 91' lang='lat' dir='ltr'>omnes</span> <span class='ocrx_word' id='word_1_35' title='bbox 2310 852 2629 913; x_wconf 83' lang='lat' dir='ltr'>honestos</span> <span class='ocrx_word' id='word_1_36' title='bbox 2668 869 2887 913; x_wconf 90' lang='lat' dir='ltr'>mores</span> <span class='ocrx_word' id='word_1_37' title='bbox 2920 854 3233 929; x_wconf 88' lang='lat' dir='ltr'>dissipat,</span> <span class='ocrx_word' id='word_1_38' title='bbox 3272 867 3382 911; x_wconf 88' lang='lat' dir='ltr'>ve·-</span> 
     </span>
     <span class='ocr_line' id='line_1_5' title="bbox 287 950 3386 1035; baseline 0.001 -23"><span class='ocrx_word' id='word_1_39' title='bbox 287 953 384 1013; x_wconf 89' lang='lat' dir='ltr'>lut</span> <span class='ocrx_word' id='word_1_40' title='bbox 418 955 595 1015; x_wconf 87' lang='lat' dir='ltr'>tinea</span> <span class='ocrx_word' id='word_1_41' title='bbox 646 958 1124 1017; x_wconf 82' lang='lat' dir='ltr'>vestimentum</span> <span class='ocrx_word' id='word_1_42' title='bbox 1157 956 1542 1024; x_wconf 86' lang='lat' dir='ltr'>demolitur.</span> <span class='ocrx_word' id='word_1_43' title='bbox 1597 952 1873 1034; x_wconf 80' lang='lat' dir='ltr'>ipsaque</span> <span class='ocrx_word' id='word_1_44' title='bbox 1909 973 2178 1035; x_wconf 82' lang='lat' dir='ltr'>semper</span> <span class='ocrx_word' id='word_1_45' title='bbox 2226 950 2581 1031; x_wconf 85' lang='lat' dir='ltr'>mendicat,</span> <span class='ocrx_word' id='word_1_46' title='bbox 2617 963 2684 1016; x_wconf 92' lang='lat' dir='ltr'>et</span> <span class='ocrx_word' id='word_1_47' title='bbox 2719 953 2903 1017; x_wconf 64' lang='lat' dir='ltr'>Velut</span> <span class='ocrx_word' id='word_1_48' title='bbox 2953 973 3232 1033; x_wconf 83' lang='lat' dir='ltr'>parvum</span> <span class='ocrx_word' id='word_1_49' title='bbox 3269 955 3386 1015; x_wconf 87' lang='lat' dir='ltr'>ha-</span> 
     </span>
     <span class='ocr_line' id='line_1_6' title="bbox 285 1059 3379 1140; baseline 0.001 -22"><span class='ocrx_word' id='word_1_50' title='bbox 285 1059 650 1121; x_wconf 85' lang='lat' dir='ltr'>bitaculum</span> <span class='ocrx_word' id='word_1_51' title='bbox 702 1063 1011 1140; x_wconf 84' lang='lat' dir='ltr'>justitiae</span> <span class='ocrx_word' id='word_1_52' title='bbox 1058 1069 1186 1133; x_wconf 89' lang='lat' dir='ltr'>est,</span> <span class='ocrx_word' id='word_1_53' title='bbox 1240 1062 1417 1138; x_wconf 87' lang='lat' dir='ltr'>quod</span> <span class='ocrx_word' id='word_1_54' title='bbox 1471 1064 1690 1123; x_wconf 90' lang='lat' dir='ltr'>locum</span> <span class='ocrx_word' id='word_1_55' title='bbox 1740 1079 1869 1122; x_wconf 91' lang='lat' dir='ltr'>non</span> <span class='ocrx_word' id='word_1_56' title='bbox 1918 1062 2144 1137; x_wconf 85' lang='lat' dir='ltr'>habet,</span> <span class='ocrx_word' id='word_1_57' title='bbox 2199 1061 2307 1122; x_wconf 90' lang='lat' dir='ltr'>ubi</span> <span class='ocrx_word' id='word_1_58' title='bbox 2363 1061 2684 1122; x_wconf 85' lang='lat' dir='ltr'>honestos</span> <span class='ocrx_word' id='word_1_59' title='bbox 2735 1076 2957 1122; x_wconf 86' lang='lat' dir='ltr'>mores</span> <span class='ocrx_word' id='word_1_60' title='bbox 3005 1062 3379 1121; x_wconf 85' lang='lat' dir='ltr'>conservet.</span> 
     </span>
     <span class='ocr_line' id='line_1_7' title="bbox 280 1157 3382 1244; baseline 0.001 -23"><span class='ocrx_word' id='word_1_61' title='bbox 280 1157 472 1224; x_wconf 85' lang='lat' dir='ltr'>Juxta</span> <span class='ocrx_word' id='word_1_62' title='bbox 523 1164 647 1226; x_wconf 87' lang='lat' dir='ltr'>boc</span> <span class='ocrx_word' id='word_1_63' title='bbox 684 1167 1138 1227; x_wconf 87' lang='lat' dir='ltr'>babitaculum</span> <span class='ocrx_word' id='word_1_64' title='bbox 1189 1169 1366 1227; x_wconf 77' lang='lat' dir='ltr'>sicut</span> <span class='ocrx_word' id='word_1_65' title='bbox 1411 1167 1710 1227; x_wconf 89' lang='lat' dir='ltr'>tumulus</span> <span class='ocrx_word' id='word_1_66' title='bbox 1759 1173 1981 1227; x_wconf 88' lang='lat' dir='ltr'>terrae</span> <span class='ocrx_word' id='word_1_67' title='bbox 2012 1165 2214 1244; x_wconf 85' lang='lat' dir='ltr'>jacet,</span> <span class='ocrx_word' id='word_1_68' title='bbox 2266 1181 2465 1243; x_wconf 90' lang='lat' dir='ltr'>quem</span> <span class='ocrx_word' id='word_1_69' title='bbox 2502 1180 2767 1225; x_wconf 86' lang='lat' dir='ltr'>vermes</span> <span class='ocrx_word' id='word_1_70' title='bbox 2819 1165 3145 1225; x_wconf 78' lang='lat' dir='ltr'>fodientes</span> <span class='ocrx_word' id='word_1_71' title='bbox 3194 1157 3382 1224; x_wconf 77' lang='lat' dir='ltr'>ever-</span> 
     </span>
     <span class='ocr_line' id='line_1_8' title="bbox 283 1268 3376 1348; baseline -0 -20"><span class='ocrx_word' id='word_1_72' title='bbox 283 1275 450 1329; x_wconf 88' lang='lat' dir='ltr'>tunt:</span> <span class='ocrx_word' id='word_1_73' title='bbox 491 1270 870 1344; x_wconf 81' lang='lat' dir='ltr'>significant</span> <span class='ocrx_word' id='word_1_74' title='bbox 914 1271 1087 1348; x_wconf 90' lang='lat' dir='ltr'>quod</span> <span class='ocrx_word' id='word_1_75' title='bbox 1125 1272 1395 1347; x_wconf 84' lang='lat' dir='ltr'>plurimi</span> <span class='ocrx_word' id='word_1_76' title='bbox 1430 1271 1727 1348; x_wconf 86' lang='lat' dir='ltr'>episcopi</span> <span class='ocrx_word' id='word_1_77' title='bbox 1762 1272 1874 1348; x_wconf 85' lang='lat' dir='ltr'>qui</span> <span class='ocrx_word' id='word_1_78' title='bbox 1904 1287 2023 1348; x_wconf 90' lang='lat' dir='ltr'>per</span> <span class='ocrx_word' id='word_1_79' title='bbox 2059 1277 2310 1332; x_wconf 88' lang='lat' dir='ltr'>rectam</span> <span class='ocrx_word' id='word_1_80' title='bbox 2338 1269 2713 1330; x_wconf 83' lang='lat' dir='ltr'>doctrinam</span> <span class='ocrx_word' id='word_1_81' title='bbox 2753 1276 3008 1329; x_wconf 88' lang='lat' dir='ltr'>mentes</span> <span class='ocrx_word' id='word_1_82' title='bbox 3038 1268 3376 1328; x_wconf 89' lang='lat' dir='ltr'>hominum</span> 
     </span>
     <span class='ocr_line' id='line_1_9' title="bbox 283 1367 3383 1451; baseline 0 -20"><span class='ocrx_word' id='word_1_83' title='bbox 283 1367 549 1432; x_wconf 82' lang='lat' dir='ltr'>elevare</span> <span class='ocrx_word' id='word_1_84' title='bbox 584 1373 923 1450; x_wconf 82' lang='lat' dir='ltr'>deberent,</span> <span class='ocrx_word' id='word_1_85' title='bbox 961 1376 1404 1451; x_wconf 82' lang='lat' dir='ltr'>cogitationes</span> <span class='ocrx_word' id='word_1_86' title='bbox 1439 1391 1602 1434; x_wconf 87' lang='lat' dir='ltr'>suas</span> <span class='ocrx_word' id='word_1_87' title='bbox 1639 1375 1701 1434; x_wconf 93' lang='lat' dir='ltr'>in</span> <span class='ocrx_word' id='word_1_88' title='bbox 1739 1374 2096 1435; x_wconf 82' lang='lat' dir='ltr'>thesauros</span> <span class='ocrx_word' id='word_1_89' title='bbox 2131 1391 2293 1437; x_wconf 89' lang='lat' dir='ltr'>suos</span> <span class='ocrx_word' id='word_1_90' title='bbox 2329 1379 2603 1450; x_wconf 86' lang='lat' dir='ltr'>ponunt,</span> <span class='ocrx_word' id='word_1_91' title='bbox 2636 1390 2754 1434; x_wconf 88' lang='lat' dir='ltr'>nec</span> <span class='ocrx_word' id='word_1_92' title='bbox 2782 1375 2985 1435; x_wconf 87' lang='lat' dir='ltr'>verba</span> <span class='ocrx_word' id='word_1_93' title='bbox 3020 1390 3193 1451; x_wconf 88' lang='lat' dir='ltr'>quae</span> <span class='ocrx_word' id='word_1_94' title='bbox 3226 1373 3383 1433; x_wconf 88' lang='lat' dir='ltr'>aliis</span> 
     </span>
     <span class='ocr_line' id='line_1_10' title="bbox 285 1479 2056 1559; baseline 0.003 -22"><span class='ocrx_word' id='word_1_95' title='bbox 285 1479 532 1553; x_wconf 85' lang='lat' dir='ltr'>dicant,</span> <span class='ocrx_word' id='word_1_96' title='bbox 569 1488 686 1541; x_wconf 84' lang='lat' dir='ltr'>aut</span> <span class='ocrx_word' id='word_1_97' title='bbox 717 1482 964 1558; x_wconf 86' lang='lat' dir='ltr'>quibus</span> <span class='ocrx_word' id='word_1_98' title='bbox 997 1497 1069 1542; x_wconf 88' lang='lat' dir='ltr'>se</span> <span class='ocrx_word' id='word_1_99' title='bbox 1106 1483 1289 1559; x_wconf 87' lang='lat' dir='ltr'>ipsos</span> <span class='ocrx_word' id='word_1_100' title='bbox 1324 1481 1647 1555; x_wconf 79' lang='lat' dir='ltr'>reficiant,</span> <span class='ocrx_word' id='word_1_101' title='bbox 1684 1481 2056 1542; x_wconf 85' lang='lat' dir='ltr'>attendunt.</span> 
     </span>
    </p>

    <p class='ocr_par' dir='ltr' id='par_1_3' title="bbox 285 1570 3403 2509">
     <span class='ocr_line' id='line_1_11' title="bbox 374 1570 3387 1663; baseline -0.001 -16"><span class='ocrx_word' id='word_1_102' title='bbox 374 1585 425 1647; x_wconf 91' lang='grc' dir='ltr'><strong>Ο</strong></span> <span class='ocrx_word' id='word_1_103' title='bbox 457 1570 690 1659; x_wconf 78' lang='lat' dir='ltr'>Pater,</span> <span class='ocrx_word' id='word_1_104' title='bbox 717 1589 780 1647; x_wconf 92' lang='lat' dir='ltr'>in</span> <span class='ocrx_word' id='word_1_105' title='bbox 818 1590 1101 1649; x_wconf 87' lang='lat' dir='ltr'>veritate</span> <span class='ocrx_word' id='word_1_106' title='bbox 1137 1589 1254 1649; x_wconf 90' lang='lat' dir='ltr'>tibi</span> <span class='ocrx_word' id='word_1_107' title='bbox 1291 1588 1442 1648; x_wconf 90' lang='lat' dir='ltr'>dico</span> <span class='ocrx_word' id='word_1_108' title='bbox 1477 1587 1653 1663; x_wconf 85' lang='lat' dir='ltr'>quod</span> <span class='ocrx_word' id='word_1_109' title='bbox 1689 1588 1912 1647; x_wconf 88' lang='lat' dir='ltr'>omnia</span> <span class='ocrx_word' id='word_1_110' title='bbox 1948 1587 2152 1647; x_wconf 86' lang='lat' dir='ltr'>verba</span> <span class='ocrx_word' id='word_1_111' title='bbox 2193 1586 2356 1646; x_wconf 90' lang='lat' dir='ltr'>haec</span> <span class='ocrx_word' id='word_1_112' title='bbox 2394 1587 2457 1648; x_wconf 92' lang='lat' dir='ltr'>in</span> <span class='ocrx_word' id='word_1_113' title='bbox 2493 1604 2650 1647; x_wconf 87' lang='lat' dir='ltr'>vera</span> <span class='ocrx_word' id='word_1_114' title='bbox 2688 1588 2946 1647; x_wconf 88' lang='lat' dir='ltr'>visione</span> <span class='ocrx_word' id='word_1_115' title='bbox 2997 1585 3131 1646; x_wconf 86' lang='lat' dir='ltr'>vidi</span> <span class='ocrx_word' id='word_1_116' title='bbox 3167 1589 3243 1649; x_wconf 69' lang='lat' dir='ltr'>et,</span> <span class='ocrx_word' id='word_1_117' title='bbox 3271 1600 3387 1645; x_wconf 84' lang='lat' dir='ltr'>au·</span> 
     </span>
     <span class='ocr_line' id='line_1_12' title="bbox 285 1691 3385 1771; baseline -0.001 -19"><span class='ocrx_word' id='word_1_118' title='bbox 285 1692 447 1765; x_wconf 87' lang='lat' dir='ltr'>divi,</span> <span class='ocrx_word' id='word_1_119' title='bbox 484 1700 553 1753; x_wconf 83' lang='lat' dir='ltr'>et</span> <span class='ocrx_word' id='word_1_120' title='bbox 585 1703 858 1770; x_wconf 87' lang='lat' dir='ltr'>propter</span> <span class='ocrx_word' id='word_1_121' title='bbox 885 1695 1259 1771; x_wconf 79' lang='lat' dir='ltr'>jussionem</span> <span class='ocrx_word' id='word_1_122' title='bbox 1292 1697 1361 1753; x_wconf 88' lang='lat' dir='ltr'>et</span> <span class='ocrx_word' id='word_1_123' title='bbox 1395 1694 1781 1769; x_wconf 80' lang='lat' dir='ltr'>petitionem</span> <span class='ocrx_word' id='word_1_124' title='bbox 1822 1698 2004 1752; x_wconf 90' lang='lat' dir='ltr'>tuam</span> <span class='ocrx_word' id='word_1_125' title='bbox 2032 1708 2109 1752; x_wconf 90' lang='lat' dir='ltr'>ea</span> <span class='ocrx_word' id='word_1_126' title='bbox 2145 1693 2413 1768; x_wconf 88' lang='lat' dir='ltr'>scripsi.</span> <span class='ocrx_word' id='word_1_127' title='bbox 2441 1693 2581 1753; x_wconf 91' lang='lat' dir='ltr'>Non</span> <span class='ocrx_word' id='word_1_128' title='bbox 2616 1708 2775 1769; x_wconf 77' lang='lat' dir='ltr'>ergo</span> <span class='ocrx_word' id='word_1_129' title='bbox 2812 1707 3015 1768; x_wconf 89' lang='lat' dir='ltr'>super</span> <span class='ocrx_word' id='word_1_130' title='bbox 3041 1691 3145 1752; x_wconf 81' lang='lat' dir='ltr'>his</span> <span class='ocrx_word' id='word_1_131' title='bbox 3187 1692 3385 1751; x_wconf 89' lang='lat' dir='ltr'>mire-</span> 
     </span>
     <span class='ocr_line' id='line_1_13' title="bbox 287 1798 3378 1874; baseline -0 -17"><span class='ocrx_word' id='word_1_132' title='bbox 287 1800 407 1870; x_wconf 87' lang='lat' dir='ltr'>ris,</span> <span class='ocrx_word' id='word_1_133' title='bbox 441 1799 556 1858; x_wconf 88' lang='lat' dir='ltr'>sed</span> <span class='ocrx_word' id='word_1_134' title='bbox 607 1815 871 1860; x_wconf 89' lang='lat' dir='ltr'>omnem</span> <span class='ocrx_word' id='word_1_135' title='bbox 908 1802 1114 1860; x_wconf 86' lang='lat' dir='ltr'>vitam</span> <span class='ocrx_word' id='word_1_136' title='bbox 1163 1803 1343 1861; x_wconf 88' lang='lat' dir='ltr'>tuam</span> <span class='ocrx_word' id='word_1_137' title='bbox 1381 1813 1421 1857; x_wconf 89' lang='lat' dir='ltr'>a</span> <span class='ocrx_word' id='word_1_138' title='bbox 1457 1798 1744 1874; x_wconf 86' lang='lat' dir='ltr'>pueritia</span> <span class='ocrx_word' id='word_1_139' title='bbox 1779 1801 1898 1857; x_wconf 83' lang='lat' dir='ltr'>tua</span> <span class='ocrx_word' id='word_1_140' title='bbox 1947 1813 2161 1873; x_wconf 84' lang='lat' dir='ltr'>usque</span> <span class='ocrx_word' id='word_1_141' title='bbox 2196 1813 2370 1857; x_wconf 90' lang='lat' dir='ltr'>nunc</span> <span class='ocrx_word' id='word_1_142' title='bbox 2404 1798 2777 1859; x_wconf 87' lang='lat' dir='ltr'>considera.</span> <span class='ocrx_word' id='word_1_143' title='bbox 2825 1800 3074 1859; x_wconf 90' lang='lat' dir='ltr'>Nomen</span> <span class='ocrx_word' id='word_1_144' title='bbox 3110 1812 3378 1874; x_wconf 85' lang='lat' dir='ltr'>quoque</span> 
     </span>
     <span class='ocr_line' id='line_1_14' title="bbox 287 1904 3382 1981; baseline -0.001 -18"><span class='ocrx_word' id='word_1_145' title='bbox 287 1910 475 1963; x_wconf 89' lang='lat' dir='ltr'>tuum</span> <span class='ocrx_word' id='word_1_146' title='bbox 512 1907 715 1977; x_wconf 88' lang='lat' dir='ltr'>muta,</span> <span class='ocrx_word' id='word_1_147' title='bbox 752 1904 1015 1966; x_wconf 87' lang='lat' dir='ltr'>scilicet</span> <span class='ocrx_word' id='word_1_148' title='bbox 1052 1911 1124 1965; x_wconf 87' lang='lat' dir='ltr'>ut</span> <span class='ocrx_word' id='word_1_149' title='bbox 1155 1921 1369 1981; x_wconf 83' lang='lat' dir='ltr'>agnus</span> <span class='ocrx_word' id='word_1_150' title='bbox 1393 1904 1478 1964; x_wconf 87' lang='lat' dir='ltr'>de</span> <span class='ocrx_word' id='word_1_151' title='bbox 1513 1905 1666 1979; x_wconf 90' lang='lat' dir='ltr'>lupo</span> <span class='ocrx_word' id='word_1_152' title='bbox 1703 1905 1847 1978; x_wconf 76' lang='lat' dir='ltr'>ilaS,</span> <span class='ocrx_word' id='word_1_153' title='bbox 1875 1905 2035 1980; x_wconf 86' lang='lat' dir='ltr'>quia</span> <span class='ocrx_word' id='word_1_154' title='bbox 2071 1905 2272 1980; x_wconf 87' lang='lat' dir='ltr'>lupus</span> <span class='ocrx_word' id='word_1_155' title='bbox 2305 1921 2553 1980; x_wconf 80' lang='lat' dir='ltr'>agnum</span> <span class='ocrx_word' id='word_1_156' title='bbox 2579 1905 2866 1967; x_wconf 87' lang='lat' dir='ltr'>libenter</span> <span class='ocrx_word' id='word_1_157' title='bbox 2900 1905 3097 1981; x_wconf 87' lang='lat' dir='ltr'>rapit.</span> <span class='ocrx_word' id='word_1_158' title='bbox 3132 1905 3210 1964; x_wconf 89' lang='lat' dir='ltr'>Et</span> <span class='ocrx_word' id='word_1_159' title='bbox 3235 1904 3382 1963; x_wconf 89' lang='lat' dir='ltr'>esto</span> 
     </span>
     <span class='ocr_line' id='line_1_15' title="bbox 285 2006 3389 2085; baseline -0 -17"><span class='ocrx_word' id='word_1_160' title='bbox 285 2008 353 2068; x_wconf 89' lang='lat' dir='ltr'>in</span> <span class='ocrx_word' id='word_1_161' title='bbox 385 2010 603 2084; x_wconf 87' lang='lat' dir='ltr'>epulis</span> <span class='ocrx_word' id='word_1_162' title='bbox 639 2010 971 2085; x_wconf 80' lang='lat' dir='ltr'>peregrini</span> <span class='ocrx_word' id='word_1_163' title='bbox 1023 2009 1164 2083; x_wconf 84' lang='lat' dir='ltr'>filii,</span> <span class='ocrx_word' id='word_1_164' title='bbox 1201 2009 1316 2085; x_wconf 87' lang='lat' dir='ltr'>qui</span> <span class='ocrx_word' id='word_1_165' title='bbox 1353 2011 1624 2085; x_wconf 86' lang='lat' dir='ltr'>peccata</span> <span class='ocrx_word' id='word_1_166' title='bbox 1673 2025 1796 2069; x_wconf 87' lang='lat' dir='ltr'>sua</span> <span class='ocrx_word' id='word_1_167' title='bbox 1828 2009 2226 2084; x_wconf 80' lang='lat' dir='ltr'>confitendo,</span> <span class='ocrx_word' id='word_1_168' title='bbox 2261 2009 2344 2068; x_wconf 88' lang='lat' dir='ltr'>ad</span> <span class='ocrx_word' id='word_1_169' title='bbox 2380 2015 2635 2085; x_wconf 87' lang='lat' dir='ltr'>patrem</span> <span class='ocrx_word' id='word_1_170' title='bbox 2673 2026 2868 2069; x_wconf 88' lang='lat' dir='ltr'>suum</span> <span class='ocrx_word' id='word_1_171' title='bbox 2920 2010 3244 2083; x_wconf 90' lang='lat' dir='ltr'>cucurrit,</span> <span class='ocrx_word' id='word_1_172' title='bbox 3290 2006 3389 2067; x_wconf 90' lang='lat' dir='ltr'>di-</span> 
     </span>
     <span class='ocr_line' id='line_1_16' title="bbox 288 2109 3403 2191; baseline 0.002 -21"><span class='ocrx_word' id='word_1_173' title='bbox 288 2127 466 2172; x_wconf 88' lang='lat' dir='ltr'>cens:</span> <span class='ocrx_word' id='word_1_174' title='bbox 521 2114 747 2187; x_wconf 80' lang='lat' dir='ltr'>Pater,</span> <span class='ocrx_word' id='word_1_175' title='bbox 777 2116 1045 2191; x_wconf 76' lang='lat' dir='ltr'>peccavi</span> <span class='ocrx_word' id='word_1_176' title='bbox 1092 2116 1165 2174; x_wconf 82' lang='lat' dir='ltr'>in</span> <span class='ocrx_word' id='word_1_177' title='bbox 1199 2116 1451 2174; x_wconf 79' lang='lat' dir='ltr'>coetum</span> <span class='ocrx_word' id='word_1_178' title='bbox 1500 2122 1563 2173; x_wconf 83' lang='lat' dir='ltr'>et</span> <span class='ocrx_word' id='word_1_179' title='bbox 1592 2131 1811 2175; x_wconf 83' lang='lat' dir='ltr'>coram</span> <span class='ocrx_word' id='word_1_180' title='bbox 1860 2122 1944 2173; x_wconf 81' lang='lat' dir='ltr'>te.</span> <span class='ocrx_word' id='word_1_181' title='bbox 1977 2109 2024 2190; x_wconf 86' lang='lat'>¹)</span> <span class='ocrx_word' id='word_1_182' title='bbox 2076 2112 2288 2189; x_wconf 85' lang='lat' dir='ltr'>Super</span> <span class='ocrx_word' id='word_1_183' title='bbox 2321 2130 2452 2190; x_wconf 88' lang='lat' dir='ltr'>quo</span> <span class='ocrx_word' id='word_1_184' title='bbox 2488 2130 2722 2173; x_wconf 88' lang='lat' dir='ltr'>omnes</span> <span class='ocrx_word' id='word_1_185' title='bbox 2754 2113 2945 2174; x_wconf 90' lang='lat' dir='ltr'>chori</span> <span class='ocrx_word' id='word_1_186' title='bbox 2992 2114 3403 2190; x_wconf 63' lang='lat' dir='ltr'>angelorum,</span> 
     </span>
     <span class='ocr_line' id='line_1_17' title="bbox 287 2216 3385 2295; baseline 0 -20"><span class='ocrx_word' id='word_1_187' title='bbox 287 2216 688 2292; x_wconf 80' lang='lat' dir='ltr'>gaudebant,</span> <span class='ocrx_word' id='word_1_188' title='bbox 744 2220 1065 2278; x_wconf 80' lang='lat' dir='ltr'>mirantes</span> <span class='ocrx_word' id='word_1_189' title='bbox 1096 2217 1270 2295; x_wconf 88' lang='lat' dir='ltr'>quod</span> <span class='ocrx_word' id='word_1_190' title='bbox 1311 2225 1462 2294; x_wconf 88' lang='lat' dir='ltr'>post</span> <span class='ocrx_word' id='word_1_191' title='bbox 1495 2219 1865 2294; x_wconf 83' lang='lat' dir='ltr'>nequitiam</span> <span class='ocrx_word' id='word_1_192' title='bbox 1915 2222 2344 2294; x_wconf 87' lang='lat' dir='ltr'>peccatorum</span> <span class='ocrx_word' id='word_1_193' title='bbox 2381 2233 2684 2291; x_wconf 91' lang='lat' dir='ltr'>suorum,</span> <span class='ocrx_word' id='word_1_194' title='bbox 2720 2217 2898 2277; x_wconf 90' lang='lat' dir='ltr'>Deus</span> <span class='ocrx_word' id='word_1_195' title='bbox 2943 2224 3199 2277; x_wconf 85' lang='lat' dir='ltr'>tantam</span> <span class='ocrx_word' id='word_1_196' title='bbox 3232 2233 3385 2291; x_wconf 74' lang='lat' dir='ltr'>gra-</span> 
     </span>
     <span class='ocr_line' id='line_1_18' title="bbox 294 2323 3388 2402; baseline 0.002 -20"><span class='ocrx_word' id='word_1_197' title='bbox 294 2323 452 2383; x_wconf 89' lang='lat' dir='ltr'>tiam</span> <span class='ocrx_word' id='word_1_198' title='bbox 490 2325 585 2384; x_wconf 91' lang='lat' dir='ltr'>illi</span> <span class='ocrx_word' id='word_1_199' title='bbox 635 2326 938 2386; x_wconf 90' lang='lat' dir='ltr'>contulit.</span> <span class='ocrx_word' id='word_1_200' title='bbox 975 2326 1208 2402; x_wconf 87' lang='lat' dir='ltr'>Itaque</span> <span class='ocrx_word' id='word_1_201' title='bbox 1248 2324 1534 2401; x_wconf 82' lang='lat' dir='ltr'>adjunge</span> <span class='ocrx_word' id='word_1_202' title='bbox 1584 2330 1648 2386; x_wconf 90' lang='lat' dir='ltr'>te</span> <span class='ocrx_word' id='word_1_203' title='bbox 1688 2324 1965 2385; x_wconf 82' lang='lat' dir='ltr'>floribus</span> <span class='ocrx_word' id='word_1_204' title='bbox 1998 2331 2067 2384; x_wconf 86' lang='lat' dir='ltr'>et</span> <span class='ocrx_word' id='word_1_205' title='bbox 2117 2325 2500 2400; x_wconf 81' lang='lat' dir='ltr'>pigmentis,</span> <span class='ocrx_word' id='word_1_206' title='bbox 2552 2333 2885 2402; x_wconf 85' lang='lat' dir='ltr'>quatenus</span> <span class='ocrx_word' id='word_1_207' title='bbox 2934 2332 3208 2402; x_wconf 88' lang='lat' dir='ltr'>propter</span> <span class='ocrx_word' id='word_1_208' title='bbox 3240 2326 3388 2387; x_wconf 81' lang='lat' dir='ltr'>dul·</span> 
     </span>
     <span class='ocr_line' id='line_1_19' title="bbox 291 2430 3384 2509; baseline 0.002 -21"><span class='ocrx_word' id='word_1_209' title='bbox 291 2445 433 2489; x_wconf 85' lang='lat' dir='ltr'>cem</span> <span class='ocrx_word' id='word_1_210' title='bbox 465 2430 734 2490; x_wconf 83' lang='lat' dir='ltr'>odorem</span> <span class='ocrx_word' id='word_1_211' title='bbox 772 2437 958 2491; x_wconf 85' lang='lat' dir='ltr'>tuum</span> <span class='ocrx_word' id='word_1_212' title='bbox 989 2433 1277 2508; x_wconf 87' lang='lat' dir='ltr'>populus</span> <span class='ocrx_word' id='word_1_213' title='bbox 1304 2431 1616 2508; x_wconf 77' lang='lat' dir='ltr'>gaudeat,</span> <span class='ocrx_word' id='word_1_214' title='bbox 1651 2433 1966 2508; x_wconf 86' lang='lat' dir='ltr'>quoniam</span> <span class='ocrx_word' id='word_1_215' title='bbox 2003 2431 2357 2492; x_wconf 86' lang='lat' dir='ltr'>honestum</span> <span class='ocrx_word' id='word_1_216' title='bbox 2386 2439 2452 2491; x_wconf 81' lang='lat' dir='ltr'>et</span> <span class='ocrx_word' id='word_1_217' title='bbox 2480 2433 2708 2492; x_wconf 87' lang='lat' dir='ltr'>utilem</span> <span class='ocrx_word' id='word_1_218' title='bbox 2738 2439 3075 2509; x_wconf 84' lang='lat' dir='ltr'>pastorem</span> <span class='ocrx_word' id='word_1_219' title='bbox 3114 2432 3384 2507; x_wconf 80' lang='lat' dir='ltr'>haheat,</span> 
     </span>
    </p>
   </div>
   <div class='ocr_carea' id='block_1_3' title="bbox 286 2535 3387 2720">
    <p class='ocr_par' dir='ltr' id='par_1_4' title="bbox 286 2535 3387 2720">
     <span class='ocr_line' id='line_1_20' title="bbox 286 2535 3387 2616; baseline 0.002 -23"><span class='ocrx_word' id='word_1_220' title='bbox 286 2540 356 2595; x_wconf 90' lang='lat' dir='ltr'>et</span> <span class='ocrx_word' id='word_1_221' title='bbox 392 2541 463 2594; x_wconf 92' lang='lat' dir='ltr'>ut</span> <span class='ocrx_word' id='word_1_222' title='bbox 494 2537 694 2595; x_wconf 90' lang='lat' dir='ltr'>etiam</span> <span class='ocrx_word' id='word_1_223' title='bbox 730 2552 958 2598; x_wconf 86' lang='lat' dir='ltr'>vocem</span> <span class='ocrx_word' id='word_1_224' title='bbox 987 2536 1247 2598; x_wconf 86' lang='lat' dir='ltr'>Domini</span> <span class='ocrx_word' id='word_1_225' title='bbox 1284 2536 1518 2616; x_wconf 86' lang='lat' dir='ltr'>audire</span> <span class='ocrx_word' id='word_1_226' title='bbox 1551 2536 1897 2597; x_wconf 84' lang='lat' dir='ltr'>merearis:</span> <span class='ocrx_word' id='word_1_227' title='bbox 1928 2537 2133 2613; x_wconf 70' lang='lat' dir='ltr'>Euae,</span> <span class='ocrx_word' id='word_1_228' title='bbox 2165 2555 2346 2596; x_wconf 76' lang='lat' dir='ltr'>serve</span> <span class='ocrx_word' id='word_1_229' title='bbox 2381 2535 2541 2596; x_wconf 81' lang='lat' dir='ltr'>bone</span> <span class='ocrx_word' id='word_1_230' title='bbox 2569 2543 2627 2595; x_wconf 80' lang='lat' dir='ltr'>et</span> <span class='ocrx_word' id='word_1_231' title='bbox 2658 2538 2895 2616; x_wconf 81' lang='lat' dir='ltr'>fidelis,</span> <span class='ocrx_word' id='word_1_232' title='bbox 2925 2541 3107 2598; x_wconf 80' lang='lat' dir='ltr'>intra</span> <span class='ocrx_word' id='word_1_233' title='bbox 3130 2540 3203 2598; x_wconf 79' lang='lat' dir='ltr'>in</span> <span class='ocrx_word' id='word_1_234' title='bbox 3227 2556 3387 2614; x_wconf 71' lang='lat' dir='ltr'>qau-</span> 
     </span>
     <span class='ocr_line' id='line_1_21' title="bbox 287 2642 1022 2720; baseline 0.007 -20"><span class='ocrx_word' id='word_1_235' title='bbox 287 2642 474 2701; x_wconf 81' lang='lat' dir='ltr'>dium</span> <span class='ocrx_word' id='word_1_236' title='bbox 513 2644 778 2703; x_wconf 77' lang='lat' dir='ltr'>Domini</span> <span class='ocrx_word' id='word_1_237' title='bbox 813 2647 935 2704; x_wconf 79' lang='lat' dir='ltr'>tui.</span> <span class='ocrx_word' id='word_1_238' title='bbox 971 2642 1022 2720; x_wconf 73' lang='lat'>²)</span> 
     </span>
    </p>
   </div>
   <div class='ocr_carea' id='block_1_4' title="bbox 1352 518 2320 571">
    <p class='ocr_par' dir='ltr' id='par_1_5' title="bbox 1352 518 2320 571">
     <span class='ocr_line' id='line_1_22' title="bbox 1352 518 2320 571; baseline 0.001 -4"><span class='ocrx_word' id='word_1_239' title='bbox 1352 518 1815 570; x_wconf 72' lang='lat' dir='ltr'><strong>EPISTULARUM</strong></span> <span class='ocrx_word' id='word_1_240' title='bbox 1854 522 2039 571; x_wconf 51' lang='lat' dir='ltr'>Novit</span> <span class='ocrx_word' id='word_1_241' title='bbox 2075 518 2320 571; x_wconf 63' lang='lat' dir='ltr'>simias,</span> 
     </span>
    </p>
   </div>
   <div class='ocr_carea' id='block_1_5' title="bbox 289 2850 3390 3778">
    <p class='ocr_par' dir='ltr' id='par_1_6' title="bbox 289 2850 3390 3032">
     <span class='ocr_line' id='line_1_23' title="bbox 380 2850 3390 2935; baseline 0.002 -24"><span class='ocrx_word' id='word_1_242' title='bbox 380 2852 534 2912; x_wconf 91' lang='lat' dir='ltr'>Cod.</span> <span class='ocrx_word' id='word_1_243' title='bbox 589 2851 950 2914; x_wconf 75' lang='lat' dir='ltr'>vindobon.</span> <span class='ocrx_word' id='word_1_244' title='bbox 1005 2852 1156 2914; x_wconf 75' lang='lat'>629.</span> <span class='ocrx_word' id='word_1_245' title='bbox 1194 2853 1304 2915; x_wconf 85' lang='lat' dir='ltr'>fol.</span> <span class='ocrx_word' id='word_1_246' title='bbox 1342 2853 1473 2915; x_wconf 87' lang='grc'><strong>1-9.</strong></span> <span class='ocrx_word' id='word_1_247' title='bbox 1511 2856 1613 2921; x_wconf 74' lang='lat' dir='ltr'>Ad</span> <span class='ocrx_word' id='word_1_248' title='bbox 1659 2854 2036 2914; x_wconf 77' lang='lat' dir='ltr'>saeculares</span> <span class='ocrx_word' id='word_1_249' title='bbox 2068 2857 2364 2916; x_wconf 79' lang='lat' dir='ltr'>homines</span> <span class='ocrx_word' id='word_1_250' title='bbox 2396 2850 2445 2935; x_wconf 80' lang='lat'>⁸)</span> <span class='ocrx_word' id='word_1_251' title='bbox 2482 2857 2929 2934; x_wconf 67' lang='lat' dir='ltr'>Hildeqardis.</span> <span class='ocrx_word' id='word_1_252' title='bbox 2984 2856 3146 2917; x_wconf 84' lang='lat' dir='ltr'>Vide</span> <span class='ocrx_word' id='word_1_253' title='bbox 3182 2870 3390 2932; x_wconf 79' lang='lat' dir='ltr'>supra</span> 
     </span>
     <span class='ocr_line' id='line_1_24' title="bbox 289 2954 3249 3032; baseline 0.002 -15"><span class='ocrx_word' id='word_1_254' title='bbox 289 2973 352 3032; x_wconf 86' lang='lat' dir='ltr'>p.</span> <span class='ocrx_word' id='word_1_255' title='bbox 390 2954 543 3017; x_wconf 80' lang='grc'><strong>341.</strong></span> <span class='ocrx_word' id='word_1_256' title='bbox 3244 2988 3249 2993; x_wconf 66' lang='grc'><strong><em>’</em></strong></span> 
     </span>
    </p>

    <p class='ocr_par' dir='ltr' id='par_1_7' title="bbox 384 3061 2839 3143">
     <span class='ocr_line' id='line_1_25' title="bbox 384 3061 2839 3143; baseline 0.002 -22"><span class='ocrx_word' id='word_1_257' title='bbox 384 3061 424 3123; x_wconf 80' lang='lat' dir='ltr'>f.</span> <span class='ocrx_word' id='word_1_258' title='bbox 458 3061 499 3122; x_wconf 88' lang='grc'><strong>9</strong></span> <span class='ocrx_word' id='word_1_259' title='bbox 535 3063 594 3123; x_wconf 92' lang='lat' dir='ltr'>b.</span> <span class='ocrx_word' id='word_1_260' title='bbox 633 3065 980 3129; x_wconf 72' lang='lat' dir='ltr'>Anastasio</span> <span class='ocrx_word' id='word_1_261' title='bbox 1014 3065 1381 3143; x_wconf 82' lang='lat' dir='ltr'>Apostolico</span> <span class='ocrx_word' id='word_1_262' title='bbox 1413 3064 1854 3140; x_wconf 68' lang='lat' dir='ltr'>Hildeyamiis.</span> <span class='ocrx_word' id='word_1_263' title='bbox 1891 3063 2139 3126; x_wconf 85' lang='lat' dir='ltr'>Patrol.</span> <span class='ocrx_word' id='word_1_264' title='bbox 2178 3062 2486 3141; x_wconf 89' lang='lat' dir='ltr'>CXCVII,</span> <span class='ocrx_word' id='word_1_265' title='bbox 2523 3068 2647 3128; x_wconf 87' lang='lat' dir='ltr'>col.</span> <span class='ocrx_word' id='word_1_266' title='bbox 2689 3067 2839 3128; x_wconf 78' lang='lat'>154.</span> 
     </span>
    </p>

    <p class='ocr_par' dir='ltr' id='par_1_8' title="bbox 384 3167 2770 3250">
     <span class='ocr_line' id='line_1_26' title="bbox 384 3167 2770 3250; baseline 0.003 -22"><span class='ocrx_word' id='word_1_267' title='bbox 384 3168 425 3228; x_wconf 85' lang='lat' dir='ltr'>f.</span> <span class='ocrx_word' id='word_1_268' title='bbox 466 3167 549 3229; x_wconf 75' lang='lat'>12</span> <span class='ocrx_word' id='word_1_269' title='bbox 585 3171 643 3231; x_wconf 93' lang='lat' dir='ltr'>b.</span> <span class='ocrx_word' id='word_1_270' title='bbox 682 3173 948 3232; x_wconf 77' lang='lat' dir='ltr'>Danieli</span> <span class='ocrx_word' id='word_1_271' title='bbox 978 3167 1026 3249; x_wconf 85' lang='lat'>⁴)</span> <span class='ocrx_word' id='word_1_272' title='bbox 1065 3175 1390 3250; x_wconf 75' lang='lat' dir='ltr'>Braqensi</span> <span class='ocrx_word' id='word_1_273' title='bbox 1420 3175 1721 3250; x_wconf 64' lang='lat' dir='ltr'>episcopo</span> <span class='ocrx_word' id='word_1_274' title='bbox 1757 3172 2200 3249; x_wconf 75' lang='lat' dir='ltr'>Hildeyardis.</span> <span class='ocrx_word' id='word_1_275' title='bbox 2238 3174 2415 3234; x_wconf 89' lang='lat' dir='ltr'>Patr.</span> <span class='ocrx_word' id='word_1_276' title='bbox 2453 3175 2578 3234; x_wconf 89' lang='lat' dir='ltr'>col.</span> <span class='ocrx_word' id='word_1_277' title='bbox 2620 3175 2770 3236; x_wconf 87' lang='lat'>177.</span> 
     </span>
    </p>

    <p class='ocr_par' dir='ltr' id='par_1_9' title="bbox 386 3272 2802 3352">
     <span class='ocr_line' id='line_1_27' title="bbox 386 3272 2802 3352; baseline 0.002 -18"><span class='ocrx_word' id='word_1_278' title='bbox 386 3273 427 3335; x_wconf 86' lang='lat' dir='ltr'>f.</span> <span class='ocrx_word' id='word_1_279' title='bbox 465 3276 567 3336; x_wconf 84' lang='lat'>14.</span> <span class='ocrx_word' id='word_1_280' title='bbox 610 3278 902 3338; x_wconf 69' lang='lat' dir='ltr'>liutardo</span> <span class='ocrx_word' id='word_1_281' title='bbox 930 3272 978 3352; x_wconf 76' lang='lat'>⁵)</span> <span class='ocrx_word' id='word_1_282' title='bbox 1018 3276 1444 3338; x_wconf 79' lang='lat' dir='ltr'>Eberbacensi</span> <span class='ocrx_word' id='word_1_283' title='bbox 1477 3275 1686 3336; x_wconf 81' lang='lat' dir='ltr'>abbati</span> <span class='ocrx_word' id='word_1_284' title='bbox 1723 3276 2166 3352; x_wconf 72' lang='lat' dir='ltr'>Hildeqardis.</span> <span class='ocrx_word' id='word_1_285' title='bbox 2202 3277 2449 3339; x_wconf 84' lang='lat' dir='ltr'>Patrol.</span> <span class='ocrx_word' id='word_1_286' title='bbox 2488 3280 2613 3340; x_wconf 84' lang='lat' dir='ltr'>col.</span> <span class='ocrx_word' id='word_1_287' title='bbox 2652 3278 2802 3340; x_wconf 84' lang='lat'>195.</span> 
     </span>
    </p>

    <p class='ocr_par' dir='ltr' id='par_1_10' title="bbox 387 3377 2761 3460">
     <span class='ocr_line' id='line_1_28' title="bbox 387 3377 2761 3460; baseline 0.002 -19"><span class='ocrx_word' id='word_1_288' title='bbox 387 3380 429 3441; x_wconf 84' lang='lat' dir='ltr'>f.</span> <span class='ocrx_word' id='word_1_289' title='bbox 465 3379 569 3441; x_wconf 86' lang='grc'>15.</span> <span class='ocrx_word' id='word_1_290' title='bbox 609 3381 903 3442; x_wconf 77' lang='lat' dir='ltr'>Guntero</span> <span class='ocrx_word' id='word_1_291' title='bbox 931 3377 979 3460; x_wconf 80' lang='lat'>⁶)</span> <span class='ocrx_word' id='word_1_292' title='bbox 1017 3384 1320 3460; x_wconf 78' lang='lat' dir='ltr'>Spirensi</span> <span class='ocrx_word' id='word_1_293' title='bbox 1352 3384 1650 3458; x_wconf 83' lang='lat' dir='ltr'>episcopo</span> <span class='ocrx_word' id='word_1_294' title='bbox 1684 3380 2126 3457; x_wconf 74' lang='lat' dir='ltr'>Hildeqardis.</span> <span class='ocrx_word' id='word_1_295' title='bbox 2162 3382 2409 3443; x_wconf 80' lang='lat' dir='ltr'>Patrol.</span> <span class='ocrx_word' id='word_1_296' title='bbox 2446 3384 2572 3444; x_wconf 89' lang='lat' dir='ltr'>col.</span> <span class='ocrx_word' id='word_1_297' title='bbox 2610 3384 2761 3445; x_wconf 76' lang='lat'>172.</span> 
     </span>
    </p>

    <p class='ocr_par' dir='ltr' id='par_1_11' title="bbox 388 3482 2968 3564">
     <span class='ocr_line' id='line_1_29' title="bbox 388 3482 2968 3564; baseline 0.001 -20"><span class='ocrx_word' id='word_1_298' title='bbox 388 3484 428 3545; x_wconf 80' lang='lat' dir='ltr'>f.</span> <span class='ocrx_word' id='word_1_299' title='bbox 465 3484 551 3545; x_wconf 90' lang='grc'>16</span> <span class='ocrx_word' id='word_1_300' title='bbox 586 3486 645 3546; x_wconf 90' lang='lat' dir='ltr'>b.</span> <span class='ocrx_word' id='word_1_301' title='bbox 683 3488 977 3546; x_wconf 76' lang='lat' dir='ltr'>Diettero</span> <span class='ocrx_word' id='word_1_302' title='bbox 1005 3483 1055 3564; x_wconf 87' lang='lat'>⁷)</span> <span class='ocrx_word' id='word_1_303' title='bbox 1091 3486 1300 3547; x_wconf 85' lang='lat' dir='ltr'>abbati</span> <span class='ocrx_word' id='word_1_304' title='bbox 1333 3487 1413 3545; x_wconf 76' lang='lat' dir='ltr'>de</span> <span class='ocrx_word' id='word_1_305' title='bbox 1457 3482 2003 3548; x_wconf 75' lang='lat' dir='ltr'>Mulenbrunnun</span> <span class='ocrx_word' id='word_1_306' title='bbox 2040 3484 2488 3563; x_wconf 74' lang='lat' dir='ltr'>Hildeqardis.</span> <span class='ocrx_word' id='word_1_307' title='bbox 2528 3487 2613 3548; x_wconf 85' lang='lat' dir='ltr'>ib.</span> <span class='ocrx_word' id='word_1_308' title='bbox 2650 3488 2777 3549; x_wconf 85' lang='lat' dir='ltr'>col.</span> <span class='ocrx_word' id='word_1_309' title='bbox 2816 3487 2968 3547; x_wconf 79' lang='lat'>283.</span> 
     </span>
    </p>

    <p class='ocr_par' dir='ltr' id='par_1_12' title="bbox 387 3591 2027 3670">
     <span class='ocr_line' id='line_1_30' title="bbox 387 3591 2027 3670; baseline 0 -18"><span class='ocrx_word' id='word_1_310' title='bbox 387 3592 428 3653; x_wconf 85' lang='lat' dir='ltr'>f.</span> <span class='ocrx_word' id='word_1_311' title='bbox 467 3594 570 3653; x_wconf 83' lang='lat'>17.</span> <span class='ocrx_word' id='word_1_312' title='bbox 607 3595 710 3654; x_wconf 81' lang='lat' dir='ltr'>Ad</span> <span class='ocrx_word' id='word_1_313' title='bbox 741 3598 1109 3656; x_wconf 80' lang='lat' dir='ltr'>monachos.</span> <span class='ocrx_word' id='word_1_314' title='bbox 1146 3595 1310 3654; x_wconf 87' lang='lat' dir='ltr'>Vide</span> <span class='ocrx_word' id='word_1_315' title='bbox 1344 3609 1550 3670; x_wconf 85' lang='lat' dir='ltr'>supra</span> <span class='ocrx_word' id='word_1_316' title='bbox 1584 3610 1644 3667; x_wconf 89' lang='lat' dir='ltr'>p.</span> <span class='ocrx_word' id='word_1_317' title='bbox 1680 3591 1837 3664; x_wconf 84' lang='lat'>334,</span> <span class='ocrx_word' id='word_1_318' title='bbox 1874 3591 2027 3652; x_wconf 88' lang='grc'><strong>335.</strong></span> 
     </span>
    </p>

    <p class='ocr_par' dir='ltr' id='par_1_13' title="bbox 386 3693 2477 3778">
     <span class='ocr_line' id='line_1_31' title="bbox 386 3693 2477 3778; baseline 0.003 -23"><span class='ocrx_word' id='word_1_319' title='bbox 386 3696 426 3756; x_wconf 88' lang='lat' dir='ltr'>f.</span> <span class='ocrx_word' id='word_1_320' title='bbox 463 3696 569 3758; x_wconf 79' lang='lat'>20.</span> <span class='ocrx_word' id='word_1_321' title='bbox 609 3699 884 3775; x_wconf 80' lang='lat' dir='ltr'>Sophiae</span> <span class='ocrx_word' id='word_1_322' title='bbox 916 3693 966 3778; x_wconf 84' lang='lat'>⁸)</span> <span class='ocrx_word' id='word_1_323' title='bbox 1000 3697 1356 3759; x_wconf 80' lang='lat' dir='ltr'>abbatissae</span> <span class='ocrx_word' id='word_1_324' title='bbox 1391 3695 1833 3774; x_wconf 73' lang='lat' dir='ltr'>Hildeqardis.</span> <span class='ocrx_word' id='word_1_325' title='bbox 1872 3694 2123 3759; x_wconf 79' lang='lat' dir='ltr'>Patrol.</span> <span class='ocrx_word' id='word_1_326' title='bbox 2160 3698 2287 3759; x_wconf 84' lang='lat' dir='ltr'>col.</span> <span class='ocrx_word' id='word_1_327' title='bbox 2325 3699 2477 3760; x_wconf 79' lang='lat'>323.</span> 
     </span>
    </p>
   </div>
   <div class='ocr_carea' id='block_1_6' title="bbox 298 3912 1793 4082">
    <p class='ocr_par' dir='ltr' id='par_1_14' title="bbox 298 3912 1793 4082">
     <span class='ocr_line' id='line_1_32' title="bbox 366 3912 1792 3982; baseline 0.004 -11"><span class='ocrx_word' id='word_1_328' title='bbox 366 3918 410 3971; x_wconf 81' lang='lat' dir='ltr'>u</span> <span class='ocrx_word' id='word_1_329' title='bbox 455 3918 590 3975; x_wconf 77' lang='lat' dir='ltr'>Luc.</span> <span class='ocrx_word' id='word_1_330' title='bbox 637 3918 884 3981; x_wconf 74' lang='lat' dir='ltr'>XV.21.</span> <span class='ocrx_word' id='word_1_331' title='bbox 919 3950 976 3958; x_wconf 94' lang='lat'>-</span> <span class='ocrx_word' id='word_1_332' title='bbox 1007 3916 1285 3982; x_wconf 64' lang='lat' dir='ltr'>umuli.</span> <span class='ocrx_word' id='word_1_333' title='bbox 1319 3915 1503 3974; x_wconf 85' lang='lat' dir='ltr'>xxv.</span> <span class='ocrx_word' id='word_1_334' title='bbox 1531 3921 1620 3973; x_wconf 75' lang='lat'>2¹.</span> <span class='ocrx_word' id='word_1_335' title='bbox 1653 3912 1792 3977; x_wconf 83' lang='lat'>-⁸)</span> 
     </span>
     <span class='ocr_line' id='line_1_33' title="bbox 298 4002 1793 4082; baseline 0 -25"><span class='ocrx_word' id='word_1_336' title='bbox 298 4003 434 4059; x_wconf 80' lang='lat' dir='ltr'>lnde</span> <span class='ocrx_word' id='word_1_337' title='bbox 486 4005 780 4080; x_wconf 54' lang='lat' dir='ltr'>circutitur</span> <span class='ocrx_word' id='word_1_338' title='bbox 822 4006 946 4063; x_wconf 78' lang='lat' dir='ltr'>cod.</span> <span class='ocrx_word' id='word_1_339' title='bbox 989 4007 1134 4062; x_wconf 82' lang='lat' dir='ltr'>alter</span> <span class='ocrx_word' id='word_1_340' title='bbox 1176 4002 1793 4082; x_wconf 9' lang='lat' dir='ltr'>Caesareuswtiwwfflin·</span> 
     </span>
    </p>
   </div>
   <div class='ocr_carea' id='block_1_7' title="bbox 1883 3913 3390 4077">
    <p class='ocr_par' dir='ltr' id='par_1_15' title="bbox 1883 3913 3390 4077">
     <span class='ocr_line' id='line_1_34' title="bbox 1883 3913 3387 3989; baseline 0.002 -20"><span class='ocrx_word' id='word_1_341' title='bbox 1883 3914 1992 3970; x_wconf 82' lang='lat' dir='ltr'>sub</span> <span class='ocrx_word' id='word_1_342' title='bbox 2030 3913 2168 3972; x_wconf 75' lang='lat' dir='ltr'>falsa</span> <span class='ocrx_word' id='word_1_343' title='bbox 2216 3916 2409 3974; x_wconf 79' lang='lat' dir='ltr'>littera</span> <span class='ocrx_word' id='word_1_344' title='bbox 2449 3917 2507 3974; x_wconf 80' lang='lat' dir='ltr'>H</span> <span class='ocrx_word' id='word_1_345' title='bbox 2551 3919 2689 3974; x_wconf 73' lang='lat' dir='ltr'>latet</span> <span class='ocrx_word' id='word_1_346' title='bbox 2729 3917 2788 3975; x_wconf 87' lang='lat' dir='ltr'>in</span> <span class='ocrx_word' id='word_1_347' title='bbox 2826 3917 2951 3975; x_wconf 78' lang='lat' dir='ltr'>edd.</span> <span class='ocrx_word' id='word_1_348' title='bbox 2993 3918 3141 3989; x_wconf 73' lang='lat' dir='ltr'>apud</span> <span class='ocrx_word' id='word_1_349' title='bbox 3182 3916 3387 3974; x_wconf 76' lang='lat' dir='ltr'>Marte·</span> 
     </span>
     <span class='ocr_line' id='line_1_35' title="bbox 1884 4002 3390 4077; baseline 0.005 -22"><span class='ocrx_word' id='word_1_350' title='bbox 1884 4002 2068 4059; x_wconf 88' lang='lat' dir='ltr'>nium.</span> <span class='ocrx_word' id='word_1_351' title='bbox 2109 4004 2216 4061; x_wconf 77' lang='lat' dir='ltr'>Sed</span> <span class='ocrx_word' id='word_1_352' title='bbox 2246 4021 2371 4060; x_wconf 87' lang='lat' dir='ltr'>mox</span> <span class='ocrx_word' id='word_1_353' title='bbox 2417 4005 2624 4077; x_wconf 79' lang='lat' dir='ltr'>incipit</span> <span class='ocrx_word' id='word_1_354' title='bbox 2654 4007 2711 4062; x_wconf 91' lang='lat' dir='ltr'>in</span> <span class='ocrx_word' id='word_1_355' title='bbox 2749 4006 2943 4063; x_wconf 85' lang='lat' dir='ltr'>codice</span> <span class='ocrx_word' id='word_1_356' title='bbox 2973 4005 3238 4063; x_wconf 74' lang='lat' dir='ltr'>foliorum</span> <span class='ocrx_word' id='word_1_357' title='bbox 3269 4022 3390 4076; x_wconf 84' lang='lat' dir='ltr'>per·</span> 
     </span>
    </p>
   </div>
   <div class='ocr_carea' id='block_1_8' title="bbox 290 4087 1797 5292">
    <p class='ocr_par' dir='ltr' id='par_1_16' title="bbox 290 4087 1797 5292">
     <span class='ocr_line' id='line_1_36' title="bbox 297 4087 1794 4162; baseline 0 -18"><span class='ocrx_word' id='word_1_358' title='bbox 297 4106 420 4162; x_wconf 77' lang='lat' dir='ltr'>nys.</span> <span class='ocrx_word' id='word_1_359' title='bbox 452 4087 570 4148; x_wconf 80' lang='lat' dir='ltr'>Cat.</span> <span class='ocrx_word' id='word_1_360' title='bbox 619 4099 656 4148; x_wconf 89' lang='lat' dir='ltr'>t.</span> <span class='ocrx_word' id='word_1_361' title='bbox 703 4093 744 4147; x_wconf 96' lang='grc' dir='ltr'><strong>Ι.</strong></span> <span class='ocrx_word' id='word_1_362' title='bbox 786 4097 975 4152; x_wconf 80' lang='grc'><strong>2599.)</strong></span> <span class='ocrx_word' id='word_1_363' title='bbox 1020 4093 1160 4148; x_wconf 78' lang='lat' dir='ltr'>alias</span> <span class='ocrx_word' id='word_1_364' title='bbox 1185 4098 1283 4148; x_wconf 97' lang='grc'>881</span> <span class='ocrx_word' id='word_1_365' title='bbox 1326 4092 1524 4147; x_wconf 77' lang='lat' dir='ltr'>Theoi.</span> <span class='ocrx_word' id='word_1_366' title='bbox 1569 4096 1693 4152; x_wconf 85' lang='grc'><strong>787,</strong></span> <span class='ocrx_word' id='word_1_367' title='bbox 1736 4090 1794 4145; x_wconf 90' lang='lat' dir='ltr'>in</span> 
     </span>
     <span class='ocr_line' id='line_1_37' title="bbox 294 4176 1793 4250; baseline 0 -19"><span class='ocrx_word' id='word_1_368' title='bbox 294 4194 431 4248; x_wconf 84' lang='lat' dir='ltr'>qun,</span> <span class='ocrx_word' id='word_1_369' title='bbox 461 4179 506 4235; x_wconf 88' lang='lat' dir='ltr'>si</span> <span class='ocrx_word' id='word_1_370' title='bbox 542 4186 744 4235; x_wconf 83' lang='lat' dir='ltr'>cuncta</span> <span class='ocrx_word' id='word_1_371' title='bbox 786 4180 912 4250; x_wconf 83' lang='lat' dir='ltr'>plus</span> <span class='ocrx_word' id='word_1_372' title='bbox 953 4179 1141 4234; x_wconf 84' lang='lat' dir='ltr'>miuus</span> <span class='ocrx_word' id='word_1_373' title='bbox 1180 4177 1397 4241; x_wconf 65' lang='lat' dir='ltr'>integra</span> <span class='ocrx_word' id='word_1_374' title='bbox 1439 4176 1793 4247; x_wconf 69' lang='lat' dir='ltr'>expenderis,</span> 
     </span>
     <span class='ocr_line' id='line_1_38' title="bbox 299 4261 1797 4335; baseline -0.001 -16"><span class='ocrx_word' id='word_1_375' title='bbox 299 4264 405 4319; x_wconf 87' lang='lat' dir='ltr'>tibi</span> <span class='ocrx_word' id='word_1_376' title='bbox 435 4269 601 4318; x_wconf 84' lang='lat' dir='ltr'>erunt</span> <span class='ocrx_word' id='word_1_377' title='bbox 639 4264 912 4335; x_wconf 77' lang='lat' dir='ltr'>epistolae</span> <span class='ocrx_word' id='word_1_378' title='bbox 939 4280 1173 4319; x_wconf 87' lang='lat' dir='ltr'>numero</span> <span class='ocrx_word' id='word_1_379' title='bbox 1221 4263 1473 4320; x_wconf 60' lang='lat' dir='ltr'>ctxxu</span> <span class='ocrx_word' id='word_1_380' title='bbox 1503 4261 1797 4334; x_wconf 76' lang='lat' dir='ltr'>(Dionysio</span> 
     </span>
     <span class='ocr_line' id='line_1_39' title="bbox 291 4347 1795 4407; baseline -0.002 -2"><span class='ocrx_word' id='word_1_381' title='bbox 291 4347 559 4406; x_wconf 58' lang='lat' dir='ltr'>axvi».</span> <span class='ocrx_word' id='word_1_382' title='bbox 599 4348 799 4406; x_wconf 81' lang='lat' dir='ltr'>Totius</span> <span class='ocrx_word' id='word_1_383' title='bbox 827 4350 1042 4407; x_wconf 83' lang='lat' dir='ltr'>codicis</span> <span class='ocrx_word' id='word_1_384' title='bbox 1078 4351 1281 4407; x_wconf 82' lang='lat' dir='ltr'>seriem</span> <span class='ocrx_word' id='word_1_385' title='bbox 1314 4352 1584 4406; x_wconf 79' lang='lat' dir='ltr'>intactam</span> <span class='ocrx_word' id='word_1_386' title='bbox 1624 4350 1795 4405; x_wconf 82' lang='lat' dir='ltr'>relin-</span> 
     </span>
     <span class='ocr_line' id='line_1_40' title="bbox 290 4437 1793 4510; baseline 0 -19"><span class='ocrx_word' id='word_1_387' title='bbox 290 4438 544 4510; x_wconf 83' lang='lat' dir='ltr'>quimus.</span> <span class='ocrx_word' id='word_1_388' title='bbox 575 4439 633 4494; x_wconf 88' lang='lat' dir='ltr'>in</span> <span class='ocrx_word' id='word_1_389' title='bbox 668 4454 779 4510; x_wconf 80' lang='lat' dir='ltr'>qua</span> <span class='ocrx_word' id='word_1_390' title='bbox 810 4439 1045 4496; x_wconf 78' lang='lat' dir='ltr'>fortasse</span> <span class='ocrx_word' id='word_1_391' title='bbox 1084 4439 1224 4494; x_wconf 82' lang='lat' dir='ltr'>latet</span> <span class='ocrx_word' id='word_1_392' title='bbox 1250 4438 1386 4495; x_wconf 84' lang='lat' dir='ltr'>ordo</span> <span class='ocrx_word' id='word_1_393' title='bbox 1423 4437 1793 4508; x_wconf 75' lang='lat' dir='ltr'>epistolarum</span> 
     </span>
     <span class='ocr_line' id='line_1_41' title="bbox 292 4524 1795 4596; baseline -0.004 -14"><span class='ocrx_word' id='word_1_394' title='bbox 292 4525 748 4592; x_wconf 71' lang='lat' dir='ltr'>chronologicus.</span> <span class='ocrx_word' id='word_1_395' title='bbox 775 4541 918 4596; x_wconf 76' lang='lat' dir='ltr'>quae</span> <span class='ocrx_word' id='word_1_396' title='bbox 945 4541 1054 4580; x_wconf 88' lang='lat' dir='ltr'>uon</span> <span class='ocrx_word' id='word_1_397' title='bbox 1085 4524 1352 4581; x_wconf 72' lang='lat' dir='ltr'>videntur</span> <span class='ocrx_word' id='word_1_398' title='bbox 1375 4524 1619 4578; x_wconf 86' lang='lat' dir='ltr'>muitum</span> <span class='ocrx_word' id='word_1_399' title='bbox 1649 4537 1795 4577; x_wconf 83' lang='lat' dir='ltr'>rece·</span> 
     </span>
     <span class='ocr_line' id='line_1_42' title="bbox 293 4608 1797 4680; baseline -0.004 -13"><span class='ocrx_word' id='word_1_400' title='bbox 293 4612 426 4668; x_wconf 78' lang='lat' dir='ltr'>dere</span> <span class='ocrx_word' id='word_1_401' title='bbox 465 4611 546 4668; x_wconf 81' lang='lat' dir='ltr'>ab·</span> <span class='ocrx_word' id='word_1_402' title='bbox 575 4612 837 4680; x_wconf 80' lang='lat' dir='ltr'>Eugenii.</span> <span class='ocrx_word' id='word_1_403' title='bbox 879 4609 1160 4668; x_wconf 72' lang='lat' dir='ltr'>Anastasii</span> <span class='ocrx_word' id='word_1_404' title='bbox 1201 4617 1260 4667; x_wconf 89' lang='lat' dir='ltr'>et</span> <span class='ocrx_word' id='word_1_405' title='bbox 1308 4608 1547 4666; x_wconf 79' lang='lat' dir='ltr'>Adriani</span> <span class='ocrx_word' id='word_1_406' title='bbox 1586 4615 1797 4679; x_wconf 78' lang='lat' dir='ltr'>tempo-</span> 
     </span>
     <span class='ocr_line' id='line_1_43' title="bbox 293 4694 1796 4761; baseline -0.003 -9"><span class='ocrx_word' id='word_1_407' title='bbox 293 4697 479 4761; x_wconf 81' lang='lat' dir='ltr'>ribus,</span> <span class='ocrx_word' id='word_1_408' title='bbox 508 4697 626 4754; x_wconf 82' lang='lat' dir='ltr'>sive</span> <span class='ocrx_word' id='word_1_409' title='bbox 647 4697 717 4754; x_wconf 80' lang='lat' dir='ltr'>ab</span> <span class='ocrx_word' id='word_1_410' title='bbox 742 4713 792 4756; x_wconf 83' lang='lat' dir='ltr'>a.</span> <span class='ocrx_word' id='word_1_411' title='bbox 828 4701 963 4754; x_wconf 89' lang='grc'><strong>1148</strong></span> <span class='ocrx_word' id='word_1_412' title='bbox 988 4696 1054 4751; x_wconf 87' lang='lat' dir='ltr'>ad</span> <span class='ocrx_word' id='word_1_413' title='bbox 1082 4698 1238 4753; x_wconf 77' lang='grc'><strong>1159.</strong></span> <span class='ocrx_word' id='word_1_414' title='bbox 1267 4725 1326 4735; x_wconf 89' lang='grc'>--</span> <span class='ocrx_word' id='word_1_415' title='bbox 1353 4696 1398 4760; x_wconf 79' lang='lat'>⁴)</span> <span class='ocrx_word' id='word_1_416' title='bbox 1423 4694 1673 4750; x_wconf 76' lang='lat' dir='ltr'>Danielis</span> <span class='ocrx_word' id='word_1_417' title='bbox 1698 4709 1796 4748; x_wconf 90' lang='lat' dir='ltr'>no-</span> 
     </span>
     <span class='ocr_line' id='line_1_44' title="bbox 295 4779 1797 4853; baseline -0.005 -13"><span class='ocrx_word' id='word_1_418' title='bbox 295 4784 450 4841; x_wconf 86' lang='lat' dir='ltr'>mine</span> <span class='ocrx_word' id='word_1_419' title='bbox 488 4782 732 4840; x_wconf 68' lang='lat' dir='ltr'>soliitur</span> <span class='ocrx_word' id='word_1_420' title='bbox 769 4782 949 4840; x_wconf 86' lang='lat' dir='ltr'>nodus</span> <span class='ocrx_word' id='word_1_421' title='bbox 987 4783 1044 4839; x_wconf 91' lang='lat' dir='ltr'>in</span> <span class='ocrx_word' id='word_1_422' title='bbox 1080 4798 1196 4853; x_wconf 85' lang='lat' dir='ltr'>quo</span> <span class='ocrx_word' id='word_1_423' title='bbox 1235 4783 1537 4838; x_wconf 82' lang='lat' dir='ltr'>haeserunt</span> <span class='ocrx_word' id='word_1_424' title='bbox 1573 4779 1797 4836; x_wconf 80' lang='lat' dir='ltr'>Bollan-</span> 
     </span>
     <span class='ocr_line' id='line_1_45' title="bbox 292 4867 1797 4945; baseline -0.005 -16"><span class='ocrx_word' id='word_1_425' title='bbox 292 4874 498 4937; x_wconf 73' lang='lat' dir='ltr'>distac,</span> <span class='ocrx_word' id='word_1_426' title='bbox 540 4872 800 4945; x_wconf 86' lang='lat' dir='ltr'>impediti</span> <span class='ocrx_word' id='word_1_427' title='bbox 827 4872 1151 4929; x_wconf 76' lang='lat' dir='ltr'>charactere</span> <span class='ocrx_word' id='word_1_428' title='bbox 1177 4870 1233 4925; x_wconf 81' lang='grc' dir='ltr'><strong>Η</strong></span> <span class='ocrx_word' id='word_1_429' title='bbox 1260 4869 1382 4925; x_wconf 87' lang='lat' dir='ltr'>cdd.</span> <span class='ocrx_word' id='word_1_430' title='bbox 1414 4869 1683 4941; x_wconf 72' lang='lat' dir='ltr'>praefixo,</span> <span class='ocrx_word' id='word_1_431' title='bbox 1713 4867 1797 4923; x_wconf 90' lang='lat' dir='ltr'>in·</span> 
     </span>
     <span class='ocr_line' id='line_1_46' title="bbox 299 4954 1796 5029; baseline -0.002 -14"><span class='ocrx_word' id='word_1_432' title='bbox 299 4967 454 5016; x_wconf 81' lang='lat' dir='ltr'>truso</span> <span class='ocrx_word' id='word_1_433' title='bbox 479 4959 727 5016; x_wconf 63' lang='lat' dir='ltr'>Heinrico</span> <span class='ocrx_word' id='word_1_434' title='bbox 749 4957 1011 5029; x_wconf 75' lang='lat' dir='ltr'>Pragensi</span> <span class='ocrx_word' id='word_1_435' title='bbox 1035 4964 1106 5021; x_wconf 82' lang='lat' dir='ltr'>(a.</span> <span class='ocrx_word' id='word_1_436' title='bbox 1131 4958 1571 5026; x_wconf 80' lang='grc' dir='ltr'><strong>1187·1197)ρι·ο</strong></span> <span class='ocrx_word' id='word_1_437' title='bbox 1593 4954 1796 5012; x_wconf 75' lang='lat' dir='ltr'>Danie-</span> 
     </span>
     <span class='ocr_line' id='line_1_47' title="bbox 295 5043 1792 5113; baseline -0.005 -9"><span class='ocrx_word' id='word_1_438' title='bbox 295 5049 437 5113; x_wconf 64' lang='lat' dir='ltr'>lem.</span> <span class='ocrx_word' id='word_1_439' title='bbox 463 5051 596 5102; x_wconf 86' lang='grc'><strong>1148</strong></span> <span class='ocrx_word' id='word_1_440' title='bbox 627 5051 803 5106; x_wconf 78' lang='grc'><strong>1167).</strong></span> <span class='ocrx_word' id='word_1_441' title='bbox 832 5077 886 5085; x_wconf 91' lang='grc'>--</span> <span class='ocrx_word' id='word_1_442' title='bbox 906 5048 947 5106; x_wconf 74' lang='lat'>⁵1</span> <span class='ocrx_word' id='word_1_443' title='bbox 968 5045 1177 5100; x_wconf 88' lang='lat' dir='ltr'>lterum</span> <span class='ocrx_word' id='word_1_444' title='bbox 1200 5044 1271 5099; x_wconf 84' lang='lat' dir='ltr'>ab</span> <span class='ocrx_word' id='word_1_445' title='bbox 1291 5059 1480 5099; x_wconf 84' lang='lat' dir='ltr'>errore</span> <span class='ocrx_word' id='word_1_446' title='bbox 1509 5043 1566 5098; x_wconf 91' lang='lat' dir='ltr'>in</span> <span class='ocrx_word' id='word_1_447' title='bbox 1601 5043 1792 5098; x_wconf 84' lang='lat' dir='ltr'>littera</span> 
     </span>
     <span class='ocr_line' id='line_1_48' title="bbox 297 5128 1794 5194; baseline -0.003 -3"><span class='ocrx_word' id='word_1_448' title='bbox 297 5136 356 5191; x_wconf 76' lang='grc' dir='ltr'><strong><em>Η</em></strong></span> <span class='ocrx_word' id='word_1_449' title='bbox 383 5134 505 5190; x_wconf 86' lang='lat' dir='ltr'>edd.</span> <span class='ocrx_word' id='word_1_450' title='bbox 548 5131 939 5188; x_wconf 77' lang='lat' dir='ltr'>emcndantur.</span> <span class='ocrx_word' id='word_1_451' title='bbox 971 5161 1036 5171; x_wconf 72' lang='lat'>-</span> <span class='ocrx_word' id='word_1_452' title='bbox 1071 5130 1118 5194; x_wconf 79' lang='lat'>⁶)</span> <span class='ocrx_word' id='word_1_453' title='bbox 1144 5129 1434 5186; x_wconf 85' lang='lat' dir='ltr'>Gunterus</span> <span class='ocrx_word' id='word_1_454' title='bbox 1470 5128 1539 5184; x_wconf 87' lang='lat' dir='ltr'>dc</span> <span class='ocrx_word' id='word_1_455' title='bbox 1579 5128 1794 5186; x_wconf 78' lang='lat' dir='ltr'>narne-</span> 
     </span>
     <span class='ocr_line' id='line_1_49' title="bbox 296 5217 1794 5292; baseline -0.003 -14"><span class='ocrx_word' id='word_1_456' title='bbox 296 5225 434 5292; x_wconf 79' lang='lat' dir='ltr'>berg</span> <span class='ocrx_word' id='word_1_457' title='bbox 482 5222 628 5278; x_wconf 82' lang='lat' dir='ltr'>sedit</span> <span class='ocrx_word' id='word_1_458' title='bbox 678 5237 707 5275; x_wconf 85' lang='lat' dir='ltr'>a</span> <span class='ocrx_word' id='word_1_459' title='bbox 760 5223 1080 5275; x_wconf 78' lang='grc'><strong>1146-1161.</strong></span> <span class='ocrx_word' id='word_1_460' title='bbox 1137 5249 1197 5257; x_wconf 89' lang='lat'>-—</span> <span class='ocrx_word' id='word_1_461' title='bbox 1245 5217 1289 5287; x_wconf 82' lang='lat'>⁷)</span> <span class='ocrx_word' id='word_1_462' title='bbox 1340 5217 1556 5273; x_wconf 86' lang='lat' dir='ltr'>Nomen</span> <span class='ocrx_word' id='word_1_463' title='bbox 1599 5234 1794 5274; x_wconf 83' lang='lat' dir='ltr'>rursus</span> 
     </span>
    </p>
   </div>
   <div class='ocr_carea' id='block_1_9' title="bbox 1883 4087 3390 5285">
    <p class='ocr_par' dir='ltr' id='par_1_17' title="bbox 1884 4087 3390 5099">
     <span class='ocr_line' id='line_1_50' title="bbox 1884 4087 3382 4163; baseline 0.005 -22"><span class='ocrx_word' id='word_1_464' title='bbox 1884 4087 2140 4145; x_wconf 81' lang='lat' dir='ltr'>turbatio</span> <span class='ocrx_word' id='word_1_465' title='bbox 2220 4097 2318 4146; x_wconf 82' lang='lat' dir='ltr'>aut</span> <span class='ocrx_word' id='word_1_466' title='bbox 2384 4093 2580 4147; x_wconf 79' lang='lat' dir='ltr'>lacuna</span> <span class='ocrx_word' id='word_1_467' title='bbox 2643 4109 2789 4163; x_wconf 80' lang='lat' dir='ltr'>quac</span> <span class='ocrx_word' id='word_1_468' title='bbox 2862 4095 3039 4149; x_wconf 80' lang='lat' dir='ltr'>multa</span> <span class='ocrx_word' id='word_1_469' title='bbox 3124 4093 3382 4150; x_wconf 80' lang='lat' dir='ltr'>sustulit.</span> 
     </span>
     <span class='ocr_line' id='line_1_51' title="bbox 1885 4173 3387 4250; baseline 0.003 -21"><span class='ocrx_word' id='word_1_470' title='bbox 1885 4173 2020 4230; x_wconf 84' lang='lat' dir='ltr'>Nam</span> <span class='ocrx_word' id='word_1_471' title='bbox 2066 4174 2122 4230; x_wconf 89' lang='lat' dir='ltr'>in</span> <span class='ocrx_word' id='word_1_472' title='bbox 2155 4178 2397 4232; x_wconf 78' lang='lat' dir='ltr'>transitu</span> <span class='ocrx_word' id='word_1_473' title='bbox 2439 4178 2505 4231; x_wconf 84' lang='lat' dir='ltr'>ad</span> <span class='ocrx_word' id='word_1_474' title='bbox 2541 4177 2638 4235; x_wconf 78' lang='lat' dir='ltr'>fol.</span> <span class='ocrx_word' id='word_1_475' title='bbox 2675 4184 2738 4234; x_wconf 98' lang='grc'>17</span> <span class='ocrx_word' id='word_1_476' title='bbox 2777 4179 3065 4250; x_wconf 80' lang='lat' dir='ltr'>rumpitur</span> <span class='ocrx_word' id='word_1_477' title='bbox 3102 4179 3299 4242; x_wconf 68' lang='lat' dir='ltr'>series»,</span> <span class='ocrx_word' id='word_1_478' title='bbox 3328 4184 3387 4235; x_wconf 83' lang='lat' dir='ltr'>et</span> 
     </span>
     <span class='ocr_line' id='line_1_52' title="bbox 1886 4263 3383 4335; baseline 0.002 -19"><span class='ocrx_word' id='word_1_479' title='bbox 1886 4277 1946 4316; x_wconf 82' lang='lat' dir='ltr'>ea</span> <span class='ocrx_word' id='word_1_480' title='bbox 1978 4269 2313 4317; x_wconf 86' lang='lat' dir='ltr'>succurrunt</span> <span class='ocrx_word' id='word_1_481' title='bbox 2355 4278 2500 4333; x_wconf 81' lang='lat' dir='ltr'>quac</span> <span class='ocrx_word' id='word_1_482' title='bbox 2527 4279 2692 4334; x_wconf 84' lang='lat' dir='ltr'>supra</span> <span class='ocrx_word' id='word_1_483' title='bbox 2737 4263 2792 4319; x_wconf 90' lang='lat' dir='ltr'>in</span> <span class='ocrx_word' id='word_1_484' title='bbox 2821 4264 2928 4320; x_wconf 87' lang='lat' dir='ltr'>hnc</span> <span class='ocrx_word' id='word_1_485' title='bbox 2959 4271 3109 4319; x_wconf 85' lang='lat' dir='ltr'>tomo</span> <span class='ocrx_word' id='word_1_486' title='bbox 3136 4281 3190 4335; x_wconf 89' lang='lat' dir='ltr'>p.</span> <span class='ocrx_word' id='word_1_487' title='bbox 3223 4267 3328 4319; x_wconf 78' lang='grc'>334</span> <span class='ocrx_word' id='word_1_488' title='bbox 3352 4281 3383 4319; x_wconf 88' lang='lat' dir='ltr'>a</span> 
     </span>
     <span class='ocr_line' id='line_1_53' title="bbox 1887 4347 3385 4422; baseline 0.003 -20"><span class='ocrx_word' id='word_1_489' title='bbox 1887 4347 2034 4403; x_wconf 79' lang='lat' dir='ltr'>linea</span> <span class='ocrx_word' id='word_1_490' title='bbox 2076 4348 2411 4420; x_wconf 78' lang='lat' dir='ltr'>penultima:</span> <span class='ocrx_word' id='word_1_491' title='bbox 2441 4353 2538 4406; x_wconf 79' lang='lat' dir='ltr'>via</span> <span class='ocrx_word' id='word_1_492' title='bbox 2563 4357 2683 4407; x_wconf 76' lang='lat' dir='ltr'>erat</span> <span class='ocrx_word' id='word_1_493' title='bbox 2706 4356 2797 4407; x_wconf 83' lang='lat' dir='ltr'>etc</span> <span class='ocrx_word' id='word_1_494' title='bbox 2825 4367 3002 4414; x_wconf 76' lang='lat' dir='ltr'>usaue</span> <span class='ocrx_word' id='word_1_495' title='bbox 3028 4351 3094 4405; x_wconf 81' lang='lat' dir='ltr'>ad</span> <span class='ocrx_word' id='word_1_496' title='bbox 3124 4365 3246 4422; x_wconf 63' lang='lat' dir='ltr'>pag.</span> <span class='ocrx_word' id='word_1_497' title='bbox 3279 4354 3385 4407; x_wconf 74' lang='grc'>335</span> 
     </span>
     <span class='ocr_line' id='line_1_54' title="bbox 1887 4434 3389 4509; baseline 0.001 -19"><span class='ocrx_word' id='word_1_498' title='bbox 1887 4435 1988 4492; x_wconf 91' lang='lat' dir='ltr'>lin.</span> <span class='ocrx_word' id='word_1_499' title='bbox 2026 4440 2108 4493; x_wconf 90' lang='grc'>18.</span> <span class='ocrx_word' id='word_1_500' title='bbox 2151 4434 2262 4492; x_wconf 84' lang='lat' dir='ltr'>Nec</span> <span class='ocrx_word' id='word_1_501' title='bbox 2289 4434 2447 4493; x_wconf 82' lang='lat' dir='ltr'>satis.</span> <span class='ocrx_word' id='word_1_502' title='bbox 2491 4435 2849 4492; x_wconf 68' lang='lat' dir='ltr'>Seriesmim</span> <span class='ocrx_word' id='word_1_503' title='bbox 2891 4435 3137 4507; x_wconf 83' lang='lat' dir='ltr'>requirit</span> <span class='ocrx_word' id='word_1_504' title='bbox 3170 4444 3229 4493; x_wconf 86' lang='lat' dir='ltr'>ut</span> <span class='ocrx_word' id='word_1_505' title='bbox 3260 4441 3389 4509; x_wconf 81' lang='lat' dir='ltr'>post</span> 
     </span>
     <span class='ocr_line' id='line_1_55' title="bbox 1888 4519 3388 4596; baseline 0.002 -22"><span class='ocrx_word' id='word_1_506' title='bbox 1888 4519 1982 4577; x_wconf 77' lang='lat' dir='ltr'>soi.</span> <span class='ocrx_word' id='word_1_507' title='bbox 2034 4526 2099 4579; x_wconf 84' lang='grc'>17</span> <span class='ocrx_word' id='word_1_508' title='bbox 2125 4519 2369 4591; x_wconf 81' lang='lat' dir='ltr'>primum</span> <span class='ocrx_word' id='word_1_509' title='bbox 2409 4528 2653 4593; x_wconf 81' lang='lat' dir='ltr'>ponatur</span> <span class='ocrx_word' id='word_1_510' title='bbox 2692 4521 2816 4579; x_wconf 66' lang='lat' dir='ltr'>sotii</span> <span class='ocrx_word' id='word_1_511' title='bbox 2862 4527 2926 4578; x_wconf 90' lang='grc'>19</span> <span class='ocrx_word' id='word_1_512' title='bbox 2964 4521 3165 4594; x_wconf 78' lang='lat' dir='ltr'>pagina</span> <span class='ocrx_word' id='word_1_513' title='bbox 3206 4522 3388 4596; x_wconf 81' lang='lat' dir='ltr'>prior,</span> 
     </span>
     <span class='ocr_line' id='line_1_56' title="bbox 1887 4608 3386 4679; baseline 0.001 -15"><span class='ocrx_word' id='word_1_514' title='bbox 1887 4615 2006 4665; x_wconf 85' lang='lat' dir='ltr'>tum</span> <span class='ocrx_word' id='word_1_515' title='bbox 2051 4609 2147 4665; x_wconf 78' lang='lat' dir='ltr'>sul.</span> <span class='ocrx_word' id='word_1_516' title='bbox 2198 4614 2262 4665; x_wconf 87' lang='grc'>18</span> <span class='ocrx_word' id='word_1_517' title='bbox 2304 4610 2608 4679; x_wconf 75' lang='lat' dir='ltr'>integrum,</span> <span class='ocrx_word' id='word_1_518' title='bbox 2648 4615 2705 4664; x_wconf 89' lang='lat' dir='ltr'>et</span> <span class='ocrx_word' id='word_1_519' title='bbox 2745 4608 2877 4665; x_wconf 85' lang='lat' dir='ltr'>inde</span> <span class='ocrx_word' id='word_1_520' title='bbox 2916 4609 3222 4665; x_wconf 84' lang='lat' dir='ltr'>reducatur</span> <span class='ocrx_word' id='word_1_521' title='bbox 3259 4609 3386 4666; x_wconf 77' lang='lat' dir='ltr'>toni</span> 
     </span>
     <span class='ocr_line' id='line_1_57' title="bbox 1890 4693 3382 4767; baseline 0 -15"><span class='ocrx_word' id='word_1_522' title='bbox 1890 4699 1956 4752; x_wconf 87' lang='grc'>19</span> <span class='ocrx_word' id='word_1_523' title='bbox 1984 4695 2185 4767; x_wconf 75' lang='lat' dir='ltr'>pagina</span> <span class='ocrx_word' id='word_1_524' title='bbox 2216 4696 2414 4759; x_wconf 83' lang='lat' dir='ltr'>altera,</span> <span class='ocrx_word' id='word_1_525' title='bbox 2443 4700 2507 4750; x_wconf 85' lang='lat' dir='ltr'>ut</span> <span class='ocrx_word' id='word_1_526' title='bbox 2536 4710 2647 4750; x_wconf 88' lang='lat' dir='ltr'>non</span> <span class='ocrx_word' id='word_1_527' title='bbox 2681 4695 2862 4751; x_wconf 87' lang='lat' dir='ltr'>solum</span> <span class='ocrx_word' id='word_1_528' title='bbox 2892 4700 3158 4766; x_wconf 77' lang='lat' dir='ltr'>peccetur</span> <span class='ocrx_word' id='word_1_529' title='bbox 3196 4693 3255 4751; x_wconf 89' lang='lat' dir='ltr'>in</span> <span class='ocrx_word' id='word_1_530' title='bbox 3284 4694 3382 4752; x_wconf 77' lang='lat' dir='ltr'>sol.</span> 
     </span>
     <span class='ocr_line' id='line_1_58' title="bbox 1888 4782 3390 4853; baseline 0.001 -14"><span class='ocrx_word' id='word_1_531' title='bbox 1888 4787 1954 4839; x_wconf 84' lang='grc'>17</span> <span class='ocrx_word' id='word_1_532' title='bbox 1978 4789 2400 4853; x_wconf 75' lang='lat' dir='ltr'>extravagante,</span> <span class='ocrx_word' id='word_1_533' title='bbox 2424 4783 2518 4839; x_wconf 84' lang='lat' dir='ltr'>sed</span> <span class='ocrx_word' id='word_1_534' title='bbox 2540 4800 2697 4839; x_wconf 87' lang='lat' dir='ltr'>error</span> <span class='ocrx_word' id='word_1_535' title='bbox 2716 4783 2959 4840; x_wconf 77' lang='lat' dir='ltr'>creverit</span> <span class='ocrx_word' id='word_1_536' title='bbox 2979 4799 3046 4838; x_wconf 87' lang='lat' dir='ltr'>ex</span> <span class='ocrx_word' id='word_1_537' title='bbox 3070 4782 3183 4839; x_wconf 80' lang='lat' dir='ltr'>alio</span> <span class='ocrx_word' id='word_1_538' title='bbox 3204 4799 3390 4840; x_wconf 83' lang='lat' dir='ltr'>exem-</span> 
     </span>
     <span class='ocr_line' id='line_1_59' title="bbox 1887 4868 3390 4942; baseline 0 -17"><span class='ocrx_word' id='word_1_539' title='bbox 1887 4869 2028 4942; x_wconf 82' lang='lat' dir='ltr'>plari</span> <span class='ocrx_word' id='word_1_540' title='bbox 2053 4868 2377 4940; x_wconf 80' lang='lat' dir='ltr'>antiquiore</span> <span class='ocrx_word' id='word_1_541' title='bbox 2397 4875 2453 4925; x_wconf 86' lang='lat' dir='ltr'>et</span> <span class='ocrx_word' id='word_1_542' title='bbox 2474 4868 2767 4925; x_wconf 80' lang='lat' dir='ltr'>dissoluto.</span> <span class='ocrx_word' id='word_1_543' title='bbox 2800 4868 3013 4924; x_wconf 79' lang='lat' dir='ltr'>Verum</span> <span class='ocrx_word' id='word_1_544' title='bbox 3038 4874 3093 4922; x_wconf 91' lang='lat' dir='ltr'>et</span> <span class='ocrx_word' id='word_1_545' title='bbox 3115 4869 3224 4924; x_wconf 85' lang='lat' dir='ltr'>alia</span> <span class='ocrx_word' id='word_1_546' title='bbox 3252 4868 3390 4925; x_wconf 79' lang='lat' dir='ltr'>folia</span> 
     </span>
     <span class='ocr_line' id='line_1_60' title="bbox 1884 4953 3387 5026; baseline 0.001 -17"><span class='ocrx_word' id='word_1_547' title='bbox 1884 4956 1956 5011; x_wconf 84' lang='lat' dir='ltr'>ab</span> <span class='ocrx_word' id='word_1_548' title='bbox 1981 4954 2177 5026; x_wconf 79' lang='lat' dir='ltr'>atiquo</span> <span class='ocrx_word' id='word_1_549' title='bbox 2208 4953 2610 5010; x_wconf 78' lang='lat' dir='ltr'>cacodaemone</span> <span class='ocrx_word' id='word_1_550' title='bbox 2643 4954 2880 5010; x_wconf 83' lang='lat' dir='ltr'>lacerata</span> <span class='ocrx_word' id='word_1_551' title='bbox 2909 4958 3008 5008; x_wconf 84' lang='lat' dir='ltr'>aut</span> <span class='ocrx_word' id='word_1_552' title='bbox 3031 4955 3387 5025; x_wconf 81' lang='lat' dir='ltr'>perturbata.</span> 
     </span>
     <span class='ocr_line' id='line_1_61' title="bbox 1885 5041 2784 5099; baseline -0.003 0"><span class='ocrx_word' id='word_1_553' title='bbox 1885 5043 2192 5099; x_wconf 80' lang='lat' dir='ltr'>insanabili</span> <span class='ocrx_word' id='word_1_554' title='bbox 2227 5041 2475 5096; x_wconf 82' lang='lat' dir='ltr'>tumultu</span> <span class='ocrx_word' id='word_1_555' title='bbox 2507 5041 2784 5096; x_wconf 78' lang='lat' dir='ltr'>laborant.</span> 
     </span>
    </p>

    <p class='ocr_par' dir='ltr' id='par_1_18' title="bbox 1883 5124 3390 5285">
     <span class='ocr_line' id='line_1_62' title="bbox 1951 5124 3384 5200; baseline -0.004 -14"><span class='ocrx_word' id='word_1_556' title='bbox 1951 5129 1998 5190; x_wconf 74' lang='lat'>⁸)</span> <span class='ocrx_word' id='word_1_557' title='bbox 2041 5127 2275 5200; x_wconf 80' lang='lat' dir='ltr'>Sophia,</span> <span class='ocrx_word' id='word_1_558' title='bbox 2313 5127 2481 5198; x_wconf 85' lang='lat' dir='ltr'>cujus</span> <span class='ocrx_word' id='word_1_559' title='bbox 2516 5126 2756 5198; x_wconf 83' lang='lat' dir='ltr'>epistola</span> <span class='ocrx_word' id='word_1_560' title='bbox 2802 5139 2983 5197; x_wconf 79' lang='lat' dir='ltr'>nuper</span> <span class='ocrx_word' id='word_1_561' title='bbox 3020 5139 3048 5178; x_wconf 85' lang='lat' dir='ltr'>a</span> <span class='ocrx_word' id='word_1_562' title='bbox 3089 5125 3161 5182; x_wconf 83' lang='lat' dir='ltr'>cl.</span> <span class='ocrx_word' id='word_1_563' title='bbox 3200 5124 3384 5182; x_wconf 78' lang='lat' dir='ltr'>Reuss</span> 
     </span>
     <span class='ocr_line' id='line_1_63' title="bbox 1883 5211 3390 5285; baseline -0.003 -12"><span class='ocrx_word' id='word_1_564' title='bbox 1883 5217 2238 5285; x_wconf 68' lang='lat' dir='ltr'>patrologiae</span> <span class='ocrx_word' id='word_1_565' title='bbox 2276 5213 2573 5270; x_wconf 81' lang='lat' dir='ltr'>commissa</span> <span class='ocrx_word' id='word_1_566' title='bbox 2611 5219 2718 5275; x_wconf 84' lang='lat' dir='ltr'>est.</span> <span class='ocrx_word' id='word_1_567' title='bbox 2758 5211 2974 5269; x_wconf 85' lang='lat' dir='ltr'>dicitur</span> <span class='ocrx_word' id='word_1_568' title='bbox 3011 5211 3390 5281; x_wconf 52' lang='lat' dir='ltr'>abbatissam</span> 
     </span>
    </p>
   </div>
  </div>
 </body>
</html>
