4036 6117
780 415 909 475 568
1933 432 1982 475 s.
2049 432 2602 480 munecAnnts

712 556 776 615 in
811 551 1113 614 moribus
1161 552 1319 627 tuis3
1373 566 1452 611 ac
1501 551 1567 610 in
1616 552 1746 612 alia
1782 559 1973 631 parte
2007 554 2200 614 video
2239 557 2303 614 in
2337 555 2558 615 anima
2604 559 2717 614 tua
2766 553 3056 630 suspiria
3092 555 3267 613 sicut
3306 556 3523 630 ignem
3577 555 3787 618 ardeu-

707 659 824 732 tia;
858 664 926 717 et
959 658 1150 718 stude
1184 663 1257 718 ut
1292 658 1454 718 illud
1490 659 1828 735 perficiaS,
1863 661 2022 737 quia
2069 660 2245 721 Deus
2279 661 2626 738 adjuvabit
2662 668 2744 721 te.
2781 661 2966 721 Nune
2996 661 3183 721 disce
3217 669 3294 723 ut
3327 669 3673 723 mansueta
3704 665 3785 723 sis

707 765 774 823 in
805 762 963 839 Deo,
1015 764 1319 839 ungendo
1354 765 1638 840 populos
1672 767 1738 826 et
1770 765 1975 826 etiam
2010 773 2200 826 tuum
2236 767 2554 841 animum,
2600 773 2668 826 et
2698 766 2873 826 Deus
2909 767 3101 828 valde
3137 768 3393 828 amabit
3429 771 3517 842 te,
3553 774 3620 827 et
3652 785 3785 829 cum

710 872 823 933 illo
858 872 925 932 in
960 878 1304 933 aeternum
1342 874 1553 932 vives,

777 1363 975 1421 Totam
1006 1362 1134 1419 vani
1160 1361 1452 1434 cujusdam
1483 1361 1811 1433 impostoris
1837 1362 2136 1418 historiam
2166 1359 2422 1418 seriatim
2451 1367 2693 1420 enarrat.

796 1493 1522 1588 [fol.112].Aspiciens
1557 1498 1621 1557 in
1657 1514 1816 1558 vera
1850 1498 2133 1571 visione,
2165 1497 2300 1557 vidi
2336 1498 2665 1574 quosdam
2695 1497 2999 1559 homines
3037 1500 3100 1559 in
3133 1500 3538 1576 pinguedine
3568 1517 3789 1578 pecca·

706 1624 802 1683 re,
854 1605 1179 1684 quosdam
1222 1605 1288 1663 in
1339 1602 1677 1672 fatuitate,
1729 1602 2055 1678 quosdam
2110 1602 2174 1660 in
2228 1601 2590 1678 impietate.
2643 1602 2767 1662 Sed
2806 1604 2867 1663 in
2906 1603 3248 1679 impietate
3283 1604 3418 1663 vidi
3459 1604 3784 1664 hominem

707 1713 912 1773 istum
945 1726 1097 1771 cum
1132 1707 1383 1768 amaris
1431 1712 1498 1765 et
1541 1706 1960 1765 saevissimis
2013 1706 2313 1765 moribus
2361 1708 2780 1781 conversari,
2833 1710 2900 1767 et
2950 1707 3083 1766 vidi
3127 1707 3305 1783 quod
3344 1708 3683 1767 interdum
3732 1709 3789 1768 in

708 1813 1071 1889 semetipso
1119 1808 1469 1870 clamando
1507 1824 1580 1868 se
1625 1806 1948 1883 jactabat,
2000 1813 2067 1867 et
2102 1808 2277 1883 quod
2311 1808 2513 1883 elegit
2557 1809 2733 1884 quod
2768 1810 2899 1869 sibi
2934 1809 3210 1884 placuit,
3263 1810 3570 1886 itaquod
3608 1817 3677 1870 et
3710 1811 3795 1869 in·

703 1917 967 1978 terdum
1016 1931 1167 1975 cum
1201 1915 1403 1989 gustu
1450 1914 1712 1972 animae
1751 1914 1814 1971 in
1849 1913 2150 1973 oratione
2185 1915 2253 1972 et
2287 1913 2351 1972 in
2387 1913 2667 1973 servitio
2701 1912 2817 1972 Dei
2853 1915 3267 1973 voluntatem
3304 1931 3495 1974 suam
3532 1917 3793 1991 quaesi-

699 2024 819 2096 vit,
854 2029 922 2082 et
952 2036 1102 2082 eam
1137 2018 1461 2095 implevit,
1498 2021 1566 2076 et
1599 2017 1773 2093 quod
1810 2016 1889 2076 ad
1928 2033 2000 2077 se
2039 2018 2255 2093 ipsum
2295 2017 2608 2091 respexit,
2646 2018 2792 2077 sine
2829 2019 3225 2079 ascensione
3259 2034 3431 2094 quae
3466 2018 3550 2077 ad
3588 2019 3785 2081 Deum

699 2131 935 2206 tendit,
969 2135 1036 2188 et
1069 2127 1246 2205 quod
1280 2126 1360 2186 ad
1396 2125 1834 2201 semetipsum
1869 2132 1937 2185 et
1985 2126 2067 2185 ad
2105 2126 2275 2186 alios
2327 2126 2393 2185 in
2431 2127 2729 2187 moribus
2778 2128 2919 2187 suis
2958 2127 3325 2189 frendebat.
3376 2128 3561 2188 Unde
3599 2143 3792 2204 quae·

694 2240 849 2301 dam
895 2235 1060 2297 vitia
1093 2231 1354 2293 Diaboli
1403 2232 1586 2291 velut
1635 2231 1833 2290 sibilo
1884 2231 2067 2290 venti
2100 2246 2253 2290 eum
2305 2232 2717 2305 invaserunt,
2755 2239 2823 2293 et
2873 2233 3001 2310 ipsi
3052 2236 3563 2310 persuaserunt,
3619 2234 3789 2310 quod

694 2342 1023 2423 quaedam
1072 2338 1242 2398 mira
1294 2334 1566 2407 faceret,
1620 2334 1794 2409 quod
1846 2349 2005 2409 prae
2057 2334 2503 2394 amaritudine
2551 2336 2755 2394 animi
2806 2337 2909 2395 sui
2959 2336 3123 2396 nulli
3175 2336 3521 2402 hominum
3572 2336 3792 2396 dicere

694 2446 982 2509 volebat.
1032 2443 1112 2502 Et
1145 2441 1245 2501 sic
1293 2440 1361 2499 in
1395 2438 1681 2513 strepitu
1734 2438 1974 2497 mentis
2009 2453 2171 2497 suae
2220 2439 2480 2513 sylvam
2517 2439 2779 2513 petivit,
2817 2445 2884 2499 et
2937 2440 3002 2500 in
3035 2456 3185 2500 eam
3221 2441 3320 2500 ire
3353 2441 3598 2511 voluit,
3638 2456 3791 2516 qua-

697 2561 892 2614 tenus
942 2548 1035 2608 ibi
1069 2544 1393 2604 miracula
1444 2541 1716 2615 faceret,
1755 2558 1926 2618 quae
1977 2541 2424 2617 impossibilia
2460 2542 2712 2601 homini
2765 2550 2945 2618 sunt,
2980 2550 3184 2620 atque
3227 2544 3293 2604 in
3327 2545 3455 2604 hac
3490 2546 3792 2605 volunta·

693 2663 782 2730 te,
819 2665 1064 2729 aquam
1113 2646 1402 2709 transire
1438 2645 1751 2718 tentavit,
1803 2650 1870 2703 et
1906 2644 1995 2704 ibi
2035 2645 2369 2705 mirabilia
2408 2644 2629 2705 facere
2680 2646 2909 2706 voluit.
2945 2646 3129 2718 Quod
3162 2646 3483 2707 Diabolus
3534 2647 3788 2717 videnS,

690 2762 758 2822 et
793 2758 1202 2819 voluntatem
1253 2750 1399 2826 ejus
1436 2749 1818 2824 inspiciens,
1874 2748 1938 2807 in
1970 2749 2204 2808 eadem
2240 2766 2414 2825 aqua
2447 2749 2775 2825 quosdam
2811 2751 3107 2810 terrores
3160 2749 3338 2823 fecit,
3378 2767 3554 2827 quos
3593 2750 3786 2811 homo

692 2865 821 2925 iste
857 2860 1086 2937 fugere
1119 2856 1375 2929 volenS,
1428 2854 1494 2913 in
1528 2859 1809 2912 mortem
1845 2853 2285 2926 precipitatus
2319 2859 2441 2912 est.
2478 2853 2631 2928 Ipso
2665 2860 2890 2914 tamen
2921 2850 2965 2935 ¹)
3003 2856 3103 2914 sic
3137 2857 3306 2916 mori
3339 2856 3641 2930 nolente,
3680 2858 3792 2917 sed

695 2969 762 3028 in
795 2980 1026 3027 amara
1072 2958 1487 3039 poenitentia
1536 2957 1857 3030 meminit,
1910 2957 2083 3032 quod
2135 2956 2456 3017 Diabolus
2490 2974 2641 3017 eum
2675 2958 3053 3035 deceperat.
3089 2960 3168 3020 Et
3203 2961 3549 3021 moriendo
3602 2962 3785 3021 dixit:

690 3070 990 3143 Domine,
1020 3065 1262 3142 adjuva
1297 3078 1423 3122 me.
1458 3061 1536 3120 Et
1570 3051 1840 3145 [quum]
1870 3062 2156 3120 libenter
2186 3062 2467 3136 viveret,
2518 3062 2632 3121 sed
2670 3064 2974 3123 mortuus
3006 3069 3132 3124 est.
3166 3064 3353 3124 Nunc
3388 3069 3618 3125 autem
3654 3068 3793 3126 ani—

691 3190 869 3236 mam
895 3172 1042 3248 eJus
1076 3170 1145 3231 in
1176 3166 1467 3245 quadam
1499 3170 1638 3224 tam
1673 3181 1912 3240 magna
1946 3164 2290 3239 nigredine
2325 3181 2474 3225 esse
2509 3166 2670 3240 scio,
2710 3182 2911 3242 quam
2945 3166 3283 3243 explicare
3314 3182 3444 3227 non
3479 3185 3785 3243 possum,

594 3315 605 3327 ·
688 3279 808 3340 sed
840 3293 973 3337 non
1023 3275 1090 3336 in
1119 3270 1466 3348 nigredine
1501 3267 1840 3328 inferioris
1876 3269 2083 3344 putei,
2137 3269 2248 3344 qui
2285 3286 2412 3329 non
2448 3270 2736 3330 finietur.
2771 3272 3083 3331 Attamen
3125 3272 3205 3332 ad
3240 3273 3567 3332 Austrum
3607 3275 3792 3334 velut

689 3382 983 3445 lucidam
1016 3377 1365 3438 materiam
1401 3374 1727 3434 bonorum
1761 3388 2040 3449 operum
2074 3372 2245 3448 ejus,
2297 3389 2469 3449 quae
2508 3373 2686 3449 fecit,
2724 3375 2949 3435 lucere
2982 3375 3205 3449 video,
3257 3375 3433 3452 quod
3467 3374 3791 3437 Diabolus

686 3486 1048 3560 erubescit3
1079 3485 1145 3544 in
1178 3498 1311 3559 qua
1343 3487 1565 3540 tamen
1599 3480 1881 3540 materia
1916 3480 2137 3539 anima
2174 3480 2387 3554 ipsius
2424 3495 2598 3539 nunc
2630 3496 2763 3541 non
2795 3487 2920 3541 est.
2951 3480 3075 3540 Sed
3109 3497 3233 3557 ego
3271 3484 3686 3557 paupercula
3722 3484 3789 3543 in

682 3592 996 3670 angustia
1044 3589 1304 3651 animae
1338 3601 1525 3646 meae
1573 3586 1800 3645 audivi
1835 3593 1902 3645 et
1949 3586 2111 3660 vidi,
2149 3585 2327 3661 quod
2373 3586 2438 3646 in
2473 3587 2883 3662 plenitudine
2935 3588 3083 3658 illa,
3119 3603 3271 3648 cum
3321 3591 3545 3649 omnia
3581 3607 3789 3666 opera

684 3696 1025 3758 hominum
1061 3693 1127 3753 in
1157 3691 1339 3767 justo
1368 3688 1620 3765 judicio
1648 3687 1761 3747 Dei
1799 3688 2252 3764 perficientur,
2283 3688 2587 3763 praefata
2620 3692 2840 3751 anima
2876 3692 2942 3752 in
2977 3691 3122 3766 hoc,
3154 3693 3332 3769 quod
3365 3693 3644 3771 dicitur,
3676 3696 3787 3756 vix

686 3799 1078 3862 invenietur.
1115 3795 1282 3868 Quia
1315 3800 1538 3853 tamen
1574 3792 1640 3852 in
1675 3793 1801 3851 fine
1834 3809 1955 3852 suo
1992 3794 2323 3869 poenitet,
2360 3794 2547 3854 dixit:
2598 3796 2782 3855 Nunc
2815 3812 3046 3856 omnes
3095 3796 3326 3856 fideles
3375 3796 3544 3857 haec
3577 3801 3788 3860 verba
3874 3813 3879 3822 ·

683 3902 980 3975 audiant,
1033 3906 1104 3960 ut
1136 3898 1376 3958 vitium
1424 3895 1551 3956 hoc
1589 3895 1872 3969 fugiant,
1924 3911 2005 3955 ne
2036 3897 2101 3954 in
2151 3898 2556 3973 semetipsos
2590 3898 2997 3958 confidentes
3038 3900 3394 3975 aspiciant,
3446 3901 3638 3961 velut
3670 3918 3788 3961 vo·-

683 4011 905 4072 luntas
938 4024 1168 4069 eorum
1202 4005 1379 4065 Deus
1413 4006 1523 4079 sit,
1560 4020 1766 4080 quum
1803 4021 1839 4063 a
1876 4019 1949 4063 se
1984 4004 2152 4080 ipsis
2188 4021 2316 4064 non
2352 4011 2539 4080 sunt,
2578 4006 2697 4065 sed
2730 4006 2813 4066 ad
2850 4007 3070 4081 illum,
3108 4008 3225 4083 qui
3259 4008 3436 4068 Deus
3471 4008 3784 4083 ipsorum

681 4120 807 4190 est,
862 4113 1250 4190 respiciant,
1286 4115 1352 4169 et
1404 4108 1738 4167 invenient
1788 4107 1947 4184 quia
1994 4107 2299 4183 praefata
2350 4109 2570 4169 anima
2619 4125 2691 4169 se
2744 4110 2902 4170 illuc
2950 4110 3268 4183 extendit,
3315 4110 3431 4171 ubi
3480 4111 3647 4173 nihil
3689 4114 3787 4173 in·

683 4219 882 4280 venit.

2080 4367 2369 4430 CXLVII.

1443 4535 1757 4612 Episcopo
1787 4530 1838 4610 ²)
1878 4533 1951 4593 G.
1988 4534 2069 4592 de
2104 4532 2521 4595 Halberstath
2557 4532 3001 4612 HildeqardiS.

744 4707 1049 4778 Cujusdam
1079 4705 1255 4768 beati.
1287 4705 1522 4761 fortasse
1551 4704 1701 4760 inter
1729 4709 1993 4775 patronos
2022 4701 2571 4766 BalberstadienseS.
2602 4704 2801 4760 merita
2835 4709 3094 4762 testatur.

766 4846 836 4903 ln
871 4860 1031 4903 vera
1064 4843 1323 4901 visione
1361 4840 1526 4900 haec
1558 4839 1764 4897 verba
1801 4839 1934 4897 vidi
1971 4842 2037 4898 et
2069 4839 2294 4898 audivi
2330 4839 2410 4899 de
2446 4840 2808 4916 sapientia,
2860 4841 2939 4900 ad
2982 4840 3490 4915 inquisitionem
3540 4844 3780 4921 populi

669 4949 889 5018 dicta,
944 4953 1216 5023 propter
1251 4943 1768 5005 ben‘volentiam
1820 4943 1965 5018 ejus
2000 4948 2067 5001 et
2116 4949 2390 5018 propter
2426 4945 2663 5003 merita
2700 4945 2897 5003 istius
2928 4944 3117 5018 justi,
3170 4944 3284 5019 qui
3326 4945 3498 5005 inter
3533 4947 3779 5008 beatos

744 5118 785 5183 ¹)
814 5122 926 5188 ipso
953 5123 1058 5173 etc.
1090 5116 1183 5174 Sic
1210 5116 1330 5174 cod.
1361 5148 1420 5158 ·-
1451 5118 1495 5182 ²)
1522 5115 1668 5170 Gcro
1695 5112 1762 5167 de
1790 5113 2162 5170 Sebermccke
2188 5087 2602 5170 Halberstad‘tii
2631 5112 2777 5170 sedit
2803 5131 2850 5170 a.
2890 5117 3209 5169 1160-1177.
