4036 6117
1272 549 1504 597 mmm
1561 549 1758 596 virm:
1815 548 2299 597 namronuu.
2350 549 2408 595 P.
2461 547 2524 593 v.
3246 525 3375 586 219

1712 775 2072 836 LXXXIIII.

1582 982 1675 1042 De
1722 980 1889 1042 bona
1933 984 2293 1042 voluntate.

437 1187 567 1249 103
639 1188 766 1249 Sed
798 1195 866 1249 et
910 1188 1086 1249 Deus
1121 1189 1394 1265 homini,
1431 1194 1706 1267 propter
1754 1190 1992 1251 bonam
2044 1189 2456 1249 voluntatem
2505 1186 2744 1261 ἱρείης,
2790 1184 2965 1261 quod
3014 1184 3182 1259 petit
3231 1182 3436 1242 dabit.

351 1292 535 1353 Bona
585 1294 788 1369 igitur
834 1294 1147 1354 voluntas
1197 1295 1641 1354 suavissimus
1691 1294 1857 1354 odor
1902 1293 2037 1353 Deo
2070 1298 2196 1366 est,
2236 1288 2796 1368 quemadmodum
2845 1293 2913 1347 et
2960 1289 3026 1346 in
3069 1287 3281 1347 veteri
3323 1287 3443 1346 Te-

343 1399 679 1458 stamento
711 1387 888 1457 Deus
924 1414 1052 1457 non
1086 1397 1409 1473 sanguine
1443 1397 1785 1458 hircorum
1816 1396 2300 1470 delectabatur,
2340 1393 2457 1454 sed
2489 1393 2662 1453 bona
2697 1392 3039 1452 voluntate
3073 1389 3437 1450 hominum.

1745 1604 2036 1666 LXXXV.

1413 1816 1506 1876 De
1555 1812 1874 1874 laboribus
1929 1814 2063 1873 Deo
2111 1811 2363 1873 oblati-«x.

428 2020 583 2082 104.
619 2020 745 2081 Sed
777 2037 928 2082 cum
963 2019 1186 2097 homo,
1224 2037 1343 2097 per
1382 2019 1626 2081 donum
1661 2019 1948 2097 Spiritus
1982 2019 2229 2095 Sancti,
2268 2020 2531 2095 aliquos
2566 2018 2836 2078 labores
2869 2032 2991 2093 pro
3026 2016 3428 2077 necessitate

336 2124 708 2184 viventium
764 2131 830 2185 et
887 2141 1006 2199 pro
1062 2126 1293 2202 requie
1348 2123 1855 2198 defunctorum,
1921 2124 2054 2184 sibi
2113 2124 2292 2199 juste
2347 2126 2414 2183 et
2469 2124 2939 2182 convenienter
3006 2121 3424 2197 imposuerit,

344 2229 523 2290 Deus
572 2229 1000 2290 afflictionem
1051 2228 1233 2289 illius
1281 2227 1479 2305 digne
1526 2233 1593 2288 et
1635 2227 1818 2304 ¹iuste
1865 2227 2173 2303 suscipit,
2226 2227 2402 2288 sicut
2450 2226 2718 2301 Moysen
2750 2231 2817 2285 et
2851 2224 3109 2285 Heliam
3146 2224 3425 2299 audivit,

338 2351 498 2396 cum
529 2352 650 2413 pro
685 2336 839 2397 aliis
873 2336 988 2413 qui
1022 2340 1256 2396 contra
1286 2333 1495 2395 Deum
1527 2341 1994 2411 peccaverant,
2032 2334 2343 2395 laborare
2376 2348 2508 2393 non
2540 2330 2918 2392 cessabant.

1720 2556 2040 2618 LXXXVI.

1461 2752 1554 2811 De
1603 2750 1850 2827 Anyelo
1892 2768 2304 2827 percussore.

428 2954 577 3014 105.
628 2954 751 3025 Qui
800 2960 1024 3014 autem
1074 2956 1139 3014 in
1174 2956 1356 3015 nullo
1393 2956 1676 3015 istorum
1708 2955 1842 3016 Deo
1878 2955 2091 3016 servit
2113 2951 2159 3035 ¹)
2197 2957 2370 3016 hunc
2403 2972 2522 3032 per
2552 2958 2879 3031 Angelum
2929 2956 3420 3032 percutientem

336 3077 457 3136 pro
488 3061 804 3120 inanitate
831 3061 1052 3120 cordis
1082 3063 1185 3121 sui
1212 3062 1470 3122 duriter
1499 3063 1671 3123 ferit.
1697 3060 1749 3140 2)
1779 3063 1959 3122 Unde
1985 3064 2272 3140 quisque
2298 3063 2514 3122 fidelis
2547 3067 2687 3122 tam
2712 3079 2832 3137 pro
2861 3062 3013 3120 aliis
3058 3077 3258 3136 quam
3294 3078 3414 3137 pro

339 3180 412 3223 se
444 3164 527 3224 ad
558 3165 767 3225 Deum
800 3166 1107 3227 laborare
1140 3183 1268 3225 non
1307 3173 1550 3241 cesset,
1581 3170 1909 3243 quatenus
1938 3168 2050 3226 ille
2076 3168 2192 3243 qui
2224 3167 2426 3227 corda
2459 3166 2798 3227 hominum
2839 3167 3132 3241 inspicit,
3165 3167 3424 3242 justum

340 3268 636 3329 laborem
685 3273 752 3330 et
798 3272 1037 3331 bonam
1088 3272 1503 3332 voluntatem
1550 3272 1764 3348 ipsius
1813 3278 2224 3345 remuneret,
2279 3272 2391 3331 ubi
2425 3271 2641 3331 omnis
2679 3271 2874 3331 homo
2908 3288 3029 3348 pro
3064 3288 3265 3348 opere
3301 3290 3424 3333 suo

336 3372 516 3448 juste
550 3378 1033 3436 remuneratur.
1085 3375 1265 3434 Haec
1312 3381 1539 3435 autem
1585 3375 1666 3434 de
1714 3376 2196 3451 poenitentium
2247 3375 2598 3435 animabus
2647 3375 3012 3451 purgandis
3055 3381 3123 3435 et
3156 3376 3422 3435 salvan-

339 3476 444 3536 dis
489 3476 670 3537 dicta
715 3484 893 3552 sunt,
931 3484 999 3539 et
1031 3479 1252 3539 fidelia
1286 3482 1462 3554 sunt,
1500 3485 1567 3540 et
1615 3479 1831 3540 fidelis
1882 3480 1985 3539 his
2036 3479 2357 3553 attendat,
2410 3480 2477 3538 et
2522 3494 2601 3538 ea
2652 3479 2719 3537 in
2766 3480 3157 3539 memoriam
3208 3480 3421 3541 bonae

349 3579 663 3640 scientiae
695 3581 1012 3656 imponat.

423 3811 465 3880 ¹)
489 3813 583 3871 hic
602 3811 673 3878 Α.
701 3828 805 3871 nec
852 3813 980 3873 sert.
1010 3814 1179 3880 male.
1205 3815 1373 3874 modo
1399 3816 1621 3887 legatur
1647 3814 1797 3872 intra
1821 3817 2043 3889 seritur.
2073 3848 2140 3858 —
2165 3818 2212 3883 2)
2237 3818 2369 3888 serit
2394 3815 2477 3873 sic
2503 3817 2552 3873 Α
2579 3820 2636 3872 et
2662 3816 2751 3873 W.
