4036 6117
1315 536 1729 584 Exposrrlo
1777 534 2431 581 avano-emonem.
3222 509 3352 571 275

329 664 477 732 set,
510 658 737 718 statim
774 657 950 716 Deus
984 656 1182 715 Pater
1218 655 1309 716 ibi
1360 658 1424 715 in
1473 656 1739 714 deserto
1787 654 2157 713 Ecclesiam
2182 648 2226 730 ¹)
2264 668 2414 711 cum
2452 650 2697 723 templo
2735 647 3115 708 sanctitatis
3165 652 3230 706 et
3264 663 3416 705 cum

327 762 654 822 aedificiis
703 762 1051 832 virtutum,
1104 775 1274 835 quae
1324 776 1444 835 per
1490 757 1830 819 Christum
1883 758 1950 816 in
1989 756 2288 816 Ecclesia
2322 754 2713 828 complenda
2748 752 3035 827 fuerunt,
3072 766 3421 827 praemon-

328 866 592 924 stravit.
629 865 753 924 Sed
787 864 1127 938 DiaboluS,
1166 864 1321 939 quia
1356 863 1638 938 spiritus
1675 860 1820 933 fuit,
1860 861 1972 919 illa
2016 859 2414 934 spiritaliter
2448 858 2838 933 apparentia
2868 855 2920 934 ²)
2957 855 3146 928 vidit,
3199 854 3419 913 sciens

329 970 447 1030 illa
480 985 652 1045 quae
702 969 794 1027 ibi
829 967 1136 1041 videbat,
1191 967 1272 1026 ad
1309 965 1648 1026 Christum
1702 965 2062 1040 respicere,
2099 969 2165 1021 et
2213 962 2473 1021 artibus
2509 962 2652 1019 suis
2687 960 2990 1032 tentavit,
3027 958 3085 1016 si
3121 956 3419 1030 magnifi-

330 1090 410 1131 ca
445 1089 646 1147 opera
700 1072 812 1131 illa
845 1072 980 1130 ullo
1033 1070 1227 1130 modo
1266 1071 1332 1129 in
1381 1070 1648 1129 Christo
1683 1084 1802 1142 per
1847 1084 2086 1127 vanam
2122 1067 2408 1141 gloriam
2459 1064 2780 1138 impedire
2812 1069 3062 1139 posset.
3100 1062 3177 1120 Et
3213 1061 3421 1121 turbi-

329 1192 483 1234 nem
517 1176 697 1234 illam
722 1224 737 1250 ‚
790 1192 991 1251 quam
1026 1176 1206 1233 circa
1258 1174 1598 1234 Christum
1631 1190 1753 1232 sua
1797 1172 2225 1246 suggestione
2259 1170 2342 1229 ad
2379 1168 2761 1229 tentandum
2797 1184 2946 1226 eum
2984 1167 3416 1241 excitaverat,

333 1287 404 1339 ut
437 1281 852 1356 praedictum
878 1285 1004 1353 est,
1045 1279 1292 1352 tetigit,
1321 1284 1388 1337 et
1424 1278 1515 1337 ita
1550 1277 1992 1354 permissione
2031 1276 2267 1350 ipsiuS,
2305 1275 2558 1333 nullum
2595 1272 2853 1348 pondus
2890 1272 2954 1330 in
2988 1286 3066 1329 eo
3096 1270 3414 1343 sentienS,

333 1387 564 1443 statuit
615 1401 768 1442 eum
816 1401 1020 1459 supra
1061 1383 1507 1459 pinnaculum
1541 1380 1810 1456 templi,
1863 1378 2039 1453 quod
2076 1378 2164 1437 ibi
2215 1393 2537 1453 apparere
2579 1375 2769 1449 vidit,
2822 1374 3000 1451 quod
3033 1374 3191 1432 dum
3229 1372 3423 1431 fecis-

331 1492 475 1559 set,
527 1492 594 1545 et
628 1486 911 1546 multum
961 1485 1258 1560 gaudens
1309 1489 1613 1560 putaret,
1669 1488 1740 1540 ut
1788 1483 1964 1540 sicut
1999 1480 2308 1540 Christus
2360 1479 2488 1538 sibi
2543 1480 2602 1537 in
2655 1476 2781 1536 hoc
2830 1481 3287 1551 consenserat,
3329 1476 3420 1534 ita

334 1590 541 1648 etiam
577 1590 642 1647 in
675 1589 807 1648 alio
843 1589 903 1647 ei
939 1603 1444 1647 consensurum.

425 1693 506 1752 Et
542 1693 713 1752 dixit
750 1694 811 1751 ei
848 1692 1112 1751 iterum:
1152 1692 1221 1752 Si
1258 1690 1470 1750 Filius
1507 1692 1628 1751 Dei
1661 1709 1750 1765 es,
1789 1690 1946 1765 quia
1982 1694 2120 1747 tam
2156 1686 2350 1747 fortis
2384 1686 2644 1761 existiS,
2695 1688 2887 1744 mitte
2924 1691 2983 1743 te
3021 1683 3423 1743 fiducialiter

332 1796 662 1854 deorsum.
718 1795 1059 1871 Scriptum
1092 1800 1186 1852 est
1221 1795 1424 1867 enim,
1461 1796 1618 1871 quia
1667 1792 1918 1869 anyelis
1962 1793 2100 1849 suis
2145 1791 2485 1849 mandavit
2520 1789 2599 1847 de
2650 1795 2711 1846 te
2757 1787 2955 1846 Pater
3003 1792 3198 1861 tuuS,
3250 1793 3311 1846 et
3350 1789 3422 1845 in

337 1897 644 1957 manibus
693 1898 926 1956 tollent
964 1903 1048 1979 te,
1100 1915 1182 1955 ne
1232 1897 1403 1973 sorte
1453 1896 1745 1975 offendas
1779 1896 1864 1954 ad
1914 1894 2206 1970 lapidem
2235 1894 2475 1969 pedem
2524 1899 2750 1965 tuum,
2804 1891 2962 1966 quia
3011 1906 3140 1949 non
3180 1889 3426 1950 audent

334 2001 668 2060 omittere.
737 2001 847 2060 Ait
912 2000 1017 2058 illi
1083 1999 1312 2059 Jesus:
1368 2001 1700 2073 Rursum,
1761 1999 2198 2056 tentationem
2270 1996 2451 2054 illius
2517 2010 2877 2068 respuens,
2930 1996 3252 2069 scriptum
3302 2000 3417 2052 est:

335 2104 482 2164 Non
519 2102 796 2162 tentabis
834 2104 1189 2163 Dominum
1226 2103 1438 2162 Deum
1471 2108 1683 2176 tuum,
1720 2102 1834 2177 qui
1866 2117 1987 2177 ego
2026 2117 2194 2159 sum.

426 2207 680 2266 Iterum
726 2208 1086 2283 assumpsit
1138 2225 1291 2265 eum
1337 2206 1778 2281 permissione
1814 2206 2027 2279 ipsius
2080 2203 2424 2277 Diabolus,
2476 2202 2848 2277 praefatam
2896 2202 3230 2262 turbinem
3282 2206 3427 2262 tan-

336 2323 539 2384 genS,
592 2312 665 2368 ut
710 2309 900 2384 prius
951 2307 1224 2384 fecerat,
1261 2312 1334 2368 in
1365 2315 1656 2368 montem
1703 2308 2039 2367 excelsum
2071 2308 2297 2382 valde,
2349 2307 2464 2382 qui
2508 2307 2597 2365 ibi
2647 2307 2852 2365 etiam
2886 2308 2953 2367 in
3000 2307 3267 2366 deserto
3301 2323 3421 2382 per

337 2412 751 2473 voluntatem
800 2412 916 2471 Dei
951 2412 1172 2473 Patris
1222 2414 1620 2489 spiritaliter
1653 2415 1720 2472 et
1768 2428 1897 2472 non
1942 2412 2386 2487 corporaliter
2436 2413 2500 2470 in
2535 2411 2701 2485 ipsis
2752 2411 3174 2470 mirabilibus
3223 2427 3423 2487 appa-

338 2516 505 2590 ruit3
560 2516 650 2575 ita
686 2520 758 2574 ut
809 2516 951 2591 ipse
984 2517 1510 2591 magnitudinem
1559 2524 1626 2576 et
1674 2516 2140 2576 celsitudinem
2192 2516 2668 2576 miraculorum
2718 2515 2987 2574 illorum
3034 2515 3424 2592 praetende·

337 2625 462 2694 ret,
513 2635 684 2695 quae
716 2635 837 2695 per
884 2620 1226 2680 Christum
1276 2622 1341 2680 in
1387 2622 1685 2681 Ecclesia
1724 2620 1946 2680 futura
1995 2625 2223 2693 erant,
2258 2614 2307 2695 ³)
2359 2621 2515 2696 quia
2565 2636 2768 2695 opera
2801 2619 2918 2678 Dei
2967 2626 3034 2678 et
3083 2620 3420 2680 mirabilia

335 2724 482 2799 ejus
517 2741 722 2800 super
769 2726 991 2785 omnia
1029 2741 1267 2801 magna
1301 2733 1367 2785 et
1398 2727 1746 2803 praeclara
1779 2729 2123 2802 apparent.
2167 2725 2331 2784 Nam
2366 2726 2591 2784 nullus
2625 2727 2932 2784 terrenus
2966 2741 3156 2784 mons
3192 2725 3257 2784 in
3293 2731 3422 2784 ter-

337 2844 412 2887 ra
460 2830 595 2888 tam
630 2829 809 2888 altus
859 2830 1146 2889 inveniri
1181 2836 1450 2907 posset,
1504 2836 1577 2890 ut
1610 2835 1751 2892 tota
1786 2834 1964 2889 terra
1999 2846 2036 2888 a
2087 2828 2386 2905 qualibet
2420 2829 2886 2904 corporalibus
2921 2830 3134 2889 oculis
3167 2830 3428 2905 prospi-

338 2932 399 2990 ci
446 2938 694 3007 posset.
732 2933 814 2991 Et
848 2933 1132 2992 ostendit
1183 2937 1243 2993 ei
1277 2937 1501 2993 omnia
1547 2952 1751 3010 regma
1791 2934 2050 3007 mundi,
2104 2948 2275 3007 quae
2321 2941 2511 2990 erant
2560 2932 2627 2990 in
2674 2931 2964 2990 diversis
3014 2933 3419 3005 nationibuS,

336 3040 399 3094 et
431 3035 710 3112 qloriam
761 3053 1009 3112 eorum,
1049 3054 1219 3115 quae
1255 3039 1322 3099 in
1372 3039 1538 3115 ipsis
1585 3038 1809 3114 regnis
1862 3037 2167 3111 fuerunt,
2222 3035 2589 3096 secundum
2625 3037 2800 3113 quod
2850 3036 3168 3113 munduS,
3223 3037 3287 3097 id
3321 3043 3426 3098 est

340 3137 644 3199 homines
693 3143 1075 3200 saeculares
1126 3160 1404 3219 pompas
1454 3147 1803 3219 quaerunt.
1842 3142 1923 3201 Et
1973 3142 2148 3200 dixit
2186 3141 2293 3199 illi
2331 3141 2597 3209 iterum,
2650 3146 2938 3214 tentanS,
2992 3141 3049 3199 si
3081 3155 3233 3199 eum
3267 3145 3423 3200 tunc

341 3246 580 3305 saltem
609 3247 874 3306 vincere
910 3248 1184 3308 valeret:
1222 3249 1396 3309 Haec
1429 3251 1652 3307 omnia
1681 3266 1848 3324 quae
1883 3246 2073 3305 vides
2116 3247 2179 3305 in
2228 3245 2557 3304 saeculari
2593 3261 2863 3320 pompa,
2900 3246 3016 3304 tibi
3047 3245 3229 3321 dabo,
3266 3263 3429 3323 quo-

340 3351 519 3412 niam
571 3368 717 3412 mea
767 3359 944 3427 sunt,
999 3355 1053 3412 si
1103 3353 1340 3412 cadens
1390 3353 1471 3412 ad
1522 3358 1771 3412 terram
1819 3356 2230 3426 prostratuS,
2280 3352 2653 3408 adoraveris
2702 3369 2805 3408 me
2854 3355 2927 3409 ut
2974 3348 3201 3410 Deum.
3246 3352 3424 3412 Tunc

340 3455 512 3514 dixit
563 3457 625 3513 ei
660 3454 875 3515 Jesus:
937 3456 1127 3528 Vade,
1170 3457 1516 3529 SathanaS,
1567 3462 1928 3514 retrorsum
1983 3456 2049 3513 in
2099 3455 2314 3513 locum
2368 3459 2593 3527 tuum,
2647 3454 2761 3528 qui
2813 3454 2933 3512 tibi
2982 3460 3425 3529 praeparatus

342 3565 470 3633 est,
522 3561 835 3635 quoniam
875 3561 1130 3620 nullum
1180 3561 1399 3619 locum
1431 3560 1501 3618 in
1549 3576 1653 3619 me
1704 3560 1983 3618 invenis,
2016 3559 2363 3636 Scriptum
2398 3564 2491 3617 est
2528 3561 2733 3617 enim:
2774 3560 3127 3618 Dominum
3162 3567 3432 3621 cuncta-

342 3677 490 3721 rum
539 3668 1032 3738 creaturarum,
1083 3664 1435 3724 Dominum
1485 3665 1780 3723 omnium
1812 3663 2183 3723 viventium
2232 3669 2294 3721 et
2344 3669 2563 3734 tuum,
2601 3664 2716 3739 qui
2751 3679 2873 3738 ego
2923 3680 3094 3739 sum,
3130 3665 3427 3725 adorabis

343 3770 753 3840 prostratus,
805 3773 868 3826 et
905 3768 1010 3826 illi
1046 3769 1187 3842 soli,
1225 3770 1291 3827 et
1322 3784 1454 3827 non
1488 3769 1726 3827 alienis
1760 3774 1826 3828 et
1872 3767 2225 3827 fallacibus
2275 3768 2428 3842 diis,
2469 3771 2707 3828 servies
2730 3815 2745 3842 ‚
2797 3768 3093 3829 debitum
3130 3771 3429 3831 ministe-

342 3868 515 3926 rium
566 3869 627 3926 ei
675 3868 1064 3930 exhibendo
1125 3873 1304 3932 Tunc
1356 3872 1534 3931 illico
1588 3872 1655 3933 in
1704 3873 1848 3947 ipsa
1900 3873 2067 3932 hora
2114 3873 2385 3949 reliquit
2433 3891 2586 3934 eum
2619 3872 2952 3946 Diabolus,
3015 3875 3104 3933 ita
3139 3880 3213 3933 ut
3269 3892 3431 3934 nun-

341 3988 546 4048 quam
578 3978 813 4048 postea
863 3974 1140 4034 auderet
1172 3992 1325 4034 eum
1373 3965 1661 4051 amplius
1699 3980 1974 4036 tentare.
2012 3978 2095 4037 Et
2133 3997 2275 4037 ecce
2312 3977 2561 4052 anydi,
2599 3978 2783 4036 cives
2817 3977 3179 4051 coelorum,
3220 3997 3431 4040 acces-

342 4083 602 4146 serunt,
638 4083 713 4136 ut
745 4078 931 4152 prius
972 4077 1293 4149 fecerant,
1330 4080 1644 4154 quoniam
1680 4079 1804 4138 has
1838 4081 2243 4140 tentationes
2280 4080 2378 4139 sic
2413 4081 2477 4138 in
2508 4079 2774 4139 Christo
2811 4079 2892 4139 ad
2927 4079 3155 4139 horam
3195 4097 3429 4141 secun-

345 4179 501 4238 dum
552 4181 961 4240 voluntatem
996 4182 1208 4257 ipsius
1245 4182 1507 4258 impleri
1558 4183 2055 4257 permittebant,
2108 4188 2170 4242 et
2203 4183 2667 4243 ministrabant
2717 4186 2801 4257 ei,
2839 4182 3175 4244 adorando
3225 4191 3292 4245 et
3324 4202 3432 4247 co-

344 4284 720 4358 gnoscendo
754 4301 928 4359 eum,
967 4292 1167 4362 atque
1202 4286 1611 4347 voluntatem
1651 4288 1864 4362 ipsius
1902 4287 2255 4362 implendo.

1853 4529 1928 4588 II.

1691 4742 1839 4800 Alio
1873 4741 2081 4799 modo.

442 4946 692 5006 Ductus
740 4952 834 5005 est
872 4945 1084 5018 Jesus‚
1119 4946 1375 5006 scilicet
1413 4947 1698 5006 Verbum
1733 4946 1975 5021 PatriS,
2008 4963 2126 5022 per
2166 4947 2341 5023 quod
2377 4951 2597 5010 omnia
2632 4958 2858 5011 creata
2894 4958 3070 5024 sunt,
3109 4954 3176 5010 in
3216 4951 3435 5009 deser-

431 5176 471 5242 ¹)
495 5176 682 5247 Pergit
708 5177 984 5251 interpres
1008 5194 1144 5233 nova
1171 5177 1454 5252 proferens
1477 5185 1676 5238 notatu
1697 5180 2050 5252 dignissima.
2078 5212 2137 5222 -
2164 5184 2208 5248 2)
2229 5187 2546 5254 apparentes
2565 5197 2751 5253 apogr.
2780 5213 2843 5222 —-
2865 5182 2907 5246 ⁸)
2928 5185 3152 5253 suturae
3170 5187 3325 5238 erant
3349 5180 3425 5238 ib.
