4036 6117
1385 536 1803 585 Exposvmo
1854 533 2518 582 EVANossmonuM.
3283 514 3415 574 3⁶25

1900 765 1976 825 11.

1738 984 1885 1043 Alio
1931 983 2144 1043 moda.

486 1189 656 1251 Abiit
695 1191 758 1249 in
791 1190 1241 1252 admonitione
1289 1192 1577 1269 Spiritus
1612 1192 1857 1268 Sancti,
1895 1194 2089 1255 Jesus
2137 1194 2444 1254 Salvator
2477 1200 2664 1254 trans
2712 1212 2919 1269 mare,
2958 1194 3134 1253 ultra
3181 1186 3480 1267 putredi-

399 1308 546 1351 nem
574 1294 891 1356 vitiorum
920 1298 985 1357 in
1012 1300 1380 1359 mutatione
1405 1316 1658 1375 eorum,
1678 1294 1724 1378 ¹)
1749 1300 2119 1372 Galilaeae,
2149 1300 2411 1367 scilicet
2434 1316 2585 1360 cum
2613 1299 2812 1361 homo
2836 1300 3114 1361 dimittit
3137 1299 3386 1359 malum
3411 1298 3479 1356 et

399 1397 629 1473 incipit
692 1400 958 1477 honum,
1018 1404 1190 1480 quod
1237 1411 1332 1463 est
1389 1404 1771 1479 Tiberiadis,
1839 1405 2153 1465 videlicet
2207 1420 2360 1463 cum
2408 1404 2490 1463 ad
2542 1419 2838 1464 amorem
2872 1403 3285 1476 coelestium,
3344 1415 3475 1476 quo

397 1517 626 1561 omnes
661 1504 946 1566 virtutes
982 1508 1280 1583 tendunt,
1320 1511 1636 1585 suspirat.
2610 1558 2615 1565 -
2973 1575 2979 1582 .

484 1606 563 1666 Et
615 1606 1005 1685 sequebatur
1052 1630 1204 1671 eum
1256 1613 1320 1672 in
1355 1613 1525 1673 bono
1560 1628 1828 1674 rumore
1874 1615 2175 1673 mamima
2207 1610 2564 1671 multitudo
2596 1610 2947 1682 virtutum,
2983 1611 3141 1686 quia
3169 1606 3476 1669 videbant

393 1714 695 1772 sanctam
744 1714 1198 1790 intentionem,
1251 1720 1464 1794 siqna,
1519 1718 1582 1777 id
1631 1723 1736 1777 est
1784 1718 2291 1777 conversionem
2336 1717 2517 1776 illius
2552 1715 2866 1790 hominiS,
2900 1734 3065 1794 quae
3097 1712 3376 1793 faciebat
3413 1712 3479 1771 in

392 1818 692 1876 sanctam
741 1818 1260 1882 admonitionem
1294 1842 1494 1901 super
1534 1828 1634 1886 his
1669 1827 1784 1903 qui
1816 1823 2350 1905 infirmabantur,
2390 1823 2503 1883 ubi
2536 1824 2919 1900 comprimit
2950 1823 3137 1898 vitia,
3173 1838 3324 1882 cum
3358 1837 3475 1880 eos

393 1919 474 1978 ad
508 1920 753 1982 bonum
790 1928 1143 2003 convertit,
1184 1929 1274 1990 ita
1309 1930 1485 2006 quod
1520 1938 1835 2007 peccator
1866 1945 2237 1991 conversus
2270 1928 2630 1989 laudabilis
2666 1929 2862 1989 homo
2898 1930 3008 1991 sit.

481 2025 693 2086 Subiit
742 2046 914 2105 erqo,
952 2032 1319 2093 consilians
1367 2040 1435 2094 et
1477 2034 1803 2111 adjuvans
1853 2036 1920 2095 in
1968 2034 2422 2095 admonitione
2470 2032 2759 2109 Spiritus
2793 2033 3038 2109 Sancti,
3077 2036 3150 2094 in
3182 2032 3478 2093 montem*

399 2127 658 2190 scilicet
691 2132 757 2190 in
789 2132 958 2193 hanc
991 2136 1483 2213 celsitudinem,
1521 2146 1593 2199 ut
1636 2139 1831 2200 homo
1867 2142 1933 2200 in
1965 2139 2333 2199 virtutibus
2367 2143 2747 2213 renovetur,
2776 2138 2966 2199 Jesus
3000 2145 3063 2198 et
3096 2137 3183 2199 ibi
3218 2135 3474 2198 sedebat

395 2236 460 2294 in
496 2239 834 2298 mansione
883 2241 1166 2316 requiei,
1217 2262 1367 2304 cum
1415 2246 1764 2324 discipulis
1813 2248 1972 2320 suis,
2023 2244 2337 2304 videlicet
2377 2243 2760 2304 virtutibus
2797 2245 2959 2305 Erat
2993 2249 3217 2303 autem
3241 2244 3473 2320 proxi-

391 2362 596 2418 mum,
633 2345 696 2405 id
742 2350 847 2407 est
882 2348 946 2408 in
978 2350 1473 2425 propinquitate
1500 2355 1765 2429 pascha,
1803 2351 2114 2411 videlicet
2148 2351 2488 2425 gaudium,
2525 2351 2665 2410 dies
2697 2349 3227 2424 illuminationiS,
3262 2350 3473 2427 festus

396 2450 653 2510 scilicet
699 2451 937 2527 laetuS,
989 2453 1416 2530 Iudaeorum,
1467 2456 1534 2515 id
1583 2463 1688 2516 est
1735 2458 2282 2534 perspicuitatem
2336 2458 2403 2515 in
2449 2471 2527 2515 eo
2576 2456 2754 2533 quod
2803 2456 3000 2516 homo
3042 2461 3316 2532 peccata
3349 2472 3471 2515 sua

391 2553 763 2615 confitetur.

483 2663 645 2723 Cum
694 2664 1087 2726 sublevasset
1123 2685 1272 2745 erqo
1323 2668 1388 2728 in
1432 2669 1627 2729 laude
1678 2669 2021 2730 felicitatis
2071 2672 2309 2746 oculos,
2361 2670 2426 2730 id
2459 2676 2561 2730 est
2597 2670 2861 2730 beatam
2895 2670 3246 2730 scientiam
3279 2670 3469 2731 Jesus

386 2766 712 2842 Salvator,
765 2776 827 2829 et
875 2771 1142 2830 vidisset
1196 2773 1263 2830 in
1309 2773 1795 2849 exquisitione,
1849 2777 2006 2853 quia
2051 2775 2411 2835 multitudo
2458 2775 2754 2835 maxima
2801 2773 3127 2834 virtutum
3173 2777 3350 2834 venit
3383 2774 3471 2833 ad

386 2891 559 2946 eum,
610 2873 793 2932 clara
825 2890 1028 2950 opera
1077 2892 1196 2950 per
1227 2877 1514 2951 gratiam
1565 2893 1756 2938 suam
1792 2878 1858 2937 in
1905 2877 2171 2938 homine
2207 2879 2321 2937 illo
2374 2876 2650 2952 facienS,
2695 2883 2762 2937 et
2796 2877 2876 2938 ad
2910 2878 3128 2953 ipsum
3166 2877 3465 2951 tendenS,

387 2977 545 3036 dicit
597 2977 663 3036 in
695 2978 1145 3040 admonitione
1180 2996 1303 3039 sua
1342 2982 1428 3040 ad
1477 2983 1889 3060 Philippum,
1942 2982 2203 3042 scilicet
2250 2982 2331 3043 ad
2384 2981 2855 3042 innocentiam:
2922 2980 3100 3042 Unde
3149 3000 3464 3055 ememus,

390 3082 453 3141 id
501 3090 607 3143 est
655 3085 1076 3160 requiremus
1114 3105 1349 3164 panes,
1403 3087 1716 3149 videlicet
1762 3088 2296 3165 constrictiones,
2330 3086 2381 3172 J)
2416 3094 2488 3147 ut
2537 3089 2940 3149 manducent
2974 3091 3062 3164 Izi,
3101 3089 3360 3149 scilicet
3393 3095 3466 3149 ut

387 3197 817 3263 permaneant
864 3192 931 3251 in
977 3193 1359 3254 virtutibus
1411 3193 1543 3255 Hoc
1590 3203 1814 3254 autem
1862 3196 2113 3255 dicebat
2148 3194 2339 3255 Jesus
2389 3202 2680 3265 tentans,
2720 3196 2783 3256 id
2832 3201 2938 3256 est
2969 3202 3351 3272 temperans
3397 3201 3466 3256 et

388 3313 790 3375 componens
823 3320 999 3376 eum,
1038 3301 1300 3361 scilicet
1348 3302 1815 3363 innocentiam.
1851 3303 2000 3380 Ipse
2050 3305 2229 3361 enim
2264 3301 2500 3363 sciebat
2550 3301 2616 3361 in
2650 3303 2934 3362 secretis
2986 3301 3128 3361 suis
3159 3301 3321 3379 quid
3367 3319 3465 3359 es-

387 3411 480 3463 set
526 3405 828 3482 facturus
863 3406 931 3465 in
977 3405 1241 3467 homine
1277 3407 1420 3477 illo,
1455 3407 1787 3482 quomodo
1821 3423 1973 3467 eum
2006 3407 2305 3467 elevaret
2337 3412 2406 3466 et
2450 3406 2892 3483 deprimeret,
2943 3421 3028 3465 ne
3074 3420 3279 3481 supra
3326 3420 3465 3465 mo-

385 3507 542 3569 dum
576 3511 968 3571 ascenderet
1016 3513 1081 3572 in
1116 3514 1348 3588 altum,
1399 3516 1466 3574 et
1498 3529 1579 3573 ne
1614 3530 1816 3590 supra
1852 3514 2119 3575 modum
2153 3513 2588 3574 descenderet
2623 3514 2689 3573 in
2722 3515 3063 3591 abyssum,
3098 3513 3255 3590 quia
3286 3511 3466 3572 Deus

394 3617 524 3676 scit
560 3617 720 3693 quid
753 3617 950 3678 homo
983 3619 1304 3695 perficere
1335 3621 1574 3696 possit.

476 3704 836 3798 Respondit
871 3724 933 3780 ei
965 3720 1296 3783 Salvatori
1330 3726 1706 3803 Philippus,
1748 3726 2143 3787 innocentia:
2193 3726 2643 3786 Ducentorum
2676 3727 3105 3785 denariorum
3131 3741 3365 3802 panes,
3403 3721 3469 3782 id

382 3828 488 3882 est
536 3823 603 3882 in
657 3824 1077 3886 altitudinem
1125 3834 1194 3887 et
1251 3828 1318 3888 in
1367 3828 1892 3903 profunditatem
1951 3830 2365 3890 tendentium
2430 3829 2497 3889 in
2553 3828 2962 3904 plenitudine
3025 3841 3466 3905 supernorum

385 3931 834 4005 praemiorum
883 3933 1416 4010 constrictioneS,
1458 3954 1590 3995 non
1639 3937 1979 4018 sufficiunt
2013 3939 2108 3996 eis
2144 3936 2210 3995 in
2241 3935 2558 3997 cordibus
2591 3936 2758 4009 suiS,
2795 3942 2868 3994 ut
2901 3937 3354 4013 unusquisque
3385 3934 3469 3993 il-

384 4038 597 4098 lorum
628 4042 959 4102 modicum
992 4042 1153 4120 quid
1187 4043 1695 4118 temperamenti
1731 4046 2014 4122 accipiat
2048 4059 2171 4120 per
2200 4042 2693 4103 discretionem.

476 4145 650 4206 Dicit
697 4149 760 4207 ei
791 4166 990 4220 unus,
1027 4147 1286 4207 scilicet
1334 4151 1760 4225 unanimitaS,
1811 4170 1896 4210 eae
1928 4151 2278 4227 discipulis
2312 4145 2478 4224 ejus,
2528 4148 2594 4207 id
2626 4153 2729 4208 est
2762 4146 2845 4207 de
2889 4146 3279 4221 virtutibus,
3331 4147 3466 4208 An-

386 4249 600 4326 dreas,
637 4251 949 4311 videlicet
982 4252 1361 4312 constantia
1394 4253 1701 4322 fratrum,
1751 4255 1928 4332 quod
1961 4262 2068 4314 est
2098 4272 2355 4316 consors
2385 4248 2435 4331 ⁸)
2474 4255 2755 4316 Simonis
2811 4254 3018 4327 Petri,
3071 4252 3136 4312 id
3183 4253 3288 4312 est
3335 4251 3469 4311 for-

386 4355 685 4415 tissimae
736 4354 1166 4417 fortitudinis.
1216 4357 1326 4417 Est
1371 4377 1574 4435 puer,
1644 4359 1902 4420 scilicet
1954 4361 2247 4436 initium,
2314 4378 2491 4420 unus
2539 4363 2670 4434 hic,
2724 4359 2789 4418 id
2836 4364 2942 4418 est
2989 4358 3231 4419 bonum
3287 4359 3465 4435 quod

385 4476 615 4522 omnes
665 4461 892 4521 fideles
941 4469 1256 4538 appetere
1302 4463 1566 4538 debent,
1619 4466 1733 4541 qui
1781 4464 1964 4525 habet
2016 4468 2310 4544 quinque
2352 4484 2563 4542 panes
2595 4465 3007 4538 hordeaceos,
3050 4462 3364 4524 videlicet
3403 4464 3468 4523 in

385 4567 677 4643 quinque
754 4568 1065 4629 sensibus
1144 4570 1287 4631 suis
1365 4571 1841 4632 contrictiones
1915 4570 2436 4632 fortissimarum
2502 4572 3037 4648 repressionum,
3098 4571 3210 4632 ubi
3266 4571 3464 4633 homo

385 4675 629 4735 malam
685 4678 1230 4738 consuetudinem
1288 4679 1590 4753 dimittit,
1649 4680 1716 4738 et
1763 4693 1836 4738 se
1894 4675 1976 4738 ad
2033 4694 2336 4755 quasque
2397 4679 2685 4740 virtutes
2742 4678 2993 4756 dirigit,
3058 4685 3121 4739 et
3177 4679 3337 4739 duos
3401 4680 3467 4739 in

383 4780 517 4840 Deo
566 4788 632 4841 et
668 4782 732 4841 in
768 4782 1034 4843 homine
1064 4787 1301 4861 pisces,
1340 4785 1652 4844 videlicet
1686 4785 1990 4859 spiritale
2024 4783 2455 4860 desiderium,
2500 4784 2615 4844 ubi
2650 4784 2845 4845 homo
2880 4787 3144 4845 terrena
3176 4791 3470 4845 contem-

382 4885 503 4961 nit,
538 4892 605 4946 et
652 4887 735 4947 ad
769 4889 1091 4950 coelestia
1140 4894 1279 4951 toto
1314 4891 1553 4950 annisu
1588 4892 1828 4950 mentis
1861 4896 1929 4950 et
1961 4890 2268 4966 corporis
2318 4890 2549 4950 tendit.
2598 4891 2728 4952 Sed
2758 4895 2938 4966 haec,
2987 4891 3257 4952 eaedem
3293 4890 3461 4949 istae

458 5084 501 5150 ¹)
527 5089 589 5142 in
613 5090 914 5145 imitatione
939 5106 1121 5146 eorum
1144 5102 1332 5161 apogr.
1363 5104 1433 5144 an
1459 5106 1527 5146 ex
1555 5090 1778 5147 codice?
1816 5123 1879 5132 —
1969 5094 2286 5154 strictionis.
2310 5106 2411 5147 nec
2432 5090 2611 5161 magis
2633 5106 2739 5149 vox
2760 5091 3053 5164 perspicua
3072 5097 3176 5150 est.
3196 5122 3257 5132 —
3275 5089 3322 5157 ⁸)
3342 5107 3463 5146 con-

383 5173 430 5238 2)
456 5178 865 5230 constructiones
887 5173 966 5230 sic
989 5174 1108 5230 cod.
1138 5173 1174 5231 Γ.
1202 5174 1462 5239 mutilus.
1493 5177 1585 5232 sed
1609 5192 1733 5234 mox
1760 5198 1880 5237 con·
1969 5197 2084 5236 sors
2106 5178 2161 5234 id
2188 5182 2273 5234 est
2298 5180 2496 5249 frater,
2515 5178 2663 5249 quod
2694 5177 2731 5235 f.
2757 5176 2989 5236 excidit.
