4036 6117
1664 530 2163 578 PROOEMIUM
3234 523 3360 571 XIX

354 684 491 756 que
543 662 721 737 solet
754 687 901 736 esse
955 663 1022 737 in
1078 663 1465 736 Germania
1509 663 1905 759 hujusmodi
1942 665 2453 759 scripturarum
2493 661 2780 751 indoleS,
2836 670 2914 735 ut
2947 660 3226 756 mystici
3277 658 3463 731 Teu·

352 792 568 862 tonici
625 792 1121 887 parabolarum
1174 800 1244 864 et
1302 791 1689 886 imaginum
1746 792 2018 887 poetica
2072 789 2577 862 consuetudine
2609 788 2989 883 gaudeant.
3028 787 3214 859 Dum
3270 786 3459 858 enim

353 924 542 1018 apud
601 925 822 996 Italos
873 925 1226 999 uberrima
1278 923 1505 995 fluunt
1556 922 1926 1018 colloquia,
1984 922 2148 993 dum
2195 921 2500 1016 Hispani
2550 944 2742 992 more
2792 919 3185 1014 theologico
3249 941 3460 1012 argu-

357 1058 783 1138 mentantur,
825 1049 1267 1122 Germanicis
1305 1049 1534 1146 placet
1568 1050 1871 1145 ingeniis
1903 1048 2198 1145 spatiari
2228 1048 2417 1120 lento
2445 1047 2670 1143 gradu
2705 1070 2830 1143 per
2858 1070 3154 1119 amoena
3186 1052 3458 1141 specta-

357 1176 543 1267 cula,
602 1201 841 1248 aereos
893 1178 1223 1250 affectare
1275 1202 1576 1276 camp03,
1618 1179 2011 1275 prospicere
2062 1178 2285 1268 flores,
2344 1177 2737 1271 arbuscula,
2786 1177 3123 1270 aviculas,
3178 1175 3465 1271 angelo-

356 1328 510 1375 rum
550 1304 798 1377 choros
833 1315 902 1377 et
938 1316 1301 1402 tympana.
1341 1307 1523 1395 Quid
1559 1309 1762 1403 ergo?
1795 1308 2051 1380 Nonne
2086 1307 2390 1402 Spiritus
2424 1306 2544 1377 ubi
2599 1305 2771 1395 vult,
2827 1306 3085 1401 spirat?
3137 1305 3458 1401 inspirat,

355 1432 465 1501 uti
522 1432 790 1527 placet?
840 1435 1077 1506 Etiam
1129 1435 1291 1507 dum
1322 1437 1594 1509 afflaret
1629 1438 1889 1532 priscos
1920 1439 2287 1531 utriusque
2314 1435 2611 1508 foederis
2650 1444 2862 1525 vates,
2902 1435 3200 1530 singulis
3233 1458 3304 1506 se
3357 1434 3462 1505 in·

353 1564 582 1656 geniis
610 1565 981 1659 aptavisse,
1022 1577 1448 1661 compertum
1481 1574 1604 1638 est.
1629 1566 2198 1660 Quibuscumque
2229 1565 2444 1660 igitur
2479 1566 2537 1635 si
2576 1566 2762 1657 locis,
2805 1565 3254 1661 temporibuS,
3294 1564 3465 1636 viris

354 1689 673 1761 (livinum
713 1715 965 1764 numen
1011 1693 1263 1765 blande
1298 1694 1812 1787 accomodatur,
1852 1694 2009 1788 quis
2046 1694 2516 1765 contradicet?

455 1816 655 1889 Haec
690 1843 857 1892 vero
893 1845 1074 1916 quae
1103 1847 1291 1895 nunc
1318 1825 1685 1920 prodeunt,
1714 1823 1914 1896 uulla
1944 1825 2107 1895 licet
2144 1833 2294 1894 arte
2323 1822 2434 1895 vel
2469 1824 2814 1895 industria
2848 1824 3282 1921 sculpantur,
3322 1848 3461 1895 non

354 1960 619 2041 carent,
660 1954 966 2026 maxime
1004 1955 1073 2025 in
1119 1955 1221 2026 VI
1260 1955 1456 2026 libris
1494 1956 1685 2027 Vitae
1718 1957 2132 2045 meritorum,
2164 1955 2423 2027 diserto
2461 1979 2690 2027 rerum
2723 1955 2984 2048 ordine,
3009 1977 3236 2048 neque
3271 1953 3466 2048 inge-

355 2102 498 2148 nua
540 2079 923 2174 imaginum
964 2090 1030 2152 et
1068 2105 1518 2176 personarum
1559 2082 1983 2177 symmetria.
2041 2082 2317 2153 Emicat
2373 2083 2608 2155 unitas
2643 2083 2712 2155 in
2765 2083 2949 2171 Viro,
2988 2082 3111 2177 qui
3147 2090 3225 2154 ut
3260 2082 3464 2177 gigas
3521 2170 3540 2179 l

356 2209 657 2297 exultat,
697 2223 765 2280 et
800 2220 1106 2303 quatuor
1158 2212 1244 2280 ad
1283 2211 1470 2281 orbis
1506 2219 1742 2305 partos
1789 2234 2049 2298 versuS,
2087 2220 2155 2282 et
2192 2209 2260 2281 in
2298 2234 2370 2283 se
2405 2235 2742 2301 reversuS,
2783 2219 2852 2282 et
2892 2211 3320 2307 prospiciens
3356 2235 3463 2283 or-

355 2336 536 2421 bem,
576 2335 787 2408 cardo
822 2336 984 2408 novi
1021 2337 1284 2410 theatri
1314 2337 1649 2409 consistit.
1674 2338 1960 2424 Quoties
1991 2338 2312 2428 vertitur,
2345 2337 2676 2410 vitiorum
2707 2345 2775 2410 et
2804 2338 3145 2410 virtutum
3176 2338 3462 2434 agmina

356 2463 581 2535 veluti
635 2463 821 2535 acies
873 2464 1337 2558 instruuntur,
1394 2465 1743 2561 colloquia
1782 2468 1944 2538 hinc
1998 2467 2159 2539 inde
2213 2468 2567 2565 reciproca
2620 2468 3022 2564 succedunt3
3077 2476 3224 2541 tum
3264 2470 3501 2541 varia-

353 2593 745 2688 imaginum
781 2594 1177 2692 descriptio,
1234 2595 1484 2687 deinde
1536 2596 1913 2691 allegorica
1949 2596 2356 2691 declarati03
2396 2606 2633 2693 postea
2671 2598 2994 2669 subditur
3026 2597 3462 2693 gravissimis

350 2729 587 2798 verbis
619 2753 840 2824 poena
878 2739 946 2803 et
983 2705 1414 2827 poenitentia
1466 2731 1763 2826 singulis
1818 2726 2006 2802 vitiis
2047 2740 2349 2802 servata.
2405 2731 2616 2802 Haud
2659 2755 2816 2801 raro
2869 2730 3453 2821 intermiscentur,

349 2855 471 2927 sed
511 2865 678 2952 apto
732 2856 803 2928 in
845 2857 991 2928 loco
1028 2858 1433 2954 Scripturae
1483 2859 1721 2952 verba,
1780 2857 2105 2953 prudenti
2159 2868 2227 2928 et
2278 2857 2545 2929 salubri
2613 2857 2886 2931 munita
2938 2857 3459 2929 commentario:

351 3007 539 3078 qnae
577 2985 815 3082 omnia
867 2985 1321 3058 christianam
1379 2986 1469 3057 ad
1507 2985 1721 3057 vitam
1761 2986 2021 3082 optime
2074 2985 2473 3081 regendam,
2511 3007 2877 3079 moresque
2909 2989 3150 3055 sancte
3184 3006 3462 3081 compo-

350 3115 640 3197 nendos,
681 3127 921 3211 aperte
955 3116 1374 3187 conducunt.
1434 3115 1803 3204 Poematis,
1860 3115 2074 3186 verbo
2111 3114 2317 3186 venia
2368 3116 2481 3206 sit,
2537 3113 2679 3184 tela
2723 3111 3101 3208 sextuplici
3154 3135 3457 3201 emensa,

353 3248 414 3318 si
451 3248 611 3343 quis
647 3253 903 3320 cuncta
954 3273 1185 3321 secum
1241 3249 1599 3343 recogitet,
1656 3272 1935 3342 unoque
1969 3247 2253 3342 meculo
2309 3247 2780 3319 variatissima
2818 3246 3221 3342 spectacula
3273 3245 3469 3316 colli-

358 3385 503 3471 gat,
546 3376 889 3449 virtutum
942 3378 1415 3472 vitiorumque
1467 3377 1799 3465 omnium,
1855 3375 2045 3447 haud
2082 3377 2231 3447 sine
2282 3393 2471 3448 nexu
2526 3374 3010 3471 philosophico
3045 3374 3178 3448 sibi
3230 3399 3466 3474 succe-v

358 3506 699 3596 dentium,
738 3506 1011 3602 cyclum
1048 3530 1218 3602 prae
1253 3505 1472 3578 oculis
1506 3505 1814 3595 habebit,
1853 3529 2008 3576 cum
2051 3504 2271 3575 multo
2304 3506 2581 3575 animae
2610 3527 2778 3575 suae
2812 3503 3304 3593 emolumentO,
3338 3529 3464 3578 nec

357 3640 513 3710 sine
549 3638 835 3709 divinae
868 3638 1231 3733 cujusdam
1269 3639 1645 3734 epopoeiae
1681 3637 1982 3733 rythmO,
2042 3638 2130 3708 ab
2187 3636 2666 3732 Aligherianis
2701 3637 2926 3708 scenis
2958 3635 3147 3708 haud
3184 3637 3466 3709 alienis-

363 3774 564 3842 simo.
1016 3859 1024 3867 ·

458 3900 669 3971 Nunc
721 3908 1056 3995 superest,
1108 3899 1487 3972 instantius
1522 3924 1769 3994 urgere
1814 3906 2074 3988 votum,
2118 3897 2377 3993 pluries
2404 3898 2550 3993 jam
2592 3896 3044 3993 propositum,
3083 3921 3222 3992 quo
3255 3899 3461 3971 finem

361 4028 718 4124 prooemio
749 4029 1125 4125 imponam.
1166 4028 1459 4101 Utinam
1515 4029 1875 4101 exoriatur
1927 4029 2203 4123 aliquis,
2243 4029 2429 4101 omni
2459 4038 2821 4100 armatura
2854 4028 3139 4100 fortium
3175 4033 3466 4103 constri-

354 4171 533 4250 ctus,
572 4159 692 4253 qui
727 4159 1057 4231 universa
1093 4160 1546 4254 Hildegardis
1581 4186 1812 4257 opera,
1854 4162 2193 4233 hactenus
2230 4172 2397 4234 nota
2430 4161 2541 4232 vel
2581 4161 2810 4232 adhuc
2849 4161 3112 4255 ignota,
3165 4162 3460 4236 circum·

355 4289 621 4381 cingat,
662 4310 745 4358 ac
782 4311 904 4383 pro
941 4310 1177 4359 eorum
1220 4290 1453 4384 copia,
1510 4290 1874 4384 dignitate,
1930 4290 2382 4377 sublimitate,
2426 4314 2684 4361 novam
2728 4303 2923 4362 curet
2959 4315 3165 4385 quam
3223 4293 3467 4366 dicunt

359 4417 737 4488 editionem
792 4439 953 4488 vere
1006 4418 1413 4513 principem,
1470 4419 1793 4490 omnibus
1846 4419 2151 4490 numeris
2202 4418 2619 4513 absolutam3
2676 4420 2775 4492 ita
2828 4427 2906 4491 ut
2949 4444 3119 4516 prae
3151 4445 3223 4494 se
3258 4421 3459 4517 ferat,

363 4547 551 4642 quod
588 4555 920 4617 accurata
972 4545 1325 4641 theologia
1376 4548 1740 4643 praecipit,
1797 4548 1981 4642 quod
2036 4547 2184 4620 alta
2229 4548 2668 4645 philosophia
2703 4548 2924 4639 docet,
2979 4550 3163 4645 quod
3202 4552 3469 4648 cyclica

364 4682 580 4753 totius
616 4683 823 4754 medii
862 4685 1014 4755 aevi
1056 4685 1272 4755 arsin
1328 4684 1472 4756 lato
1526 4684 1878 4780 pomaerio
1914 4707 2040 4757 suo
2075 4690 2286 4776 tenet,
2343 4683 2524 4778 quod
2581 4683 3034 4777 integerrima
3070 4683 3464 4757 duodecimi
3553 4715 3560 4726 ·

364 4814 628 4886 saeculi
660 4813 944 4886 historia
978 4821 1243 4902 narrat,
1278 4814 1458 4910 quod
1491 4815 1786 4911 mystica
1815 4815 2003 4886 vitae
2034 4813 2382 4909 perfectae
2409 4813 2749 4885 sanctitas
2775 4812 2987 4884 sentit
3014 4811 3230 4884 altius
3257 4822 3327 4885 et
3354 4839 3471 4910 pe-

366 4940 586 5014 nitius
619 4941 950 5013 infundit.
981 4942 1137 5014 Hoc
1164 4951 1318 5013 erat
1353 4941 1424 5013 in
1460 4943 1662 5014 votis,

465 5066 616 5160 Ego
651 5091 817 5139 vero
868 5069 987 5162 qui
1026 5069 1254 5139 senior
1306 5068 1610 5144 Entello,
1657 5069 1775 5163 jus
1823 5092 1977 5139 curn
2037 5068 2296 5162 injuria
2348 5067 2595 5154 haben,
2651 5074 2729 5138 ut
2782 5073 3055 5138 caestus
3108 5075 3470 5162 artemque

366 5215 726 5287 reponam,
785 5195 850 5264 id
907 5195 1088 5288 quod
1148 5197 1363 5291 potui,
1422 5206 1778 5290 utcunque
1833 5195 1983 5290 feci,
2049 5196 2340 5266 nimium
2405 5194 2801 5289 impeditus,
2862 5217 3085 5286 noque
3147 5193 3213 5263 in
3277 5195 3470 5267 senio
