4036 6117
690 482 740 529 11
1906 476 2404 527 Pnoomssuu

690 622 842 695 Nec
896 631 1171 694 tantum
1227 620 1521 715 dignum
1577 627 1730 689 erat
1766 617 1899 689 hoc
1934 614 2397 710 Hildegardis
2433 637 2632 710 opus,
2679 613 2861 707 quod
2901 611 3295 708 promptius
3330 636 3367 682 e
3401 608 3712 682 tenebris

588 760 1007 849 erumperet.
1046 751 1182 823 Sed
1219 749 1621 838 dolendum,
1657 747 2006 820 neminem
2044 746 2389 818 hactenus
2423 745 2494 814 in
2532 743 2740 815 docta
2777 742 3167 813 Germania
3202 740 3528 831 inveniri,
3582 738 3712 834 qui

591 882 901 979 ejusdem
936 880 1483 974 qualiacumque
1534 876 1819 973 scripta,
1875 884 2069 947 certa
2107 875 2484 962 incertave,
2525 873 2760 964 libros,
2801 873 3094 965 litteras,
3134 872 3494 967 opuscula,
3539 893 3709 941 can-

592 1013 737 1087 tica
774 1020 843 1084 et
878 1011 1216 1101 carmina,
1258 1009 1681 1082 didascalias
1716 1016 1785 1080 et
1820 1006 2446 1104 apophthegmata,
2504 1005 2819 1099 linguam
2856 1014 3097 1077 notam
3142 1015 3211 1076 et
3242 1006 3554 1095 iynotam,
3594 1024 3709 1073 ar-

593 1169 773 1218 cana
809 1142 1191 1239 alphabeta
1227 1151 1293 1213 et
1330 1142 1598 1237 cyclica
1632 1140 1990 1212 volumina
2028 1138 2113 1210 de
2149 1162 2223 1210 re
2260 1138 2575 1233 physica,
2615 1138 2905 1225 medica,
2946 1136 3447 1233 physiologica,
3490 1134 3712 1206 unde-

594 1296 879 1371 quaque
929 1270 1239 1365 colligat,
1296 1269 1768 1365 expansisque
1819 1291 2010 1339 more
2057 1265 2287 1362 patrio
2324 1265 2623 1356 lacertis,
2664 1265 3083 1361 intortisque
3118 1264 3418 1337 robustis
3452 1262 3713 1351 nerviS,

597 1415 1127 1476 monumentum
1164 1404 1405 1497 exigat
1440 1427 1599 1475 aere
1636 1402 2032 1498 perennius,
2076 1425 2214 1494 quo
2253 1400 2543 1495 posteris
2579 1401 3103 1472 commendetur
3137 1425 3389 1472 nomen
3428 1400 3713 1471 immor-

598 1534 764 1628 tale,
822 1535 1050 1626 imm0,
1107 1543 1185 1606 ut
1237 1535 1347 1605 vir
1407 1534 1850 1630 germanicus
1900 1532 2091 1604 hisce
2144 1532 2386 1604 diebus
2438 1533 2745 1629 scripsit,
2801 1533 2977 1604 nulli
3032 1534 3261 1630 impar
3312 1559 3353 1605 a
3405 1533 3709 1607 Rabano

604 1663 857 1749 Mauro
894 1687 1112 1758 usque
1147 1663 1236 1734 ad
1274 1662 1727 1734 novissimum
1765 1662 1854 1731 ab
1890 1659 2352 1731 Humboldtio
2393 1659 2903 1731 Alexandrum.

705 1794 1042 1890 Symbola
1101 1793 1383 1865 tandem
1421 1800 1682 1884 nostra,
1731 1792 1945 1887 juxta
1980 1790 2190 1885 pedes
2222 1790 2584 1861 monastici
2645 1791 3120 1879 patriarchae,
3167 1792 3720 1888 qualiacumque

605 1926 770 2014 sint,
816 1924 1215 1996 sternimus.
1270 1923 1688 2018 Incoeptum
1742 1945 1917 2016 opus
1971 1920 2192 1993 multo
2245 1930 2409 1992 ante
2460 1920 2854 1992 saecularia
2906 1921 3105 2010 festa,
3162 1920 3416 1993 nostris
3450 1919 3720 1991 dudum

617 2053 900 2125 traditis
939 2051 1224 2144 chartis,
1282 2048 1732 2146 apographiS,
1789 2048 2001 2120 etiam
2055 2049 2262 2143 typis,
2321 2072 2400 2120 ac
2453 2073 2574 2144 spe
2625 2060 2965 2145 concepta
3015 2048 3162 2121 fore
3214 2056 3292 2120 ut
3325 2056 3728 2145 opportuno

613 2188 928 2276 tempore
964 2179 1467 2268 absolveretur,
1505 2177 1785 2249 nonnisi
1822 2184 1979 2272 post
2012 2183 2155 2247 tres
2191 2201 2414 2249 annos
2449 2176 2714 2272 publici
2741 2177 2924 2273 juris
2957 2177 3105 2249 fieri
3143 2177 3392 2273 potuit.

709 2307 860 2380 Nec
896 2314 1133 2378 tamen
1168 2329 1471 2401 aequum
1507 2311 1685 2377 esset
1719 2328 1860 2376 non
1913 2303 2186 2375 debitas
2238 2304 2525 2374 reddere
2577 2313 2814 2397 grates
2847 2311 2915 2375 et
2953 2304 3194 2375 laudes
3245 2304 3545 2398 egregiis
3578 2303 3724 2374 Ca·

612 2432 1029 2521 sinensibuS,
1066 2432 1186 2527 qui
1226 2430 1724 2526 perficiendum
1759 2454 1934 2526 opus
1967 2440 2448 2525 susceperunt3
2483 2431 2601 2524 qui
2642 2456 2777 2501 non
2817 2430 3040 2502 solum
3080 2432 3148 2501 in
3191 2430 3496 2527 plagulis
3548 2454 3724 2527 pur-

628 2561 883 2656 gandis
934 2569 1002 2632 et
1057 2558 1485 2631 ventilandis
1538 2557 1878 2629 indefesse
1929 2564 2362 2649 aestuarunt,
2417 2557 2534 2628 sed
2589 2556 3017 2628 luculentum
3074 2558 3144 2628 in
3193 2568 3344 2629 arte
3391 2557 3738 2653 pingendi

624 2690 860 2761 lumen
915 2687 1357 2772 addiderunt,
1415 2694 1482 2758 et
1534 2684 1977 2780 splendorem
2031 2684 2340 2756 omnium
2395 2685 2842 2755 admirationi
2897 2685 3134 2755 statim
3190 2709 3233 2755 a
3280 2685 3518 2757 limine
3563 2710 3730 2781 pro-

622 2816 949 2910 positum.
987 2814 1298 2885 Honoris
1332 2837 1546 2885 causa
1580 2821 1649 2885 et
1701 2813 1890 2909 grati
1941 2814 2185 2905 animi,
2241 2836 2627 2886 memorare
2673 2813 2864 2888 lubet
2916 2814 2986 2884 in
3027 2814 3268 2909 primis
3303 2814 3388 2884 cl.
3429 2814 3512 2885 D.
3552 2812 3746 2885 Ode-

628 2942 875 3013 risium
913 2940 1411 3032 Piscicellium,
1453 2940 1741 3035 ejusque
1775 2939 2110 3013 dilectum
2139 2941 2401 3013 socium
2436 2941 2845 3011 Anselmum
2877 2940 3299 3035 Capletium.
3334 2942 3602 3028 Quibus
3629 2950 3746 3012 ta-

626 3096 791 3143 men
828 3072 1212 3167 praeivere,
1254 3071 1527 3142 ratione
1557 3077 1969 3164 temporum,
2008 3069 2332 3142 nonnulli
2368 3069 2857 3157 SolesmenseS,
2890 3071 3182 3158 calamo,
3224 3069 3576 3166 penici110,
3616 3094 3751 3141 va-

633 3200 878 3295 rioque
904 3200 1088 3295 stylo
1126 3200 1347 3271 amice
1384 3200 1972 3296 conspirantibuS,
2015 3200 2528 3296 Christophoro
2558 3200 2915 3297 Gauthey,
2948 3226 3137 3273 nunc
3162 3201 3584 3273 Massiliensi
3623 3203 3756 3273 ab·

633 3327 816 3419 bate,
857 3325 968 3398 Jo.
1007 3326 1367 3398 Ludovico
1406 3326 1721 3422 Pradier,
1760 3327 2138 3407 Francisco
2173 3327 2537 3415 Chamart,
2592 3326 3081 3422 Hildephonso
3135 3336 3204 3399 et
3255 3327 3563 3424 Josepho
3604 3327 3750 3400 Po-

632 3456 834 3544 thier,
876 3457 996 3550 qui
1036 3456 1218 3531 inter
1254 3456 1512 3528 multas
1549 3481 1781 3529 rerum
1825 3457 2369 3550 vicissitudines*
2418 3483 2644 3552 neque
2681 3459 2890 3529 etiam
2937 3459 3340 3552 longinquis
3376 3466 3758 3553 parcentes

521 3581 533 3595 ’
634 3586 1026 3678 itineribus,
1067 3587 1467 3658 communia
1504 3587 1970 3660 illustrandae
2003 3587 2426 3682 Hildegardi
2461 3587 2692 3659 studia
2730 3587 3199 3660 contulerunt.
3603 3575 3612 3583 ’

730 3719 967 3791 Moras
1007 3718 1417 3815 praesertim
1472 3725 1858 3790 texuerunt
1893 3718 2348 3813 inexpectata
2384 3727 2452 3790 et
2489 3743 2673 3789 nova
2725 3726 3002 3789 centum
3047 3717 3567 3812 quinquaginta
3605 3718 3762 3813 epi-

637 3847 976 3918 stolarum
1011 3858 1079 3917 et
1115 3845 1608 3941 opusculorum
1645 3844 2099 3936 collectanea,
2158 3844 2647 3933 Vindobonae,
2704 3843 3153 3931 Wisbadeni,
3210 3841 3757 3938 Heidelbergae,

643 3975 976 4066 Hafniae,
1014 3975 1373 4046 Bruxellis
1409 3978 1788 4068 asservata,
1830 3983 2114 4070 praeter
2151 3974 2295 4045 alia
2333 3974 2600 4044 Romae
2635 3984 2702 4046 et
2739 3974 3143 4045 Florentiae
3196 3975 3505 4045 inventa:
3566 3999 3764 4069 quae

640 4103 833 4173 haud
865 4101 1015 4174 sine
1052 4103 1398 4176 intricatis
1450 4103 1884 4197 ambagibuS,
1940 4111 2085 4175 tam
2125 4103 2435 4174 locorum
2487 4103 3031 4199 intercapedine,
3087 4127 3302 4198 quam
3354 4111 3760 4199 temporum

644 4234 901 4305 litteris
938 4233 1348 4306 infestorum
1384 4235 1664 4331 injuria,
1703 4235 2092 4329 aegerrime
2127 4234 2216 4304 ad
2254 4257 2419 4305 usus
2454 4242 2726 4305 nostros
2765 4242 3253 4328 pervenerunt.
3331 4297 3334 4302 .

754 4365 851 4434 At
886 4388 1024 4457 quo
1062 4365 1284 4458 magis
1317 4366 1614 4437 arduum
1652 4365 1786 4437 fuit
1821 4364 2222 4460 hujusmodi
2257 4366 2768 4455 commercium,
2814 4390 2894 4436 eo
2922 4366 3131 4461 juvat
3184 4365 3510 4462 ampliori
3548 4365 3766 4438 laude

649 4491 1140 4562 commendare
1178 4491 1525 4585 prolixam
1564 4494 2000 4565 voluntatem
2054 4493 2434 4588 insignium
2491 4493 2801 4564 virorum
2854 4492 2978 4587 qui
3031 4493 3103 4563 in
3155 4492 3503 4564 auxilium
3556 4494 3769 4590 signa

647 4620 1121 4691 contulerunt.
1208 4621 1632 4714 Ignoscant,
1692 4623 1751 4694 si
1804 4623 1944 4696 huc
1979 4623 2188 4695 nudis
2246 4622 2649 4694 nominibus
2701 4631 3198 4712 convocentur,
3255 4624 3371 4695 cll.
3426 4648 3541 4695 vv.
3598 4624 3764 4698 Nic.

658 4750 983 4842 Ansiani,
1043 4752 1214 4820 Ant.
1258 4775 1395 4820 van
1450 4751 1574 4822 der
1625 4751 1873 4844 Linde,
1911 4752 2452 4847 Zangemeister,
2493 4753 2731 4842 Birke,
2787 4754 2953 4825 Chr.
3007 4755 3279 4842 Bruun,
3337 4753 3584 4846 Aldin,
3642 4754 3772 4849 qui

655 4881 1207 4965 Laurentianae,
1267 4881 1752 4970 Wisbadensi,
1809 4881 2425 4978 Heidelbergensi,
2483 4883 2872 4954 Caesareae
2917 4884 3484 4971 Vindobonensi,
3525 4882 3780 4976 Regiis

657 5005 970 5078 Hafniae
1022 5014 1091 5076 et
1143 5005 1600 5100 Burgundiae
1634 5007 2080 5082 bibliothecis
2123 5009 2556 5081 nobilissimo
2592 5010 2798 5082 titulo
2835 5020 2903 5082 et
2937 5013 3187 5084 merito
3213 5012 3373 5105 jure
3408 5017 3772 5105 praesunt.

768 5137 1010 5231 Neque
1073 5147 1303 5210 tacere
1357 5166 1655 5236 acquum
1713 5150 1889 5213 esset
1944 5142 2284 5237 optimum
2339 5143 2542 5213 simul
2601 5152 2667 5212 et
2721 5142 3001 5213 doctum
3060 5143 3430 5213 Albertum
3482 5140 3767 5228 Kinter,
