4036 6117
1492 484 1682 534 vrrA
1740 488 1791 534 s.
1853 485 2199 536 nursam
3186 463 3310 530 491

297 611 574 682 peccata
609 603 1182 681 constringuntur,
1221 612 1609 682 peccatores
1643 614 1985 666 vocantur.
2026 607 2114 666 Ex
2147 606 2392 683 quibus
2430 610 2649 665 tamen
2682 603 2857 664 Deus
2908 603 3232 678 plurimos
3264 603 3383 664 eli-

294 729 483 786 gensn
522 713 868 772 columnas
917 713 1086 771 coeli
1122 713 1381 786 statuit,
1418 729 1567 772 cum
1604 713 2132 788 superfluitatem
2173 719 2595 787 peccatorum
2632 711 3028 787 poenitendo
3063 717 3132 771 et
3160 726 3385 771 emen·

294 817 513 875 dando
562 817 988 876 erubescunt.
1024 816 1148 887 Qui
1197 832 1354 876 vero
1391 832 1508 892 per
1557 818 1965 892 spiraculum
2014 818 2193 875 vitae
2242 831 2311 876 se
2347 815 2806 889 intelligibiles
2842 814 3160 889 sentiunt,
3198 819 3266 874 et
3298 814 3380 873 ad

299 922 532 983 bonam
588 926 937 985 scientiam
973 942 1046 985 se
1084 926 1476 984 inclinantes
1513 926 1756 983 malam
1795 924 2080 999 fugiunt.
2119 923 2185 981 hi
2222 928 2487 981 terreno
2523 920 2792 979 saeculo
2829 919 3123 993 alienati,
3163 925 3381 978 mente

297 1027 360 1085 in
396 1030 583 1087 coelo
633 1037 809 1103 sunt,
847 1046 925 1088 ac
975 1030 1230 1104 angelis
1271 1030 1713 1090 associantur.
1758 1029 2240 1103 Praedictaque
2276 1025 2655 1101 coagulatio
2690 1040 2769 1083 ex
2805 1026 3067 1084 terreno
3101 1038 3381 1099 corpore

297 1132 548 1190 sudans
595 1135 796 1193 etiam
836 1135 1199 1193 secundum
1250 1133 1518 1192 modum
1554 1138 1776 1192 terrae
1825 1138 1952 1204 est,
2005 1132 2163 1208 quia
2212 1137 2395 1190 terra
2443 1129 2772 1206 quaedam
2823 1134 3047 1188 tantae
3092 1128 3383 1188 duritiae

292 1242 428 1303 est,
467 1239 641 1312 quod
679 1255 797 1314 per
830 1241 1084 1299 nullum
1122 1241 1416 1300 laborem
1455 1240 1744 1298 fructum
1781 1239 2083 1313 proferre
2118 1245 2370 1315 potest;
2409 1238 2736 1314 quaedam
2772 1253 2932 1296 vero
2980 1236 3169 1296 duris
3203 1234 3388 1294 labo-

298 1342 485 1399 ribus
536 1343 717 1402 culta
767 1344 869 1402 vix
924 1344 1183 1420 aliquos
1236 1344 1494 1404 fructus
1543 1344 1830 1419 profert;
1892 1343 2218 1419 quaedam
2270 1346 2491 1403 autem
2544 1349 2678 1401 tam
2730 1342 2951 1401 mollis
2998 1346 3066 1400 et
3113 1337 3386 1399 humida

292 1449 420 1510 est,
475 1443 650 1518 quod
686 1453 912 1505 aratro
968 1429 1160 1506 facile
1194 1462 1455 1521 eversa,
1505 1448 1867 1522 plurimum
1922 1445 2210 1505 fructum
2260 1445 2474 1505 affert.
2526 1446 2603 1504 Et
2652 1446 2966 1521 quoniam
3015 1443 3215 1504 homo
3262 1460 3382 1520 per

298 1545 709 1608 intellectum
760 1550 935 1625 quod
986 1551 1111 1609 sibi
1164 1566 1370 1609 suave
1423 1551 1525 1609 vel
1575 1567 1872 1609 amarum
1912 1551 2024 1622 sit,
2079 1551 2413 1625 intelligit,
2453 1552 2508 1609 si
2561 1551 2626 1608 in
2663 1550 2834 1608 bona
2883 1548 3166 1608 scientia
3213 1564 3383 1624 opus

297 1649 683 1711 refectionis
734 1654 1033 1727 elegerit,
1070 1654 1356 1729 Spiritus
1399 1654 1677 1714 Sanctus
1712 1655 2153 1730 viriditatem,
2207 1660 2281 1713 ut
2317 1655 2487 1713 idern
2524 1671 2692 1730 opus
2727 1653 3052 1731 perficiat,
3088 1654 3150 1714 ei
3182 1652 3379 1714 dona—

295 1752 411 1813 bit.
464 1753 527 1813 Si
579 1770 738 1816 vero
790 1764 1069 1816 mortem
1124 1759 1187 1817 in
1239 1760 1535 1833 peccatis
1585 1759 2136 1834 apprehenderit,
2188 1760 2448 1835 primus
2497 1758 2836 1833 deceptor,
2888 1758 3001 1834 qui
3052 1758 3117 1816 in
3165 1756 3380 1832 primo

295 1866 449 1917 ortu
501 1860 681 1919 illius
718 1868 1062 1936 peccatum
1116 1864 1585 1937 succendebat,
1624 1870 1904 1922 mortem
1945 1864 2157 1939 ipsius
2191 1863 2394 1922 afflat.
2444 1863 2524 1921 Et
2558 1864 2733 1922 sicut
2773 1861 3062 1938 Spiritus
3098 1861 3380 1922 Sanctus

298 1963 707 2022 viriditatem
757 1967 1070 2026 coelestis
1103 1967 1419 2027 desiderii
1467 1968 1630 2027 illud
1665 1968 2101 2042 diligentibus
2150 1968 2429 2040 confert,
2468 1973 2534 2027 et
2569 1974 2641 2027 ut
2673 1974 2899 2026 aratro
2933 1967 3381 2043 poenitentiae

296 2069 544 2126 multos
592 2076 978 2144 peccatores
1014 2073 1365 2136 convertit.
1418 2079 1748 2148 quatenus
1784 2072 1861 2130 ad
1915 2074 2206 2132 coeleste
2251 2087 2528 2158 regnum
2571 2072 2982 2147 perveniant;
3037 2071 3129 2130 ita
3178 2071 3379 2131 etiam

296 2174 628 2246 malignus
679 2176 960 2250 spiritus
994 2177 1371 2252 perniciosa
1420 2178 1596 2237 mala
1644 2193 1721 2236 ea
1770 2177 2206 2252 diligentibus
2258 2177 2464 2250 inflat,
2513 2175 2829 2252 ipsosque
2880 2175 3267 2235 multotiens
3300 2174 3382 2235 ad

293 2275 832 2351 desperationem
885 2279 1157 2352 inducit,
1196 2287 1528 2355 quatenus
1581 2280 1893 2339 tartareis
1930 2280 2093 2339 locis
2129 2280 2632 2354 immergantur.
2670 2280 2741 2338 In
2776 2278 3085 2338 omnibus
3125 2277 3232 2337 his
3268 2276 3383 2337 ho-

300 2395 403 2438 mo
444 2381 811 2440 mercedem
842 2399 1039 2458 quam
1077 2385 1362 2458 quaerit,
1415 2384 1680 2458 accipit3
1720 2385 1812 2442 ita
1863 2390 1933 2442 ut
1967 2384 2025 2442 si
2061 2384 2267 2442 vitam
2304 2399 2343 2441 a
2376 2382 2508 2441 Deo
2544 2383 2829 2457 quaerit,
2869 2381 2985 2440 illa
3015 2381 3081 2440 ei
3110 2379 3383 2441 donabi-

298 2489 428 2556 tur;
465 2485 520 2542 si
572 2492 794 2544 autem
831 2485 911 2544 ad
965 2488 1309 2546 mortifera
1345 2488 1643 2562 respicit,
1699 2494 1978 2547 mortem
2017 2503 2135 2561 per
2183 2485 2523 2545 sufflatum
2560 2484 2817 2544 Diaboli
2870 2484 3130 2559 recipit.
3166 2481 3379 2543 Homo

301 2595 522 2647 autem
561 2590 1068 2648 sensualitatem
1118 2597 1183 2649 et
1219 2592 1629 2650 intellectum
1668 2592 1731 2650 in
1765 2592 2076 2651 omnibus
2119 2592 2432 2667 operibus
2467 2592 2610 2649 suis
2645 2590 2867 2664 habet,
2905 2592 2973 2649 et
3004 2597 3252 2652 terram
3290 2592 3385 2655 fo·

290 2691 449 2749 dere
500 2708 576 2751 ac
611 2709 838 2751 semen
887 2710 1089 2769 super
1125 2695 1302 2753 illam
1357 2696 1688 2754 seminare
1736 2702 1989 2770 potest,
2043 2696 2219 2771 quod
2267 2698 2484 2754 tamen
2537 2696 2601 2753 in
2637 2700 2816 2754 terra
2851 2702 3186 2755 mortuum
3238 2698 3382 2758 sine

296 2792 514 2852 fructu
545 2795 823 2869 jaceret,
862 2798 918 2854 si
953 2796 1128 2856 Deus
1166 2798 1327 2857 illud
1363 2814 1492 2856 non
1527 2799 1921 2859 vivificaret.
1962 2800 2032 2857 ln
2069 2800 2261 2874 plena
2297 2799 2540 2858 etenim
2579 2804 2705 2858 etc.
2743 2797 2890 2858 edd.
2928 2799 3052 2859 col.
3090 2798 3285 2861 1086.

381 2898 458 2956 Il.
495 2897 770 2968 Quidam
808 2904 1027 2960 autem
1063 2897 1106 2980 ¹)
1146 2903 1210 2960 in
1244 2903 1569 2961 conviviis
1606 2910 2033 2978 peccatorum
2068 2919 2334 2978 semper
2368 2901 2825 2977 convivantes,
2862 2902 2995 2962 Deo
3046 2904 3378 2966 interdum

291 3007 656 3067 secundum
688 3009 1092 3068 voluntatem
1134 3026 1321 3069 suam
1353 3011 1748 3085 promittunt
1781 3011 1956 3087 quod
1994 3011 2391 3087 quandoque
2428 3029 2464 3071 a
2499 3011 2795 3087 peccatis
2832 3010 3236 3088 resipiscere
3271 3027 3384 3073 ve-

293 3115 438 3186 lint,
477 3119 541 3174 et
571 3116 696 3173 iam
730 3117 794 3174 in
831 3116 953 3174 hoc
983 3116 1298 3175 Diabolus
1329 3118 1712 3176 multotiens
1739 3133 1853 3176 eos
1882 3117 2149 3192 decipit:
2190 3117 2280 3176 ita
2315 3117 2489 3191 quod
2542 3115 2966 3190 postmodum
3001 3117 3066 3175 in
3103 3117 3381 3178 lascivia

290 3219 440 3294 plus
493 3222 787 3293 peccant,
826 3235 1025 3294 quain
1075 3221 1130 3277 si
1169 3227 1393 3279 votum
1449 3221 1623 3279 istud
1663 3224 1725 3280 in
1776 3222 1994 3280 animo
2031 3237 2153 3279 suo
2199 3237 2328 3279 non
2365 3219 2705 3292 haberent,
2744 3220 2903 3294 quia
2937 3222 3197 3296 tempus
3230 3238 3383 3298 pec-

290 3324 486 3382 candi
522 3328 588 3382 et
619 3330 884 3399 tempus
920 3329 1191 3399 peccata
1229 3325 1645 3400 relinquendi
1683 3326 1811 3384 sibi
1847 3326 2283 3384 constituunt.
2337 3323 2415 3382 Hi
2454 3339 2739 3399 namque
2774 3325 3034 3399 tempus
3068 3341 3199 3400 quo
3233 3342 3386 3402 pec-

288 3442 445 3485 care
480 3427 827 3502 desistant,
869 3429 933 3487 in
964 3429 1260 3488 moribus
1297 3430 1437 3488 suis
1472 3430 1853 3503 disponunt,
1886 3445 1963 3488 ac
2000 3430 2265 3488 interim
2302 3430 2615 3504 graviora
2649 3434 2924 3503 peccata
2959 3447 3155 3505 quam
3195 3432 3380 3507 prius

292 3533 739 3607 peccaverint,
769 3533 1216 3604 committunt,
1247 3549 1324 3591 ac
1352 3534 1450 3591 sic
1478 3533 1952 3608 proprietatem
2009 3534 2374 3608 voluptatis
2411 3550 2571 3591 suae
2607 3550 2725 3608 pro
2761 3531 2894 3591 Deo
2922 3534 3191 3611 habent;
3222 3538 3385 3597 etin

291 3638 629 3695 suavitate
667 3637 792 3696 ista
827 3654 943 3711 per
990 3637 1336 3697 Diabolum
1373 3638 1820 3713 decipiuntur,
1873 3655 2023 3696 cum
2074 3639 2172 3696 eis
2224 3638 2509 3698 infundit
2557 3640 2734 3716 quod
2783 3641 3005 3701 omnia
3053 3658 3225 3718 quae
3272 3644 3385 3705 de-

292 3743 615 3808 siderant,
669 3743 1028 3800 secundum
1069 3745 1444 3802 voluntates
1497 3758 1655 3801 suas
1693 3741 1970 3816 faciant,
2024 3743 2337 3818 quoniam
2375 3758 2494 3818 per
2541 3744 2742 3803 breve
2779 3750 3042 3823 tempus
3081 3748 3231 3808 illas
3268 3749 3383 3809 ha-

293 3849 498 3907 bituri
550 3854 723 3907 sunt.
760 3849 932 3908 Istos
983 3848 1271 3924 Spiritus
1307 3849 1419 3907 Dei
1470 3849 1915 3924 praeviderat,
1964 3850 2073 3907 ubi
2126 3849 2413 3922 dicebat,
2467 3852 2778 3926 quoniam
2830 3870 3055 3911 omnes
3090 3854 3186 3913 dii
3233 3874 3387 3932 qen-

295 3958 464 4015 tium
501 3954 868 4028 daemonia,
917 3952 967 4033 ²)
1006 3957 1160 4029 quia
1198 3956 1370 4014 sicut
1419 3961 1652 4030 gentes
1704 3953 1982 4014 sormam
2037 3972 2234 4030 quam
2288 3956 2597 4014 manibus
2646 3956 2791 4013 suis
2843 3954 3133 4030 faciunt,
3187 3957 3385 4017 deum

297 4067 562 4132 vocant,
601 4061 698 4119 sic
730 4067 798 4120 et
833 4062 943 4120 isti
981 4062 1390 4120 voluntatem
1425 4078 1615 4120 suain
1665 4062 1859 4120 deum
1908 4062 2348 4134 constituunt,
2401 4078 2603 4136 quum
2657 4062 3099 4137 sibimetipsis
3146 4080 3389 4141 propo-

295 4170 463 4223 nunt
513 4162 731 4222 facere
766 4181 965 4239 posse
1015 4165 1188 4240 quod
1225 4165 1476 4237 volunt,
1531 4170 1602 4223 ut
1636 4165 1840 4224 etiam
1876 4166 2192 4240 antiquus
2228 4180 2502 4239 serpens
2533 4164 2817 4224 dicebat:
2856 4165 2932 4224 In
2972 4185 3385 4246 quacumque

296 4271 406 4329 die
454 4274 893 4343 comederitis,
945 4278 1129 4334 eritis
1181 4278 1345 4334 sicut
1397 4276 1520 4347 dii.;
1567 4268 1616 4351 ³)
1669 4275 1984 4350 quoniam
2039 4275 2101 4333 in
2153 4274 2374 4349 seipso
2426 4271 2894 4349 computabat,
2946 4275 3122 4350 quod
3189 4274 3385 4336 homo

298 4378 620 4453 perficere
667 4384 898 4455 posset
932 4380 1251 4457 quidquid
1304 4397 1422 4457 per
1457 4387 1722 4456 gustum
1760 4380 1980 4440 carnis
2021 4381 2080 4439 in
2115 4380 2450 4439 desiderio
2487 4397 2607 4440 suo
2644 4380 2939 4441 haberet.
2976 4380 3082 4440 Sic
3118 4398 3385 4461 quoque

289 4498 449 4542 cum
501 4485 867 4558 gloriosum
905 4486 1219 4545 honorem
1273 4502 1467 4543 sunm
1509 4486 1822 4561 inspexit,
1876 4485 1939 4543 in
1977 4486 2337 4559 semetipso
2388 4485 2793 4558 aestimavit,
2846 4485 3023 4561 quod
3066 4487 3392 4561 perticere

299 4598 532 4665 posset
582 4589 757 4664 quod
793 4592 1022 4650 voluit.
1073 4592 1151 4650 Et
1185 4592 1340 4665 quia
1389 4590 1564 4650 Deus
1601 4592 2113 4664 perversitatem
2164 4590 2530 4648 voluntatis
2565 4589 2711 4664 ejus
2761 4591 3100 4666 contrivit,
3141 4592 3393 4653 idcirco

303 4693 447 4768 ipse
497 4692 699 4753 Deum
738 4711 813 4752 ac
863 4696 1082 4753 omnia
1118 4712 1318 4771 opera
1370 4702 1432 4753 et
1468 4694 1638 4753 dona
1688 4695 1833 4769 eJus
1883 4695 2033 4753 odio
2084 4694 2302 4753 habet.
2342 4695 2411 4753 In
2464 4694 2591 4753 isto
2643 4696 2863 4754 autem
2916 4695 3066 4755 odio
3117 4700 3387 4757 omnino

306 4784 712 4855 obcoecatus
746 4803 871 4869 est,
911 4799 1003 4855 ita
1038 4798 1210 4873 quod
1249 4799 1580 4857 veraciter
1629 4800 1800 4857 scire
1835 4814 1963 4856 non
1999 4798 2176 4857 valet
2211 4797 2383 4874 quod
2423 4798 2757 4859 hominem
2792 4799 3081 4875 amplius
3125 4801 3389 4861 laedere

304 4917 435 4961 non
483 4904 724 4976 potest,
763 4903 890 4960 nisi
942 4910 1262 4977 quantum
1299 4904 1473 4962 Deus
1526 4904 1712 4963 illum
1749 4904 2096 4979 permittit.
2148 4903 2225 4961 Et
2263 4904 2326 4962 in
2378 4903 2501 4963 hac
2536 4904 2764 4963 eadem
2819 4905 3143 4965 coecitate
3194 4907 3388 4965 mira-

301 5008 456 5067 cula
504 5007 938 5069 humanitatis
973 5009 1119 5067 Filii
1154 5009 1268 5067 Dei
1305 5009 1587 5083 pleniter
1631 5025 1759 5067 non
1794 5009 2160 5085 cognoscin
2215 5011 2329 5069 sed
2365 5026 2442 5069 ea
2480 5012 2543 5070 in
2578 5012 2780 5070 dubio
2817 5010 3037 5079 habet,
3079 5013 3391 5086 quoniam

383 5176 423 5243 ¹)
451 5176 581 5233 eod.
616 5178 709 5236 sol.
748 5184 867 5245 153.
898 5181 1002 5236 col.
1036 5184 1083 5235 4.
1125 5212 1176 5219 —-
1208 5182 1257 5244 ²)
1298 5181 1382 5234 ps,
1416 5177 1586 5242 XCV.
1617 5186 1667 5235 5.
1703 5213 1764 5219 --
1794 5180 1838 5247 ³)
1865 5180 2001 5236 Gen.
2036 5179 2140 5241 ΙΙΙ.
2168 5185 2217 5235 5.
