4036 6117
1571 494 2083 544 EPISTOLAE.
3186 489 3319 550 587

287 596 336 651 Ο
367 596 600 667 nuptiae
626 598 939 664 mirabiles.
1982 612 2321 684 Quibusque
2346 631 2469 671 com
2552 616 2731 673 tentia

358 668 430 722 Et
458 668 517 722 in
544 676 839 726 aeternum
865 673 1120 738 stabiles,
1985 684 2195 739 Libens
2220 685 2409 741 reddit
2434 632 2633 744 offitia.

356 739 606 804 Quarum
636 741 850 797 dotales
879 745 1105 800 tabulae
1912 755 2131 827 Sponso
2158 762 2307 811 astat
2332 763 2397 812 ut
2424 758 2664 821 amicus.

355 808 555 879 Sponsi
585 813 919 868 scribuntur
945 816 1239 884 sanguine!
1987 826 2060 880 Et
2087 825 2154 879 ad
2185 841 2375 882 vocem
2404 829 2610 897 gaudet
2636 829 2781 900 ejus;

354 881 478 946 Quo
506 881 677 936 etiam
744 891 865 940 acta
897 886 1027 941 novi
1990 897 2238 967 Sponsae
2265 898 2443 953 servit
2468 904 2534 954 ut
2557 899 2840 963 dominae.

358 951 642 1005 Annotata
715 956 1041 1020 estamenti‚
1987 967 2062 1023 Et
2092 974 2154 1021 ut
2185 969 2352 1024 matri
2378 984 2605 1041 quoque
2632 987 2788 1033 suam

358 1019 628 1077 Caelestis
658 1025 813 1094 regni
844 1026 1053 1083 solidos
1985 1037 2241 1104 Quorum
2268 1053 2412 1109 quae
2437 1045 2624 1095 servat
2649 1056 2883 1097 munera

359 1091 643 1148 Haeredes
667 1098 966 1153 confirmat
996 1098 1147 1161 illos.
1989 1108 2113 1163 Non
2139 1116 2376 1192 usurpat
2404 1115 2468 1165 ut
2496 1113 2746 1182 propria.

356 1162 464 1227 Qui
496 1178 596 1219 nec
625 1167 818 1229 maris,
847 1184 948 1225 nec
977 1168 1222 1229 feminae
1986 1178 2100 1234 Nec
2128 1178 2187 1233 in
2218 1179 2336 1235 illis
2363 1196 2633 1252 umquam
2661 1197 2852 1245 suum.

359 1231 736 1290 Procreantur
763 1240 989 1311 volupta
1001 1247 1075 1305 te,
1986 1248 2096 1304 Sed
2125 1249 2375 1321 ipsorum
2401 1254 2626 1322 quaerit
2652 1255 2896 1310 lucrum.

359 1302 465 1357 Sed
497 1306 779 1377 baptismo
807 1313 1084 1377 renovati,
1916 1317 2056 1375 Nam
2083 1336 2113 1375 a
2143 1337 2347 1393 sponso
2373 1339 2608 1395 sponsae
2632 1325 2872 1382 missum

362 1372 461 1428 Dei
491 1376 639 1431 liunt
665 1380 938 1451 adoptivi.

1989 1391 2166 1463 Saepe
2191 1399 2574 1451 remonstrans
2600 1398 2899 1458 annulum.

288 1442 486 1500 Sciens
509 1446 792 1506 Martinus
821 1451 1063 1507 maxima

1992 1460 2159 1519 Hanc
2186 1464 2252 1518 ad
2281 1480 2526 1520 amorem
2558 1466 2786 1530 incitat.

363 1515 425 1568 ln
457 1516 545 1572 his
571 1525 720 1576 stare
747 1531 1096 1580 sacramenta
1987 1533 2062 1587 Et
2089 1532 2148 1587 in
2176 1534 2285 1590 fide
2310 1538 2657 1593 corroborat:

359 1585 598 1656 Sponso,
627 1605 863 1663 sponsae
889 1599 948 1649 et
974 1594 1110 1651 filiis
1991 1603 2212 1659 Horum
2239 1621 2465 1677 quoque
2491 1624 2590 1680 pro
2618 1606 2757 1663 filiis

359 1655 470 1721 Qui
501 1670 878 1731 propagantur
902 1682 971 1719 ex
998 1664 1103 1730 eis,
1986 1673 2071 1728 Ad
2101 1677 2343 1732 salutem
2372 1677 2706 1747 dirigendis,

359 1726 529 1783 Omni
559 1747 688 1787 cum
714 1734 1035 1803 diligentia.
1987 1744 2190 1803 Omnis
2220 1748 2519 1819 pastoralis
2547 1748 2737 1817 virgae

360 1796 645 1870 Omnique
671 1805 986 1860 reverentia
1042 1843 1054 1855 .
1982 1814 2167 1888 Typos
2193 1824 2417 1875 exercet
2442 1835 2627 1891 opere.

1379 1978 1683 2039 INCIPIT
1729 1978 1940 2040 PARS
1988 1982 2289 2045 TERTIA

364 2134 432 2189 In
456 2153 570 2209 qua
593 2142 903 2210 specialiter
939 2148 1082 2200 inter
1092 2146 1344 2218 plurima
1378 2152 1815 2206 commendantur
1838 2154 1967 2208 ista.-
1989 2157 2180 2226 qratia
2354 2156 2577 2218 hetaliu
2611 2160 2915 2214 auctoritas
2950 2157 3212 2213 adversus
3240 2174 3392 2230 reyes

288 2209 341 2259 et
362 2214 593 2262 caeteros
615 2218 916 2283 magmate&
952 2220 1302 2273 mansuetudo
1326 2221 1401 2274 ad
1425 2220 1680 2282 humiles:
1707 2225 1979 2294 sapientia
2020 2228 2080 2280 in
2103 2242 2198 2280 ver
2246 2230 2257 2241 '
2285 2267 2301 2288 ,
2337 2228 2403 2281 de
2426 2227 2584 2282 rebus
2618 2232 2782 2284 etiam
2807 2230 3055 2288 minutis:
3091 2233 3385 2300 temperan-

293 2278 376 2329 tia
402 2279 463 2331 in
723 2286 781 2342 's;
815 2290 1120 2341 constantia
1147 2290 1208 2342 in
1231 2290 1502 2350 adversis:
1541 2291 1689 2347 zelus
1713 2295 1775 2347 in
1799 2294 2156 2351 destructione
2182 2298 2496 2359 idolatriae;
2525 2299 2736 2354 devotio
2772 2302 2834 2354 in
2851 2300 3214 2382 propagando
3236 2299 3387 2355 cuttu

288 2346 422 2415 fidei
455 2296 815 2411 ciiristianae:
849 2356 1077 2411 claritas
1089 2363 1369 2441 potentiae
1393 2366 1443 2415 et
1478 2362 1703 2433 diffusio
1739 2367 2091 2435 sempiternae
2125 2371 2410 2423 memoriae
2440 2372 2586 2438 ejus:
2620 2369 2875 2440 splendor
2896 2375 2947 2425 et
2982 2370 3237 2425 soliditas
3260 2371 3390 2427 reli-

287 2419 475 2486 gionis
498 2419 737 2492 Maioris
772 2423 1097 2482 Monosterit
1122 2432 1269 2499 quod
1292 2432 1581 2501 fundavit;
1617 2434 1879 2489 nobilitas
1902 2440 1952 2490 et
1977 2437 2212 2493 divitiae
2246 2439 2496 2493 ecclesiae
2521 2438 2709 2494 Castri
2734 2438 2901 2503 Novi,
2940 2444 3001 2495 in
3025 2456 3141 2511 qua
3175 2444 3387 2512 requie·

287 2490 412 2545 scit‚·
437 2491 614 2545 virtus
637 2498 685 2547 et
706 2493 985 2550 celebritas
1010 2499 1286 2569 sepulchri
1305 2505 1503 2574 ipsius:
1527 2507 1847 2560 ostensiones
1871 2510 1992 2577 ejus
2013 2507 2320 2578 frequentes
2345 2512 2407 2565 in
2425 2511 2573 2581 igne,
2601 2515 2651 2565 et
2669 2511 2811 2581 quid
2832 2513 2987 2582 signi
3055 2515 3168 2570 ent,-
3192 2514 3384 2565 trium·

283 2557 430 2629 plius
448 2560 514 2615 de
535 2561 710 2619 Danis
730 2572 786 2618 et
818 2564 1036 2625 Suedis:
1055 2571 1345 2627 translatio
1366 2576 1426 2628 in
1449 2573 1837 2646 Burqundiam
1853 2581 1903 2630 et
1920 2576 2119 2633 relatio
2138 2582 2466 2635 sanctissimi
2482 2584 2731 2653 corporis
2747 2584 2870 2652 ejus
2896 2584 2959 2638 in
3029 2584 3303 2637 uraniam.
3333 2582 3376 2620 ¹⁸

288 2633 524 2700 utraque
547 2639 849 2690 nannet-osis
871 2642 920 2692 et
945 2641 1256 2710 ingentibus
1278 2643 1525 2715 alos-iasa
1546 2647 1841 2718 prodigiis.

857 2802 1408 2868 Praeeminentia
1452 2812 1525 2869 in
1574 2814 1952 2887 operatione
2003 2816 2341 2892 siynorum
2388 2818 2818 2876 exteriorum.

288 2967 410 3022 Jam
441 2966 619 3038 ipsius
645 2971 962 3029 extrinseca
1986 2987 2161 3042 Juxta
2191 2987 2377 3043 locum
2406 2987 2686 3057 passionis

365 3040 757 3110 Proponantur
783 3044 1076 3110 miracula.
1987 3056 2311 3114 Thebaidae
2340 3056 2601 3127 legionis,

360 3110 583 3176 Quibus
611 3111 775 3170 fulsit
800 3131 932 3188 prae
958 3118 1223 3175 omnibus
1987 3128 2122 3184 Solo
2148 3128 2350 3184 defixis
2376 3129 2638 3198 genibus.

362 3182 614 3248 Quorum
644 3193 798 3253 gesta
823 3188 1201 3260 comperimus
1206 3235 1338 3248 ......
1367 3194 1413 3259 ²)
1989 3198 2127 3255 Polo
2153 3200 2427 3271 porrectis
2453 3199 2740 3261 manibus,

367 3253 438 3307 Et
466 3270 497 3307 o
525 3254 732 3310 mirum
760 3258 1056 3330 replicatu!
1987 3268 2137 3325 Ante
2164 3275 2250 3325 tot
2278 3285 2454 3326 annos
2482 3275 2794 3342 martyrum

367 3323 504 3393 Ejus
530 3341 755 3397 quoque
779 3330 1124 3412 supplicatu,
1988 3340 2338 3412 Absorptum
2373 3347 2514 3395 terra
2544 3341 2875 3411 sanguinem

366 3393 535 3449 Terra
564 3397 830 3456 redditae
855 3417 902 3455 si
934 3418 1139 3458 novum
1989 3410 2309 3467 Refundere
2336 3412 2687 3481 gramineum

369 3464 635 3522 Cruorem
661 3469 797 3524 olim
828 3471 1098 3531 bibitum.
1990 3480 2155 3551 Cogit
2181 3483 2253 3537 ab
2279 3483 2413 3538 imis
2439 3483 2731 3554 cespitem:

371 3535 506 3590 Nam
534 3555 564 3591 a
590 3539 765 3595 Roma
793 3543 1132 3612 regrediens,
1993 3551 2074 3607 De
2099 3569 2213 3624 quo
2240 3560 2367 3626 post
2394 3554 2513 3625 ipse
2540 3554 2816 3626 plurimas

367 3606 437 3660 Et
465 3608 764 3675 Agaunum
791 3615 1147 3686 perveniens.
1989 3621 2350 3680 Consecravit
2374 3625 2661 3688 ecclesias.

369 3677 512 3733 Dum
544 3682 665 3737 vult
694 3698 881 3741 secum
909 3687 1228 3744 certissima
1990 3694 2200 3750 Eorum
2227 3696 2406 3753 claras
2435 3695 2662 3752 nomine

368 3747 701 3808 Sanctorum
734 3753 880 3812 ferre
906 3757 1164 3827 pignora,
1989 3764 2242 3831 Quorum
2272 3766 2549 3823 micarent
2574 3767 2938 3838 sanguinem.

578 3919 906 3996 Splendor
953 3929 1013 3983 et
1065 3926 1363 3986 soliditas
1409 3929 1750 4007 reliqionis
1800 3930 2069 4007 Majoris
2121 3935 2505 3994 Monasterii
2553 3935 2726 4011 quod
2771 3935 3105 4011 fundavit.

294 4085 449 4152 Quae
475 4088 678 4146 civitas
708 4097 821 4148 tam
847 4095 990 4151 ditia
1983 4105 2035 4158 Α
2064 4104 2315 4159 tumultu
2344 4104 2600 4177 populari

369 4159 491 4212 Duo
520 4160 690 4217 simul
719 4165 926 4235 palatia
1987 4173 2203 4244 Optans
2232 4175 2352 4231 illic
2382 4174 2596 4238 feriari.

367 4230 647 4288 Titulavit
676 4236 775 4290 uni
798 4242 1012 4300 sancto.
1986 4244 2125 4298 Nam
2153 4251 2402 4302 secretus
2428 4252 2549 4302 erat
2575 4248 2752 4309 locus,

368 4301 514 4357 Urbs
539 4303 781 4362 Turonis
808 4314 873 4363 ut
897 4308 1177 4366 Mar-tino?
1989 4313 2307 4371 Heremitis
2336 4322 2554 4373 tantum
2583 4322 2771 4401 aptus..

371 4372 524 4429 Hinc
550 4375 733 4448 Majus
760 4379 1166 4436 Monasterium
1990 4383 2147 4442 Hinc
2173 4386 2302 4442 sinu
2330 4389 2553 4444 cinctus
2578 4390 2817 4458 Ligeris,

367 4442 448 4496 Ad
477 4445 768 4505 Orientem
799 4451 1069 4522 positum.
1989 4454 2143 4513 Hinc
2169 4459 2398 4529 objectu
2426 4460 2651 4515 clausus
2678 4459 2891 4515 montis

369 4515 581 4572 Fovens
610 4519 666 4574 in
694 4538 752 4577 se
778 4522 1035 4592 florigera
1988 4526 2110 4583 Una
2142 4533 2357 4585 tantum
2388 4536 2446 4587 et
2473 4531 2576 4586 hac
2602 4536 2754 4587 arcta

368 4585 768 4647 monachorum
797 4594 1080 4658 examina,
1988 4597 2151 4654 Adiri
2181 4606 2401 4672 poterat
2431 4601 2540 4664 via,

369 4657 573 4726 Longe.
604 4664 824 4734 lateque
852 4667 1166 4735 cognitum,
1988 4667 2321 4742 spiritualis
2347 4672 2453 4727 otii

366 4726 549 4799 Caput
574 4736 789 4790 attollit
815 4737 1196 4807 splendidum.
1988 4740 2225 4798 Amicus
2251 4749 2307 4797 et
2335 4743 2575 4800 silentii.

367 4798 502 4853 Tam
531 4806 714 4875 majus
740 4812 945 4862 cuncto
971 4808 1169 4865 ordine
1918 4812 1998 4867 De
2022 4826 2135 4881 quo
2163 4813 2428 4870 videlicet
2454 4816 2576 4871 loco
2650 4885 2662 4898 ⁸
2899 4885 2911 4898 ·

368 4870 546 4935 Quam
575 4876 657 4931 sic
682 4877 899 4934 dictum
927 4884 983 4933 et
1012 4880 1259 4936 nomine.
1991 4883 2134 4937 Dum
2163 4886 2489 4956 comprobat
2517 4885 2575 4941 in
2604 4888 2695 4941 his
2720 4892 2944 4941 cunctis

298 4936 421 4996 Hoc
448 4942 710 5003 fundavit
736 4951 823 5003 vir
850 4951 1069 5013 beatus,
1991 4953 2157 5009 Viros
2183 4971 2302 5012 esse
2328 4973 2386 5011 se
2414 4957 2668 5018 virtutis,

371 5012 490 5069 Iam
525 5018 779 5089 pontifex
807 5021 1107 5086 infulatus,
1991 5024 2052 5080 Si
2079 5024 2180 5096 qui
2212 5028 2617 5084 transcendunt
2643 5025 2869 5098 opibus.

371 5176 410 5242 ¹)
438 5177 565 5233 Cod.
605 5176 863 5236 Tur-onia.
903 5215 963 5222 —-
989 5184 1034 5246 ²)
1067 5181 1177 5239 Hic
1207 5184 1366 5255 plura
1399 5184 1454 5238 in
1482 5184 1602 5241 eod.
1640 5184 1883 5242 abscissa
1912 5188 2043 5241 sun*
