4036 6117
776 466 907 528 5‘28
1933 486 1984 532 s,
2040 488 2578 539 HanEGARDIS

702 604 913 678 niore,
965 608 1156 679 patre
1188 608 1440 678 vestro,
1492 619 1689 680 quem
1726 606 2061 680 vigentem
2103 609 2475 685 reliquistis
2509 613 2653 670 sine
2690 612 3031 673 voluntate
3067 614 3303 689 ipsius,
3344 616 3524 675 sicut
3557 616 3774 676 simili·

705 708 864 769 tudo
916 707 982 768 in
1013 708 1220 767 David
1273 709 1630 783 invenitur,
1681 710 1788 769 cui
1839 710 2090 787 Abisag
2138 711 2503 774 Sunamitis
2552 714 2864 792 adjuncta
2912 721 3016 777 est
3065 719 3306 778 munda
3355 722 3770 789 necessitate,

700 833 903 895 quam
936 822 1171 893 postea
1206 816 1382 877 filius
1417 818 1560 892 eJus
1594 818 1885 879 Adonias
1930 820 2195 895 petivit,
2233 821 2349 880 sed
2386 839 2424 881 a
2460 823 2760 897 sapiente
2808 824 3157 885 Salomone
3199 827 3432 901 jussus
3482 833 3592 887 est
3621 827 3775 885 occi·

694 922 782 984 di.
817 922 1059 983 Audite
1086 937 1265 997 ergo:
1295 922 1542 981 seniori
1580 924 1754 998 patri
1791 930 2017 982 vestro
2048 924 2294 998 Abisag
2328 926 2714 999 sunamitis,
2752 928 3035 1002 pulchra
3064 929 3325 988 scilicet
3358 930 3772 1006 congregatio

701 1025 1016 1103 adjuncta
1065 1027 1196 1095 est,
1233 1041 1434 1101 quam
1469 1028 1701 1101 postea
1734 1026 1912 1087 filius
1965 1028 2180 1102 ipsius
2213 1029 2474 1103 petivit,
2511 1032 2577 1090 et
2604 1029 2930 1106 judicium
2972 1030 3088 1091 Dei
3124 1048 3327 1107 super
3362 1033 3549 1092 illum
3586 1034 3770 1092 venit.

702 1129 826 1190 Sed
874 1130 1008 1189 Deo
1042 1146 1173 1190 non
1220 1129 1555 1206 displicet,
1594 1136 1666 1190 ut
1712 1131 1937 1191 senior
1972 1135 2161 1207 pater
2195 1140 2423 1192 vester
2455 1132 2863 1195 Sunamitem
2902 1151 3092 1195 suam
3130 1136 3193 1195 in
3227 1137 3650 1211 amplexione
3679 1135 3780 1195 ha-

703 1235 880 1309 beat,
931 1250 1082 1294 cum
1120 1233 1216 1293 illi
1267 1235 1447 1293 vires
1482 1234 1870 1308 defecerint,
1912 1237 2004 1296 ita
2040 1235 2212 1311 quod
2250 1230 2467 1321 [cum]
2503 1239 2567 1298 in
2600 1240 2710 1298 via
2745 1241 3172 1301 necessitatis
3208 1242 3306 1301 ire
3355 1258 3481 1301 non
3515 1242 3773 1316 poterit,

705 1343 854 1402 viro
889 1342 1176 1418 sapienti
1214 1356 1290 1400 ac
1327 1342 1473 1400 utili
1508 1357 1655 1400 eam
1692 1343 2136 1416 commendet,
2173 1344 2330 1420 quia
2363 1344 2541 1404 Deus
2576 1361 2811 1420 preces
2844 1348 3157 1423 pauperis
3189 1364 3320 1409 non
3352 1348 3631 1425 spernit.

2209 1551 2273 1613 L.

1508 1758 1874 1824 Wezzelino
1910 1764 2076 1824 laico
2111 1764 2189 1823 de
2229 1763 2499 1841 Ber-qun
2533 1763 2976 1843 HildeyardiS.

772 1963 837 2025 ln
864 1961 1130 2041 parabola
1157 1964 1343 2029 vallis.
1373 1962 1613 2028 montis.
1641 1965 1834 2021 avium
1860 1971 1917 2022 et
1943 1965 2123 2039 patris
2150 1965 2397 2023 familias
2423 1967 2847 2024 conversionem
2877 1966 3121 2025 involvit
3145 1969 3475 2042 peccatoris.

787 2102 861 2168 In
905 2122 1070 2168 vera
1101 2106 1361 2166 visione
1410 2103 1575 2166 haec
1610 2106 1771 2181 vidi,
1823 2108 1999 2167 audi:
2051 2107 2414 2179 Quemdam
2465 2110 2799 2171 hominem
2853 2112 2918 2170 in
2960 2112 3135 2172 valle
3180 2111 3526 2187 cujusdam
3563 2107 3777 2185 magni

697 2212 943 2273 montis
990 2210 1185 2271 video
1219 2216 1530 2286 stantem,
1581 2211 1696 2286 qui
1731 2211 2071 2286 optionem
2123 2214 2187 2272 in
2220 2219 2421 2289 gustu
2472 2214 2733 2274 animae
2767 2231 2930 2275 suae
2980 2215 3198 2276 habet.
3247 2216 3326 2276 Et
3361 2215 3534 2275 idem
3588 2215 3775 2274 bomo

694 2315 905 2376 mittit
937 2314 1275 2391 optionem
1308 2330 1510 2391 quam
1548 2313 1748 2374 habet
1785 2315 1852 2375 in
1886 2317 2309 2377 altitudinem
2347 2316 2487 2393 (fol.
2524 2317 2638 2396 38)
2677 2318 2978 2394 ejusdem
3012 2321 3289 2394 montis,
3324 2326 3391 2379 et
3424 2335 3542 2380 aer
3576 2319 3778 2396 ipsius

696 2420 944 2481 montis
999 2417 1337 2494 optionem
1397 2418 1583 2478 illam
1641 2419 1964 2495 suscipit,
2028 2420 2119 2479 ita
2175 2420 2353 2496 quod
2403 2421 2554 2481 inde
2615 2423 2880 2497 igneum
2931 2422 3225 2482 calorem
3281 2422 3559 2497 accipit,
3614 2422 3779 2480 sicut

693 2529 938 2601 oleum,
989 2525 1165 2603 quod
1200 2526 1284 2586 ab
1336 2526 1485 2602 igne
1519 2526 1932 2587 accenditur.
1985 2525 2110 2586 Sed
2146 2508 2430 2588 mundae
2468 2545 2652 2603 aveS,
2689 2544 2862 2605 quae
2894 2530 2978 2590 ab
3013 2529 3373 2589 immundis
3407 2528 3653 2589 avibus
3686 2543 3779 2587 se·

695 2641 975 2714 paratae
1024 2639 1203 2706 sunt,
1243 2635 1551 2708 veniunt,
1604 2640 1672 2693 et
1707 2649 1932 2693 aerem
1986 2634 2173 2693 illum
2211 2635 2276 2694 in
2309 2635 2455 2695 alas
2490 2653 2648 2696 suas
2683 2637 3082 2712 suscipiunt,
3118 2652 3195 2696 ac
3233 2637 3383 2697 inde
3416 2636 3675 2695 celeres
3720 2633 3779 2691 in

695 2742 928 2802 volatu
987 2756 1110 2801 suo
1160 2741 1346 2800 flunt.
1405 2739 1591 2810 Quod
1640 2738 2106 2798 nobilissimus
2163 2745 2355 2813 pater
2406 2737 2698 2801 familias
2754 2741 2992 2801 videns
3040 2742 3221 2802 dicit:
3279 2741 3462 2801 Unde
3511 2737 3779 2799 venitis?

691 2849 874 2921 Quae
922 2845 1347 2922 respondent:
1383 2844 1666 2915 Quidam
1716 2843 1976 2903 alienus
2010 2844 2211 2904 homo
2262 2844 2327 2904 in
2360 2845 2538 2905 valle
2586 2840 2832 2906 montis
2868 2852 3080 2921 stans,
3116 2846 3604 2906 suavissimum
3636 2858 3780 2903 ven·

693 2953 839 3013 tum
873 2950 942 3011 in
974 2948 1401 3009 altitudinem
1435 2947 1650 3022 ipsius
1685 2947 1930 3019 montis
1964 2946 2048 3007 ad
2084 2963 2203 3007 nos
2238 2948 2455 3024 misit,
2492 2956 2557 3008 et
2596 2949 2746 3010 inde
2782 2951 3048 3010 veloces
3083 2947 3243 3010 facti
3278 2965 3511 3009 sumus
3558 2948 3642 3007 ad
3677 2963 3780 3005 vo·

694 3052 966 3119 landum
998 3052 1081 3114 ad
1116 3053 1199 3114 te.
1234 3051 1314 3112 Et
1350 3050 1524 3111 idem
1555 3056 1748 3128 pater
1783 3049 2077 3112 familias
2111 3050 2194 3112 ad
2226 3068 2341 3113 eas
2375 3053 2560 3114 dicit:
2599 3054 2736 3114 Iste
2769 3052 2967 3113 homo
3003 3054 3313 3130 quamvis
3348 3070 3388 3112 a
3423 3052 3619 3127 longe
3654 3055 3778 3110 stet

692 3179 731 3222 a
765 3175 893 3235 me,
945 3159 1168 3219 tamen
1201 3161 1478 3232 propter
1525 3171 1797 3215 cursum
1835 3155 2062 3234 illurn,
2111 3173 2242 3232 quo
2279 3173 2399 3216 vos
2450 3156 2528 3216 ad
2568 3173 2673 3217 me
2721 3157 2928 3230 misit,
2965 3158 3117 3216 volo
3155 3156 3343 3215 illum
3376 3169 3626 3214 amare.
3661 3151 3775 3223 Qui

695 3270 922 3326 autem
969 3262 1138 3322 bene
1186 3260 1333 3320 vult
1379 3259 1697 3335 vigilare,
1749 3257 1927 3318 hunc
1978 3259 2391 3320 intellectum
2448 3261 2796 3337 percipiat.
2846 3258 3023 3318 Deus
3073 3259 3463 3319 multotiens
3512 3262 3776 3333 propter

692 3368 1035 3431 orationes
1069 3369 1454 3425 sanctorum
1489 3363 1569 3422 de
1607 3362 1783 3439 lupis
1819 3379 2028 3439 agnos
2066 3363 2253 3435 facit,
2291 3365 2469 3425 sicut
2500 3366 2705 3426 etiam
2738 3365 2821 3425 de
2852 3363 3233 3441 publicanis
3259 3363 3504 3439 justos.

784 3519 896 3581 fol.
924 3517 1032 3580 39.
1058 3518 1335 3580 Cuidam
1361 3520 1683 3580 sacerdoti
1711 3516 2176 3598 Baldevvino¹)
2198 3519 2277 3579 de
2304 3518 2598 3596 Trajecto
2616 3518 3059 3598 Hildeyardis.
3079 3520 3327 3582 Patrol.
3349 3520 3474 3581 col.
3495 3518 3644 3579 346.

783 3623 825 3685 f.
859 3622 969 3696 39,
1000 3622 1077 3684 R.
1105 3620 1462 3680 abbatissae
1488 3622 1830 3700 inferioris
1855 3626 2246 3683 monasterii
2279 3623 2671 3685 Ratisbonae
2694 3621 2745 3704 ⁰²)
2775 3625 3216 3705 Hildeyardis.
3244 3624 3492 3686 Patrol.
3521 3623 3642 3682 col.
3666 3621 3770 3682 34.

792 3729 832 3791 f.
870 3728 978 3804 40,
1018 3726 1097 3788 41
1143 3725 1416 3788 cuidam
1452 3723 1664 3785 abbati
1692 3719 1743 3804 ⁸)
1780 3727 1859 3785 de
1895 3727 2111 3788 Monte
2143 3727 2313 3788 beati
2350 3727 2640 3790 Disibodi
2675 3730 3120 3808 Hildeqardis.
3156 3730 3254 3790 Ibi
3288 3729 3414 3790 col.
3452 3726 3602 3787 205.

2180 3940 2277 4001 LI.

1113 4205 1118 4210 .
1146 4156 1645 4232 Conyreyationi
1677 4148 1757 4213 de
1794 4158 2024 4214 sancta
2063 4153 2268 4214 Cruce
2303 4155 2373 4211 in
2418 4152 2826 4230 Woffenhein
2861 4152 3304 4231 Hildeqardis.

758 4357 1042 4415 Electioni
1071 4371 1245 4412 novae
1272 4353 1471 4410 matris
1498 4353 1774 4426 providet.

769 4502 941 4562 Cum
990 4500 1090 4560 sol
1127 4501 1192 4560 in
1242 4502 1427 4561 radio
1479 4519 1600 4562 suo
1648 4501 2118 4575 obnubilatur,
2171 4497 2450 4562 tristitia
2499 4497 2565 4561 in
2600 4499 2844 4562 mundo
2890 4503 3018 4576 est,
3055 4501 3230 4562 sicut
3279 4501 3345 4560 in
3378 4497 3764 4561 dulcissima

678 4609 896 4668 matre
946 4609 1170 4667 vestra
1207 4608 1457 4668 factum
1504 4614 1627 4668 est.
1662 4607 1842 4668 Unde
1893 4607 1958 4666 in
1991 4605 2245 4682 Spiritu
2294 4604 2536 4666 Sancto
2574 4623 2693 4666 vos
2727 4605 3074 4681 admoneO,
3111 4612 3185 4666 ut
3224 4606 3475 4665 malum
3511 4609 3760 4665 contra-

679 4713 999 4774 dictionis
1047 4718 1116 4772 et
1149 4728 1378 4772 casum
1428 4712 1783 4789 superbiae
1819 4716 2022 4787 atque
2069 4706 2594 4787 indignationem
2629 4711 2991 4772 oblivionis
3040 4711 3155 4771 Dei
3193 4709 3475 4785 fugiatis
3528 4711 3594 4769 in
3630 4725 3766 4786 pro-

679 4820 903 4895 posito
950 4818 1304 4878 electionis
1353 4816 1636 4877 alterius
1686 4815 1947 4890 matriS,
1987 4815 2080 4875 ita
2128 4820 2204 4874 ut
2235 4830 2437 4874 verus
2488 4815 2588 4874 sol
2624 4814 2851 4875 radios
2900 4831 3057 4875 suos
3092 4816 3174 4876 ad
3224 4831 3347 4876 vos
3384 4815 3651 4874 emittat
3692 4812 3763 4873 ad

753 5006 797 5072 ί)
828 5003 891 5061 ln
919 5004 1043 5062 edd.
1075 5005 1141 5061 ad
1169 5005 1423 5075 ignotum
1446 5003 1507 5061 B.
1534 5002 1773 5075 epistola
1794 5002 2086 5072 dirigitur.
2112 5034 2174 5048 —
2273 5007 2489 5058 tacetur
2528 5017 2734 5058 nomen
2770 5000 3014 5064 abbatis,
3055 5016 3159 5058 nec
3198 5001 3344 5058 forte
3384 5000 3508 5057 sine
3535 4997 3761 5056 consilio

675 5094 726 5156 ²)
754 5093 819 5146 lu
854 5091 978 5147 edd.
1013 5092 1287 5147 scribitur
1316 5090 1388 5147 lv.
1412 5093 1718 5147 abbatissae
1741 5105 1985 5145 sororum
2011 5093 2073 5145 in
2099 5107 2180 5143 ve·
2269 5090 2343 5144 ob
2369 5105 2618 5161 asperam
2643 5089 3036 5146 monitionem.
3064 5086 3177 5144 Sed
3208 5088 3265 5144 in
3287 5087 3414 5145 edd.
3440 5101 3644 5142 nomen
3665 5083 3760 5138 He-

675 5182 789 5234 teri
825 5181 1146 5233 monasterio
1185 5175 1544 5248 Moquntinae
1581 5176 1845 5232 ecclesiae.
1892 5205 1958 5215 -
1994 5174 2039 5242 ⁸)
2068 5175 2180 5231 Hic
2271 5177 2476 5249 linyeri
2501 5192 2614 5232 non
2641 5174 3053 5231 dissimulatur.
3471 5166 3479 5174 ’
