4036 6117
803 558 845 615 8
1754 549 1758 554 ’
1947 574 2000 618 s,
2059 572 2618 620 HILDEGARDIS

714 689 1249 768 expositionibus
1266 684 1338 769 ¹),
1393 689 1458 750 in
1505 688 1752 766 quibus
1802 694 1958 765 post
1999 691 2383 767 praedictas
2422 691 2744 766 visioneS,
2796 690 3009 751 multa
3044 689 3432 752 infirmitate
3479 691 3812 768 multoque

713 793 944 855 labore
975 795 1282 871 corporis
1329 799 1633 870 gravata,
1686 809 1806 870 per
1837 800 1990 854 octo
2041 811 2252 855 annos
2289 795 2716 870 duraveram,
2769 812 2941 872 quas
2991 796 3155 856 mihi
3198 796 3284 856 ad
3331 797 3808 873 explanandum

712 899 1128 960 ostenderat.
1165 898 1331 960 Cum
1366 898 1716 973 sexaginta
1750 914 2077 958 annorum
2110 914 2358 975 essem,
2398 898 2640 960 fortem
2671 904 2740 959 et
2772 898 3153 959 mirabilem
3185 898 3514 961 visionem
3545 899 3706 974 vidi,
3749 899 3811 959 in

711 1017 851 1078 qua
882 1002 1086 1062 etiam
1118 1016 1240 1078 per
1272 1001 1798 1077 quinquennium
1831 1001 2153 1062 laboravi.

810 1108 871 1167 2.
906 1107 1122 1183 Igitur
1157 1108 1224 1167 in
1249 1107 1673 1182 sexagesimo
1707 1106 1924 1182 primo
1957 1107 2206 1166 aetatis
2242 1122 2429 1167 meae
2463 1123 2656 1183 anno,
2687 1107 2802 1185 qui
2836 1111 2943 1166 est
2975 1106 3379 1166 millesimus
3406 1105 3809 1166 centesimus

711 1211 1320 1287 «quinquagesimus
1357 1215 1638 1270 octavus
1671 1209 2056 1270 Dominicae
2091 1211 2577 1271 Incarnationis
2613 1227 2850 1287 annuS,
2881 1209 3006 1270 sub
3041 1226 3363 1287 pressura
3388 1209 3809 1288 Apostolicae

708 1313 932 1390 Sedis,
970 1322 1288 1390 regnante
1319 1313 1659 1375 Friderico
1694 1313 2150 1375 Romanorum
2187 1316 2614 1391 imperatore,
2654 1314 2879 1375 audivi
2913 1331 3147 1375 vocem
3180 1314 3263 1375 de
3296 1315 3482 1375 coelo
3518 1313 3685 1373 mihi
3716 1314 3812 1374 di-

708 1424 995 1478 centem:
1036 1437 1069 1477 (
1107 1419 1205 1478 Tu
1236 1434 1409 1495 quae
1442 1418 1527 1478 ab
1563 1416 1843 1478 infantia
1878 1423 2014 1492 tua,
2051 1433 2172 1494 ρει·
2205 1418 2519 1495 spiritum
2552 1418 2836 1494 Domini,
2890 1434 3021 1477 non
3054 1419 3413 1495 corporali,
3467 1418 3584 1477 sed
3620 1417 3810 1493 spiri-

710 1537 745 1576 »
785 1520 950 1580 tuali
983 1536 1143 1581 vera
1175 1521 1435 1582 visione
1467 1521 1666 1582 docta
1698 1536 1795 1596 eS,
1833 1521 1942 1580 dic
1974 1537 2055 1582 ea
2091 1537 2264 1598 quae
2297 1537 2472 1581 nunc
2504 1523 2695 1582 vides
2729 1527 2797 1582 et
2830 1522 3048 1582 audis,
3086 1521 3250 1581 Nam
3285 1538 3322 1581 a
3353 1521 3680 1598 principio
3714 1518 3808 1579 vi-

713 1641 747 1681 »
790 1624 1055 1684 sionum
1088 1632 1379 1700 tuarum,
1417 1625 1746 1701 quaedam
1770 1626 2069 1685 visiones
2102 1626 2288 1686 velut
2321 1626 2650 1702 liquidum
2685 1627 2789 1687 lac
2823 1626 2944 1686 tibi
2972 1631 3244 1686 ostensa
3272 1630 3450 1700 sunt3
3482 1623 3804 1701 quaedam

712 1746 745 1785 »
785 1735 1010 1790 autem
1041 1731 1227 1791 velut
1259 1730 1490 1790 suavis
1524 1736 1591 1789 et
1627 1729 1796 1789 lenis
1830 1729 2023 1789 cibus
2059 1729 2184 1789 tibi
2217 1730 2591 1792 denudatae
2625 1737 2802 1806 sunt3
2841 1731 3170 1807 quaedam
3215 1735 3440 1790 autem
3473 1730 3661 1789 velut
3707 1743 3808 1788 so-

708 1850 743 1889 »
784 1832 961 1893 lidus
1009 1840 1077 1893 et
1124 1832 1464 1911 perfectus
1513 1834 1706 1894 cibus
1755 1833 1881 1893 tibi
1915 1833 2389 1896 manifestatae
2422 1840 2598 1896 sunt.
2647 1835 2767 1895 Dic
2799 1851 2959 1911 ergo
2994 1835 3200 1895 etiam
3234 1839 3302 1894 et
3335 1849 3532 1908 nunc,
3567 1848 3800 1893 secun-

716 1954 748 1993 »
788 1936 947 1997 dum
979 1954 1085 1998 me
1118 1943 1185 2000 et
1217 1956 1350 2000 non
1381 1928 1749 1999 secundum
1798 1945 1886 2015 te,
1922 1944 1991 1999 et
2039 1939 2263 1999 scribe
2297 1940 2665 2000 secundum
2712 1956 2818 1999 me
2850 1946 2918 1999 et
2951 1956 3082 2000 non
3117 1938 3483 2000 secundum
3516 1945 3604 2000 te.
3644 1955 3676 1996 ›
3725 1937 3801 1998 Et

640 2078 655 2087 -
700 2054 831 2115 ego
868 2042 1252 2102 testimonio
1299 2041 1589 2102 hominis
1642 2041 1825 2101 illius
1872 2057 2095 2118 quem,
2133 2048 2207 2102 ut
2240 2043 2309 2102 in
2339 2043 2682 2119 prioribus
2716 2042 3093 2103 visionibus
3126 2040 3429 2119 praefata
3464 2056 3650 2116 sum,
3699 2054 3801 2099 oo-

708 2144 891 2203 culte
924 2146 1386 2222 quaesieram,
1435 2152 1502 2206 et
1536 2147 1957 2221 inveneram,
2008 2152 2076 2206 et
2125 2148 2512 2207 testimonio
2562 2148 2915 2224 cujusdam
2961 2148 3225 2224 puellae
3273 2145 3438 2206 mihi
3483 2146 3800 2205 assisten-

708 2248 799 2306 tis
816 2244 893 2327 ²),
929 2265 1168 2310 manus
1201 2250 1285 2310 ad
1319 2250 1748 2310 scribendum
1779 2251 1996 2327 posui.
2031 2250 2112 2310 Et
2147 2251 2391 2311 iterum
2424 2251 2652 2311 audivi
2686 2266 2924 2312 vocem
2957 2251 3040 2312 de
3087 2250 3274 2311 coelo
3310 2249 3393 2310 ad
3429 2265 3533 2309 me
3582 2249 3799 2308 dicen-

705 2357 840 2413 tem
874 2360 941 2413 et
975 2371 1078 2415 me
1112 2356 1462 2416 docentem
1495 2356 1616 2418 sic.

1609 2562 1869 2624 PRIMA
1916 2563 2129 2624 VISIO
2178 2564 2488 2626 PRIMAE
2535 2561 2896 2645 PARTIS⁸)

783 2770 852 2831 3.
888 2771 968 2831 Et
998 2773 1139 2834 vidi
1171 2768 1457 2852 virum⁸)
1500 2778 1725 2834 tantae
1757 2774 2189 2849 proceritatis
2224 2774 2399 2849 quod
2435 2791 2473 2833 a
2509 2774 2897 2833 summitate
2930 2772 3209 2832 nubium
3242 2770 3413 2831 coeli
3465 2783 3681 2848 usque
3713 2765 3791 2827 ad

695 2874 1020 2950 abyssum
1054 2876 1498 2953 pertingebat,
1539 2877 1632 2936 ita
1667 2876 1844 2952 quod
1872 2876 1962 2935 ab
1997 2877 2297 2936 humeris
2333 2877 2476 2937 suis
2511 2879 2782 2937 sursu‘m
2833 2893 3037 2953 supra
3085 2874 3297 2934 nubes
3348 2874 3416 2933 in
3447 2868 3795 2932 serenissi-

696 2993 805 3037 mo
840 2978 1112 3040 aethere
1147 2987 1314 3055 erat3
1353 2985 1418 3040 et
1455 2980 1539 3039 ab
1573 2978 1872 3039 humeris
1905 2979 2224 3039 deorsum
2253 2979 2336 3041 ad
2367 2979 2618 3040 femora
2653 2997 2800 3056 sua,
2831 2980 2956 3039 sub
2986 2978 3224 3039 iisdem
3250 2975 3545 3036 nubibus
3575 2975 3641 3034 in
3666 2972 3793 3032 alia

697 3082 988 3157 quadam
1022 3084 1303 3144 candida
1336 3085 1531 3158 nube;
1568 3088 1636 3142 et
1668 3101 1710 3143 a
1746 3083 2114 3144 femoribus
2149 3085 2230 3144 ad
2264 3101 2481 3161 genua
2518 3103 2662 3161 sua,
2702 3086 2768 3144 in
2814 3091 3079 3144 terreno
3112 3098 3290 3156 aere;
3342 3086 3411 3141 et
3444 3097 3481 3140 a
3515 3078 3790 3156 genibus

694 3188 777 3247 ad
813 3206 1008 3250 suras
1044 3207 1226 3267 suas,
1265 3190 1332 3250 in
1364 3196 1568 3264 terra;
1619 3194 1686 3248 et
1719 3206 1757 3249 a
1792 3190 1972 3249 suris
2022 3189 2337 3249 deorsum
2387 3190 2469 3250 ad
2502 3192 2768 3267 plantas
2819 3206 3008 3260 suas,
3063 3189 3129 3248 in
3162 3187 3357 3264 aquis
3392 3184 3649 3260 abyssi,
3700 3182 3788 3240 ita

693 3292 871 3368 quod
905 3295 1108 3354 ctiam
1141 3311 1345 3372 supra
1381 3294 1700 3370 abyssum
1735 3292 1980 3353 stabat.
2016 3294 2096 3353 Et
2131 3310 2204 3353 se
2245 3293 2327 3352 ad
2361 3294 2699 3355 Orientem
2733 3300 3054 3369 verterat,
3106 3295 3201 3353 ita
3234 3291 3412 3369 quod
3446 3296 3515 3350 et
3563 3289 3786 3349 Orien-

693 3398 828 3453 tem
862 3401 930 3454 et
963 3397 1285 3458 Austrum
1320 3397 1739 3472 inspiciebat.
1774 3397 2014 3457 Vultus
2049 3404 2274 3457 autem
2306 3397 2453 3473 ejus
2489 3404 2674 3459 tanta
2708 3399 3018 3459 claritate
3057 3396 3376 3471 fulgebat,
3427 3393 3607 3470 quod
3640 3402 3786 3451 eum

688 3496 773 3555 ad
806 3497 1179 3573 perfectum
1229 3499 1473 3560 intueri
1519 3515 1651 3558 non
1697 3506 2022 3575 poteram.
2074 3499 2171 3559 Ad
2220 3516 2295 3559 os
2345 3517 2609 3578 quoque
2655 3501 2802 3577 ejus
2837 3500 3121 3560 candida
3154 3498 3366 3558 nubes
3399 3503 3571 3572 erat,
3620 3505 3784 3570 quae

685 3600 1202 3663 similitudinem
1244 3605 1446 3664 tubae
1480 3602 1791 3679 habebat,
1829 3608 1897 3678 et
1930 3619 2101 3680 quae
2135 3604 2433 3663 omnium
2470 3621 2787 3666 sonorum
2820 3605 3149 3666 velociter
3182 3600 3566 3662 sonantium
3600 3598 3787 3675 plena

688 3703 839 3765 fuit.
874 3706 949 3764 In
980 3722 1183 3782 quam
1219 3707 1377 3766 dum
1414 3706 1590 3766 idem
1622 3706 1728 3766 vir
1761 3707 1992 3767 ssatum
2027 3706 2240 3781 daret,
2280 3714 2419 3768 tres
2455 3715 2690 3770 ventos
2725 3708 2974 3783 emisit,
3013 3722 3300 3784 quorum
3333 3720 3506 3764 unus
3550 3700 3788 3763 nubem

689 3810 976 3888 igneam,
1006 3829 1179 3873 unus
1212 3813 1457 3873 nubem
1481 3813 1845 3890 turbidam,
1874 3830 2046 3873 unus
2081 3813 2373 3874 lucidam
2407 3831 2612 3891 super
2639 3832 2712 3876 se
2738 3814 3052 3891 habebat,
3083 3815 3174 3874 ita
3201 3812 3378 3892 quod
3408 3811 3613 3872 iidem
3636 3819 3786 3866 ven-

758 4005 1094 4080 ¹)Respectu
1118 4007 1353 4064 sortasse
1373 4007 1442 4063 ad
1461 4006 1844 4080 expositiones
1867 4009 1925 4063 in
1945 4009 2198 4080 Evanqe-
2276 4012 2355 4074 la.
2384 4012 2547 4083 cujus
2575 4010 2636 4066 in
2664 4009 3053 4082 superioribus
3081 4007 3397 4064 visionibus
3436 4002 3780 4061 mentionem

684 4092 791 4155 lia,
821 4092 969 4148 infra
992 4093 1240 4165 primum
1266 4093 1469 4156 editas,
1501 4094 1561 4148 in
1588 4095 1853 4167 Requlam
1877 4095 1935 4150 S.
1969 4095 2198 4150 Benedi-
2280 4095 2406 4153 feci.
2467 4119 2488 4144 ι
2516 4096 2628 4151 Nec
2665 4101 2862 4151 notare
2899 4095 3147 4151 otiosum
3185 4098 3292 4155 est.
3335 4092 3478 4148 illud
3517 4089 3688 4148 semel
3725 4087 3781 4140 et

680 4183 780 4240 cti,
806 4178 868 4234 in
889 4179 1199 4250 Symbolum
1221 4181 1279 4237 S.
1298 4182 1613 4244 Athanasii,
1626 4186 1683 4235 et
1703 4180 1771 4234 ad
1790 4199 2045 4253 responsa
2063 4180 2198 4236 Gui-
2275 4197 2470 4238 rursus
2494 4183 2731 4240 dictum:
2755 4201 2973 4240 manum
2997 4185 3073 4238 ad
3090 4184 3426 4238 scribendum
3438 4183 3626 4253 posui,
3645 4187 3780 4248 opus

683 4266 830 4322 berto
871 4266 1235 4323 Gemblacemi
1260 4265 1587 4330 XXXVIII,
1627 4267 1839 4323 Pati-ol.
1876 4272 1913 4321 t.
1950 4268 1985 4323 l.
2036 4271 2192 4327 ¹037,
2277 4272 2566 4343 proprium
2616 4272 2809 4344 potius
2857 4270 3200 4339 significare.
3246 4283 3417 4339 quam
3468 4273 3777 4322 sermonem

686 4357 845 4417 1053,
880 4359 1031 4410 1065.
1059 4355 1138 4410 De
1158 4354 1389 4426 scriptis
1410 4357 1465 4411 S.
1492 4354 1856 4423 Hildegardis
1875 4353 2193 4425 disputavit
2276 4358 2650 4420 teutonicum,
2691 4356 2868 4412 latine
2893 4370 3119 4411 versum
3144 4372 3175 4408 a
3211 4353 3565 4410 Theoderico
3595 4360 3778 4407 mona-

685 4439 774 4494 vir
799 4439 999 4496 doctus
1026 4456 1205 4512 nuper
1230 4456 1279 4496 a.
1317 4445 1452 4495 1875
1481 4440 1538 4495 in
1575 4441 1883 4496 Histoi-iscla
1911 4442 2194 4513 politisclie
2270 4443 2398 4506 cho,
2445 4449 2510 4497 ut
2548 4443 2804 4515 plerique
2848 4444 3071 4504 volunt.
3111 4442 3180 4498 de
3212 4457 3325 4512 quo
3362 4441 3639 4512 scriptore
3680 4433 3772 4488 vix

679 4528 912 4585 matter.
944 4530 1112 4585 Plura
1139 4528 1551 4598 prolegomenis
1577 4527 1785 4582 nostris
1807 4532 2182 4584 reservantur.
2269 4530 2505 4586 obscure
2569 4530 2823 4601 loquitur
2871 4528 3251 4597 HildegardiS.
3318 4527 3499 4583 Immo
3556 4523 3774 4582 utinam

745 4619 791 4682 2)
818 4617 905 4672 Ita
946 4617 1004 4672 in
1034 4617 1317 4688 prooemio
1356 4615 1491 4671 libri
1522 4614 1759 4672 Scivias:
1799 4637 1821 4664 ι
1860 4615 2187 4672 testimonio
2270 4616 2391 4688 ipsa
2429 4615 2620 4672 minus
2659 4616 2853 4672 sileret
2888 4614 2958 4671 de
2996 4617 3102 4671 hac
3138 4616 3316 4672 nobili
3343 4613 3559 4686 puella,
3598 4605 3776 4676 testifi-

678 4703 976 4774 cujusdam
1007 4704 1207 4759 nobilis
1242 4709 1291 4758 et
1327 4704 1585 4758 bonorum
1620 4720 1825 4758 morum
1852 4703 2096 4774 puellae,
2131 4709 2188 4758 et
2265 4708 2420 4757 cante
2454 4706 2513 4757 et
2544 4705 2838 4764 assistente,
2877 4716 3020 4772 quae
3057 4706 3329 4772 perpetuo
3368 4697 3594 4760 latebit,
3629 4693 3774 4750 sicut

682 4790 932 4848 bominis
960 4789 1118 4845 illius
1137 4802 1306 4860 quem
1334 4788 1554 4843 occulte
1578 4786 1929 4857 quaesieram
1955 4794 2012 4843 et
2036 4788 2189 4844 inve-
2265 4787 2484 4850 doctae.
2512 4793 2856 4858 argutaeque
2883 4786 3176 4849 moniales.
3198 4801 3342 4856 quae
3366 4800 3497 4840 cum
3517 4785 3615 4841 SS.
3641 4781 3773 4837 Get*

678 4893 894 4940 ueram.
928 4893 1120 4931 manus
1155 4877 1230 4930 ad
1251 4875 1588 4930 scribendum
1623 4877 1871 4945 apposui.
1910 4895 1934 4921 ι
1968 4873 2057 4927 lta
2085 4872 2188 4928 ite-
2270 4874 2430 4929 trude
2455 4879 2512 4929 et
2536 4872 2846 4930 Mechtilde
2871 4874 3152 4930 calamum
3196 4876 3426 4927 tenuere
3455 4871 3604 4927 haud
3634 4877 3772 4924 sem-

675 4978 802 5018 rum
841 4964 911 5018 ab
947 4961 1179 5017 exordio
1218 4960 1351 5016 libri
1394 4961 1720 5016 Divinarum
1756 4977 1991 5032 operum:
2036 4983 2058 5008 ι
2086 4959 2186 5016 Τε-
2264 4976 2363 5031 ρει·
2392 4959 2786 5028 inelegantem.
2817 4990 2886 5001 -·
2912 4958 2955 5024 ⁸)
2982 4958 3241 5014 Titulum
3270 4973 3378 5014 om.
3410 4957 3476 5014 A.

675 5049 958 5105 stificante
983 5047 1213 5103 homine
1240 5047 1362 5110 illo,
1391 5061 1583 5117 quem,
1619 5048 1773 5102 velut
1801 5046 1859 5100 in
1897 5046 2186 5119 prioribus
2337 5047 2380 5110 ⁴)
2415 5045 2533 5110 Vir,
2562 5047 2813 5101 Christus
2837 5052 2931 5107 est.
2958 5050 3022 5099 ut
3050 5043 3160 5099 sert
3188 5045 3376 5100 Cuivis
3399 5044 3641 5100 Meliten.
3674 5040 3768 5093 Pa-

674 5137 995 5193 visionibus
1034 5136 1174 5191 meis
1201 5133 1451 5207 praefata
1485 5150 1633 5196 sum.
1673 5134 1895 5190 occulte
1931 5133 2187 5204 quaesie-
2270 5133 2372 5188 tris
2413 5150 2542 5189 vero
2572 5133 2797 5188 videtur
2844 5132 2982 5195 Vox,
3013 5147 3157 5202 quae
3197 5147 3295 5202 per
3336 5136 3519 5187 totum
3562 5129 3764 5184 librum

671 5237 790 5278 ram
820 5228 875 5277 ct
906 5222 1253 5286 inveneram,
1283 5221 1621 5276 testificante
1642 5220 1815 5276 etiam
1837 5222 2017 5275 eadem
2030 5221 2186 5294 puel-
2268 5220 2513 5277 visiones
2542 5220 2970 5293 interpretatur.
