4036 6117
709 448 844 513 390
1859 469 1912 517 s.
1962 466 2511 519 nmnsesnms

727 589 821 651 Ne
869 604 1027 650 vero
1063 591 1302 652 iterato
1351 592 1586 652 eadem
1619 594 1793 667 stylo
1842 600 2148 670 repetere
2183 596 2540 655 molestum
2590 595 2702 669 sit,
2742 597 2800 655 si
2849 613 3049 674 quam
3091 596 3479 658 earumdem
3528 613 3737 676 quae-

638 696 934 757 stionum
983 698 1047 757 in
1095 698 1322 774 aliquo
1370 713 1646 773 operum
1697 705 1965 760 tuorum
2013 701 2302 760 solvisse
2352 707 2418 761 te
2468 701 2733 778 recoliS,
2785 703 2897 763 ubi
2949 704 3198 766 solutio
3246 704 3391 779 ipsa
3440 706 3728 765 inveniri

629 800 888 876 possit,
939 799 1234 862 indicare
1269 802 1582 877 studea8‚
1636 810 1752 863 aut
1782 804 1961 881 quod
2011 805 2228 880 magis
2261 811 2440 882 opto,
2495 805 2602 865 hic
2635 822 2715 865 ex
2763 807 3047 883 integre,
3086 808 3260 867 sicut
3309 809 3376 868 in
3409 825 3533 868 suo
3584 809 3731 868 loco

636 904 861 980 posita
891 911 1018 981 est,
1056 906 1507 967 transcribere
1541 924 1670 967 non
1702 909 2024 984 negligas

728 1006 953 1084 Nuper
998 1026 1266 1087 quoque
1293 1011 1465 1086 jam,
1518 1013 1779 1073 scilicet
1811 1020 1966 1090 post
2010 1014 2553 1076 Purificationem
2586 1023 2861 1077 sanctae
2908 1017 3177 1092 Mariae,
3212 1033 3367 1077 cum
3397 1016 3614 1076 denuo
3648 1016 3735 1076 ad

639 1112 958 1173 visendos
1004 1114 1182 1174 filios
1230 1120 1385 1175 tuos
1431 1115 1737 1191 Sigerum
1780 1124 1850 1178 et
1897 1120 2314 1195 Anselmum,
2375 1122 2492 1198 qui
2541 1121 2607 1181 in
2655 1121 2906 1182 Christi
2953 1122 3263 1183 tirocinio
3310 1127 3731 1196 exercentur,

641 1213 877 1276 Villari
902 1214 1348 1294 devenissem,
1376 1218 1805 1280 vehementer
1828 1236 1868 1282 a
1896 1221 2219 1283 fratribus
2253 1230 2528 1284 exactus
2562 1239 2735 1299 sum,
2774 1229 3000 1285 utrum
3032 1240 3155 1285 nec
3186 1241 3267 1284 ne
3300 1226 3736 1301 quaestiones

639 1322 725 1386 de
771 1322 1017 1400 quibus
1054 1327 1344 1402 agimuS,
1394 1326 1612 1388 adhuc
1644 1327 1728 1388 ad
1759 1334 1825 1388 te
1870 1329 2292 1391 direxissem.
2344 1332 2643 1409 Cumque
2690 1348 2799 1392 me
2830 1332 2913 1392 de
2963 1333 3187 1408 inopia
3221 1331 3335 1391 fidi
3382 1329 3735 1408 portitoris

642 1442 967 1496 excusare
1014 1445 1314 1506 conarer,
1350 1432 1531 1491 omni
1582 1433 1678 1493 illi
1711 1436 2143 1494 excusatione
2177 1435 2449 1511 rejecta,
2503 1436 2809 1511 ignaviae
2858 1451 2965 1494 me
3012 1435 3529 1510 redarguentes,
3566 1432 3741 1491 acri-

643 1536 749 1594 ter
795 1534 863 1595 in
896 1553 1001 1597 me
1047 1540 1364 1599 commoti
1398 1545 1575 1615 sunt,
1627 1540 1804 1618 quod
1849 1543 1986 1600 tam
2034 1542 2149 1602 diu
2197 1542 2639 1602 distulissem.
2689 1542 2953 1602 Interea
3000 1541 3141 1600 illic
3173 1556 3278 1600 me
3327 1543 3733 1611 remorante,

638 1635 882 1699 Petrus
929 1640 1215 1701 clericus
1248 1643 1331 1703 de
1381 1644 1543 1704 villa
1591 1645 2058 1720 Monasterias‚
2108 1641 2154 1724 ¹)
2192 1645 2358 1705 mihi
2404 1648 2627 1720 notus,
2679 1644 2764 1705 ab
2796 1644 3283 1720 Hiesosolymis
3318 1642 3731 1718 regredienS‚

643 1749 714 1804 et
745 1760 865 1820 per
894 1745 1168 1807 domum
1215 1753 1400 1808 tuam
1436 1764 1821 1824 regressum
1869 1750 2147 1824 habens,
2198 1765 2279 1809 ex
2312 1751 2653 1827 insperato
2688 1750 2954 1810 litteras
2987 1754 3141 1809 tuas
3177 1747 3371 1809 nobis
3403 1745 3733 1819 exhibuit,

642 1851 1023 1928 praedictos
1070 1853 1371 1914 novicios
1417 1854 1599 1914 dulci
1647 1854 1879 1915 afflatu
1929 1857 2378 1916 consolantes:
2428 1857 2547 1916 sed
2594 1855 3110 1917 amaritudinem
3160 1854 3366 1915 animi
3400 1852 3524 1926 tui,
3560 1866 3734 1927 quae

643 1972 727 2018 ex
759 1956 989 2018 dolore
1023 1960 1261 2020 mortis
1293 1960 1542 2020 domini
1575 1959 1898 2036 Vulmari,
1946 1957 1998 2040 ²)
2035 1961 2408 2036 Praepositi
2443 1962 2565 2036 tui,
2601 1962 2724 2022 tibi
2761 1961 3013 2021 inflicta
3050 1966 3179 2035 est,
3230 1956 3741 2019 lacrimabiliter

648 2062 1148 2140 subjungentes.
1209 2064 1464 2136 Quibus
1513 2064 1742 2140 lectis,
1802 2064 1934 2125 etsi
1981 2081 2105 2141 pro
2156 2064 2569 2142 benignitate
2615 2066 2725 2126 vel
2772 2063 3154 2138 sedulitate,
3204 2078 3336 2137 qua
3368 2061 3740 2120 amicorum

643 2170 937 2243 tuorum,
995 2170 1189 2246 longe
1236 2170 1394 2231 licet
1440 2171 1844 2247 positorum,
1896 2170 2203 2232 studiosa
2250 2187 2348 2247 es,
2399 2171 2619 2247 gavisi
2669 2187 2928 2245 sumuS,
2987 2169 3455 2230 contritionem
3513 2173 3737 2227 tamen

642 2270 890 2348 baculi,
927 2273 1036 2333 cui
1069 2274 1488 2350 innitebaris,
1522 2277 1592 2335 et
1622 2276 2127 2337 destitutionem
2162 2277 2386 2337 solatii
2420 2276 2663 2337 domus
2698 2281 2874 2350 tuae,
2926 2292 3057 2335 non
3088 2274 3234 2334 sine
3265 2273 3520 2349 gemitu
3562 2286 3740 2330 com-

644 2377 986 2452 passionis
1035 2379 1440 2454 accepimus.
1490 2380 1798 2440 Fecimus
1846 2395 2008 2441 vero
2058 2380 2234 2456 quod
2282 2394 2747 2455 praeceperas,
2799 2384 2866 2439 et
2912 2378 3220 2452 facimus,
3271 2376 3562 2436 amicum
3612 2375 3742 2434 sci-

648 2479 811 2544 licet
854 2482 1340 2559 expatriantem
1386 2483 1494 2558 pio
1537 2484 1902 2545 missarum
1932 2489 2002 2544 et
2049 2483 2429 2545 orationum
2474 2481 2800 2559 obsequio
2849 2482 3358 2558 prosequenteS,
3408 2485 3477 2539 et
3509 2495 3741 2540 omnes

649 2589 905 2649 amicos
937 2591 1045 2650 vel
1080 2590 1446 2651 familiares
1478 2597 1774 2666 nostrOS,
1810 2598 1884 2651 ut
1917 2591 2094 2650 idem
2131 2589 2400 2665 faciant,
2440 2592 2895 2652 obsecrantes.

738 2694 987 2755 Deinde
1035 2711 1351 2756 reversus
1399 2696 1481 2756 ad
1531 2696 2009 2756 Gemblacense
2057 2697 2575 2769 monasterium,
2629 2712 2710 2756 ex
2761 2696 3123 2773 improviso
3172 2694 3369 2755 audio
3418 2691 3661 2753 referri
3707 2709 3743 2749 a

650 2798 1030 2859 dicentibus
1091 2799 1408 2859 domnum
1470 2801 1796 2861 Abbatem
1824 2793 1875 2881 ⁸)
1940 2806 2247 2861 nostrum
2303 2801 2386 2860 ad
2435 2804 2743 2861 sanctum
2773 2799 3125 2872 Quirinum
3169 2814 3374 2858 causa
3421 2795 3744 2857 orationis

651 2902 990 2981 proficisci
1044 2910 1424 2981 parantem,
1484 2910 1554 2965 et
1608 2905 1670 2965 si
1727 2904 2013 2965 facultas
2092 2911 2521 2983 suppeteret,
2597 2920 2717 2980 per
2784 2909 2851 2964 te
2928 2902 3192 2978 regredi
3255 2901 3740 2975 disponentem.

650 3011 940 3072 Verbum
976 3011 1102 3073 boc
1149 3011 1407 3074 auditui
1456 3027 1603 3073 meo
1653 3011 1836 3073 dedit
1868 3011 2189 3089 gaudium
2236 3017 2305 3073 et
2337 3012 2687 3085 laetitiam;
2745 3010 2977 3070 statim
3027 3009 3287 3069 litteras
3322 3006 3493 3067 istas
3540 3005 3746 3081 expli-

648 3120 783 3195 cui,
835 3120 960 3180 hoc
997 3118 1364 3195 intendenS,
1415 3126 1490 3179 ut
1521 3135 1642 3197 per
1682 3120 1963 3179 comites
2013 3117 2275 3179 itineris
2309 3118 2457 3193 eJus
2506 3134 2623 3177 eas
2658 3116 2779 3178 tibi
2828 3115 3376 3176 transmitterem.
3428 3111 3555 3171 Sed
3588 3125 3738 3170 cum

649 3226 749 3290 nil
793 3227 927 3286 tale
977 3242 1347 3303 sperarem,
1399 3242 1686 3287 coronae
1734 3225 2168 3286 exultationis
2217 3240 2404 3284 meae
2448 3224 2653 3284 etiam
2703 3222 3037 3296 cumuluS,
3087 3222 3161 3280 ut
3194 3219 3287 3279 ita
3333 3218 3578 3283 dicam,
3629 3230 3737 3274 su-

646 3330 1033 3408 perpositus
1080 3337 1207 3406 est,
1267 3330 1426 3391 dum
1481 3330 1707 3391 nescio
1757 3346 1889 3407 quo
1947 3331 2290 3403 instinctu,
2351 3330 2497 3404 ipso
2554 3327 2927 3400 ordinante,
2987 3325 3213 3385 socius
3271 3321 3536 3383 itineris
3593 3319 3738 3394 ejus

649 3440 1066 3509 assumptuS,
1120 3436 1239 3496 tibi
1273 3451 1390 3495 eas
1438 3435 1980 3511 praesentialiter
2011 3449 2131 3511 per
2178 3434 2648 3508 memetipsum
2694 3431 2776 3491 de
2812 3446 3034 3503 manu,
3088 3434 3161 3488 ut
3195 3427 3466 3500 dicitur,
3506 3426 3571 3484 in
3606 3440 3744 3483 ma—

651 3554 811 3598 num
843 3539 1222 3599 certissime
1253 3539 1470 3599 obiter
1502 3543 1971 3614 porrecturam
2004 3538 2299 3598 fiderem.

742 3643 1140 3715 Questiones
1189 3650 1413 3704 autem
1470 3644 1623 3704 illae
1671 3660 1841 3720 quas
1896 3659 2015 3721 per
2065 3660 2170 3704 me
2223 3643 2550 3719 praedicti
2598 3641 3129 3703 reverentissimi
3188 3639 3434 3699 fratres
3496 3635 3740 3696 sancti-

656 3749 781 3809 tati
816 3754 971 3807 tuae
1003 3748 1450 3808 absolvendas
1486 3750 1975 3825 transmittunt,
2015 3749 2081 3809 in
2118 3749 2291 3809 hunc
2327 3746 2595 3809 modum
2630 3763 2703 3807 se
2738 3746 3003 3807 habent.
3036 3741 3087 3822 ⁴)

752 3858 909 3932 Cap.
945 3857 993 3918 I.
1032 3856 1361 3930 Quomodo
1393 3855 1913 3932 intelliqendum
1949 3863 2114 3915 est...
2151 3862 2272 3915 etc.

1466 3955 1846 4028 (Pati-eloym
1869 3960 1993 4011 tom.
2025 3952 2306 4016 CXCVII.
2333 3954 2435 4010 ool.
2474 3954 2633 4009 1040
2656 3958 2862 4025 quaeat.
2897 3951 2944 4019 I)

944 4049 1021 4110 ΙΙ.
1064 4049 1237 4122 Quid
1268 4054 1366 4108 est
1400 4048 1573 4127 quod
1607 4050 1931 4125 scriptum
1956 4051 2126 4107 est...

739 4149 909 4213 (Μ.
938 4156 1145 4222 quaest.
1176 4150 1284 4213 ΙΙ.)

739 4413 786 4475 ¹)
811 4411 874 4466 in
897 4408 1020 4466 cod.
1064 4408 1290 4466 videtur
1328 4408 1503 4466 scribi
1541 4409 1878 4465 monasterii.-
1916 4423 1997 4463 as.
2037 4435 2107 4447 --
2254 4421 2456 4477 sponso
2476 4403 2542 4459 ad
2563 4409 2779 4476 quaest.
2801 4401 2934 4466 XII.
2952 4399 3404 4471 edd.VIll;quae
3422 4411 3565 4454 nova
3587 4403 3739 4460 sunl.

664 4496 712 4561 ι)
750 4493 833 4552 cf.
867 4494 926 4550 in
946 4496 1182 4568 epistola
1209 4496 1336 4553 XV.
1362 4527 1431 4537 —
1448 4495 1493 4562 ⁸)
1520 4495 1675 4551 Idem
1695 4500 1784 4551 est
1808 4494 1982 4550 abbas
1999 4493 2168 4549 Joan-
2257 4498 2480 4548 tantum
2519 4488 2792 4562 rescripta
2829 4493 2963 4545 sunt
2985 4503 3056 4543 ex
3080 4485 3201 4544 cod.
3232 4483 3543 4540 Lemniscis
3569 4499 3741 4539 novae

671 4598 769 4638 nes
792 4580 893 4653 qui
923 4581 1023 4638 diu
1049 4583 1220 4646 rexit,
1248 4599 1412 4657 saepe
1438 4582 1665 4639 vexavit
1697 4581 2067 4639 Gemblacum
2095 4580 2167 4635 ab
2254 4576 2611 4650 quaestiones
2659 4572 3074 4644 insigniuntur,
3125 4570 3337 4641 quibus
3386 4569 3622 4625 fortasse
3664 4585 3745 4624 re·

668 4685 719 4726 a.
774 4672 910 4724 ¹150
954 4667 1023 4723 ad
1071 4674 1226 4727 1196.
1274 4702 1342 4712 --
1388 4671 1433 4736 ⁴)
1490 4670 1822 4740 Sequuntur
1857 4665 2167 4725 XXXVIII
2255 4664 2483 4738 sponsio
2506 4664 2685 4725 deest.
2711 4660 2847 4733 quia
2870 4657 3237 4729 Hildegardis
3279 4673 3372 4713 eas
3398 4657 3614 4713 solvere
3650 4671 3745 4710 no-

663 4755 1049 4829 quaestiones,
1070 4757 1330 4827 quamvis
1363 4756 1581 4813 XXXV
1609 4762 1980 4811 numerentur
2003 4754 2063 4811 in
2083 4754 2170 4810 iu·
2257 4754 2387 4814 luit.
2434 4753 2596 4810 Aliae
2634 4766 2861 4825 prorsus
2899 4752 3033 4805 sunt
3069 4743 3429 4817 quaestiones
3465 4743 3743 4799 Villaren·

665 4841 880 4906 diculo.
905 4842 1086 4898 tribus
1114 4858 1348 4899 numero
1372 4841 1719 4904 carentibus:
1750 4840 2051 4898 varietates
2080 4858 2170 4898 ve-
2257 4841 2405 4898 sium
2445 4839 2592 4896 infra
2631 4835 2868 4910 positae.
2896 4839 2954 4890 et
2979 4831 3123 4888 aliae
3147 4830 3261 4886 huc
3293 4829 3607 4901 subiectae,
3634 4825 3745 4882 nisi

668 4946 733 4987 ro
774 4935 885 4986 tam
928 4930 988 4985 in
1013 4929 1212 4985 ordine
1247 4945 1415 5000 quam
1458 4928 1516 4985 in
1557 4926 1819 4985 formulis
1847 4933 2046 4985 notatu
2086 4926 2170 4983 di·
2259 4932 2446 4982 tamen
2467 4922 2749 4997 duplicem
2765 4918 3160 4995 quaestionum
3182 4915 3462 4989 syllabum
3486 4913 3747 4970 miserint

667 5032 809 5085 gnae
849 5021 1003 5082 sunt,
1044 5023 1102 5073 et
1142 5015 1201 5071 in
1238 5014 1440 5090 primis
1478 5031 1620 5071 nova
1656 5020 1986 5085 argumenta
2025 5030 2169 5086 quae
2259 5012 2621 5068 villarenses.

671 5108 979 5159 occurrunt
1009 5108 1119 5159 tam
1153 5102 1209 5160 in
1247 5100 1678 5174 quaestionibus
1717 5105 1769 5163 6,
1797 5115 1965 5171 quarn
1997 5098 2057 5153 in
2086 5114 2168 5155 re·
