4036 6117
1193 540 1436 589 Lmen
1486 536 1689 589 vt'rffi
1741 543 2234 589 nuntronum.
2286 545 2343 588 Ρ.
2394 543 2481 588 1v.
3182 528 3307 587 167

291 656 538 722 alienos
574 656 746 721 Deos
796 664 1079 737 quaerit,
1133 666 1198 722 et
1247 680 1508 723 omnem
1558 666 1980 725 sanctitatem
2018 682 2056 722 a
2093 680 2164 722 se
2218 665 2499 741 repellit,
2538 660 2694 739 quia
2745 681 2781 722 a
2832 681 2901 722 se
2941 664 3081 740 ipsa
3136 682 3252 741 per
3300 683 3376 725 se

287 765 654 823 subsistere
692 766 851 825 vult.
888 765 1063 825 Deus
1114 774 1338 826 autern
1388 768 1721 826 bominem
1772 768 2051 840 creavit,
2091 773 2157 826 et
2191 783 2454 826 omnem
2504 773 2883 825 creaturam
2921 767 3015 826 illi
3053 764 3368 843 subjecit;

286 871 392 928 sed
430 871 627 930 homo
664 872 910 930 nullam
965 874 1364 947 potestatem
1396 873 1460 931 in
1493 873 1592 932 eis
1627 872 1848 945 habet,
1887 873 2017 931 nisi
2070 872 2433 931 secundum
2469 871 2640 948 quod
2676 871 2852 930 Deus
2887 871 2982 930 illi
3016 873 3373 948 permittit,

290 975 600 1049 quoniam
635 975 809 1050 quod
864 975 1061 1035 homo
1099 975 1294 1035 hodie
1343 975 1562 1050 habet,
1607 976 1728 1034 hoc
1783 976 1876 1034 illi
1927 976 2102 1034 Deus
2132 976 2312 1050 justo
2358 971 2609 1050 judicio
2647 991 2767 1034 suo
2816 991 2968 1034 cras
3003 976 3366 1053 subtrahit,

286 1077 421 1135 sive
456 1076 586 1138 hoc
621 1078 794 1137 idem
829 1078 1025 1138 homo
1061 1080 1245 1153 velit,
1284 1081 1426 1138 sive
1461 1073 1648 1152 noIit;
1685 1080 1842 1153 quia
1880 1080 2103 1138 omnia
2153 1097 2189 1138 a
2223 1079 2356 1138 Deo
2392 1080 2791 1153 subsistunt,
2844 1083 2910 1140 et
2942 1081 3099 1156 quia
3148 1084 3371 1142 omnia

291 1182 351 1239 in
380 1181 515 1242 Deo
553 1190 732 1256 sunt,
784 1184 898 1259 qui
932 1189 1172 1243 cuncta
1207 1186 1386 1243 rectc
1435 1182 1748 1258 disponit.

370 1285 475 1346 48.
527 1286 708 1347 Unde
741 1292 806 1345 et
855 1287 1193 1347 discordia
1242 1293 1444 1363 caput
1478 1293 1549 1346 ut
1600 1286 1955 1362 leopardus
2008 1285 2229 1361 habet,
2282 1283 2605 1362 quoniam⁴
2648 1303 2911 1348 omnem
2961 1287 3376 1351 voluntatem

290 1390 666 1466 iniquorum
715 1389 1057 1449 hominum
1106 1391 1189 1450 ad
1236 1390 1571 1466 duplicem
1622 1391 1950 1448 insaniam
2010 1389 2339 1465 perducit,
2392 1406 2544 1449 cum
2593 1405 2709 1449 eos
2774 1392 2978 1451 verbo
3042 1395 3109 1452 et
3173 1409 3374 1469 opere

293 1493 505 1554 furere
564 1501 632 1553 et
688 1476 1005 1554 bacchari
1060 1493 1255 1567 facit,
1309 1500 1376 1553 et
1429 1509 1579 1552 cum
1637 1494 1982 1567 omnibuS,
2048 1498 2179 1553 tam
2237 1494 2486 1582 quietis
2542 1510 2743 1569 quam
2795 1495 3135 1570 inquieti8‚
3189 1502 3257 1555 et
3307 1496 3376 1556 in

292 1599 546 1657 occulto
613 1604 679 1657 et
744 1599 809 1657 in
877 1604 1133 1673 apert0,
1201 1615 1320 1673 per
1386 1598 1662 1657 insidias
1731 1597 1974 1657 furoris
2043 1598 2148 1656 sui
2205 1597 2551 1657 horrorem
2606 1605 2673 1658 et
2728 1605 3057 1660 terrorem
3125 1599 3380 1678 inquie-

293 1702 538 1762 tudinis
575 1703 834 1775 incutit,
872 1719 991 1778 per
1041 1702 1164 1761 hoc
1198 1702 1546 1761 Diabolum
1597 1719 1634 1760 a
1670 1719 1799 1776 quo
1837 1701 2138 1777 procedit
2174 1702 2464 1777 imitans,
2503 1703 2618 1778 qui
2656 1704 2966 1779 malignis
3002 1709 3379 1781 suggestio-

293 1806 486 1865 nibus
535 1808 680 1865 suis
729 1822 959 1865 omnes
1015 1807 1337 1881 inquietat
1370 1813 1437 1865 et
1484 1805 1842 1865 disturbat.
1878 1805 2002 1864 Sed
2037 1805 2371 1881 reliquum
2419 1821 2664 1881 corpus
2705 1807 2851 1881 ejus
2901 1809 3240 1883 scorpioni
3275 1826 3381 1870 as-

296 1913 650 1986 similatur,
703 1912 861 1989 quia
910 1928 1102 1971 omne
1152 1912 1328 1988 quod
1379 1911 1538 1986 agit,
1592 1926 1844 1969 veneno
1894 1911 2133 1969 mortis
2182 1910 2450 1985 plenum
2486 1912 2612 1985 est,
2664 1912 2981 1986 quoniam
3014 1891 3144 1972 non
3192 1913 3377 1973 aliud

301 2034 496 2092 quam
545 2017 845 2093 pericula
895 2016 1312 2076 infelicitatis
1360 2021 1427 2074 et
1463 2014 1699 2073 mortis
1751 2017 2015 2074 tractat.
2053 2013 2237 2085 Quod
2272 2016 2496 2074 autem
2529 2022 2761 2073 contra
2795 2015 3114 2073 Austrum
3157 2022 3225 2075 et
3257 2016 3381 2075 Oc-

297 2125 624 2185 cidentem
674 2140 746 2183 se
795 2126 1019 2198 vertit,
1072 2123 1199 2184 hoc
1247 2126 1352 2183 est
1398 2123 1575 2199 quod
1623 2123 1989 2183 virtutibus
2042 2124 2108 2181 in
2149 2138 2376 2182 amore
2425 2123 2814 2182 coelestium
2864 2123 3254 2183 ardentibus
3305 2140 3378 2184 se

296 2230 588 2304 opponit,
624 2232 690 2289 et
722 2230 898 2306 quod
932 2229 1283 2290 diabolicis
1317 2228 1602 2301 artibuS,
1642 2228 1864 2287 omnia
1899 2242 2362 2303 quaecumque
2388 2230 2612 2304 potest
2636 2227 3058 2302 subvertenS,
3089 2230 3376 2303 assistit,

299 2332 470 2392 sicut
517 2333 720 2393 etiam
772 2335 837 2393 in
883 2335 1085 2394 dictis
1134 2335 1311 2409 suis,
1362 2340 1437 2393 ut
1483 2335 2097 2409 praemonstratum
2145 2334 2280 2406 est,
2338 2331 2657 2393 declarat.
2707 2332 2830 2392 Sed
2881 2335 3233 2395 concordia
3285 2335 3385 2395 illi

300 2451 692 2512 responsum
727 2437 860 2509 dat,
899 2454 976 2496 ac
1009 2454 1154 2497 eam
1192 2438 1259 2496 in
1293 2436 1621 2497 infernum
1656 2435 2027 2511 projectam
2061 2450 2214 2495 esse
2248 2434 2650 2495 manifestat.

1683 2660 1981 2723 XXXVII.

1459 2851 1550 2915 De
1601 2860 1820 2934 forma
1867 2857 1990 2915 zeli
2045 2851 2185 2915 Dei.

392 3066 492 3127 49.
528 3066 774 3126 Deinde
809 3079 1072 3142 quoque
1108 3058 1188 3124 ad
1225 3058 1568 3124 sinistram
1603 3063 1860 3141 partem
1898 3067 2226 3141 praedicti
2260 3060 2389 3125 viri
2422 3061 2756 3141 conspicis
2803 3060 3183 3141 imaginem,
3222 3082 3387 3143 quaa·

299 3170 357 3228 si
393 3170 748 3231 humanam
786 3170 1062 3229 formam
1099 3169 1476 3242 habentem,
1515 3170 1672 3245 quia
1708 3170 2098 3245 iniquitates
2151 3171 2327 3244 illae,
2371 3186 2542 3246 quae
2577 3171 2778 3246 quasi
2821 3170 2902 3229 ad
2938 3172 3278 3232 sinistram
3318 3174 3385 3232 in

301 3274 637 3335 oblivione
672 3273 784 3333 Dei
811 3268 854 3351 ¹)
891 3276 1068 3347 sunt,
1098 3289 1215 3350 per
1242 3274 1501 3349 justum
1522 3273 1847 3347 judicium
1875 3273 1999 3332 zeli
2024 3272 2141 3333 Dei
2168 3273 2643 3348 dijudicantur,
2672 3271 2987 3349 quoniam
3016 3276 3082 3334 in
3107 3292 3386 3351 praeva-

303 3380 621 3439 ricatione
673 3379 1014 3437 hominum
1048 3378 1576 3438 committuntur.
1613 3378 1870 3436 Iustum
1919 3379 2094 3436 enim
2130 3376 2244 3436 Dei
2274 3377 2600 3452 judicium
2648 3389 2953 3453 quaeque
3006 3378 3254 3454 injusta
3281 3379 3386 3455 ju·-

307 3484 406 3539 ste
440 3481 784 3556 diiudicat.
822 3481 891 3540 In
927 3480 1119 3555 quus
1156 3481 1373 3556 capite
1409 3480 1643 3555 igneus
1677 3479 1971 3539 circulus
2005 3486 2133 3554 est,
2171 3479 2253 3539 de
2286 3496 2416 3556 quo
2452 3479 2635 3539 velut
2671 3479 2900 3555 igneae
2936 3481 3201 3557 linguae
3234 3500 3388 3559 pro⁴
3488 3470 3492 3473 ⁴

302 3585 563 3659 cedunt,
620 3585 778 3660 quia
813 3585 995 3644 zelus
1027 3584 1287 3643 Domini
1338 3600 1375 3642 a
1409 3584 1736 3660 principio
1771 3585 1996 3643 mundi
2030 3582 2495 3658 exardescenS,
2533 3585 2600 3644 et
2632 3584 2989 3644 circuitum
3025 3585 3389 3661 profundo-

313 3704 456 3746 rum
499 3687 906 3763 judiciorum
957 3702 1232 3746 suorum
1269 3687 1333 3746 in
1367 3687 1582 3761 primo
1631 3687 1907 3748 cadente
1945 3688 2180 3764 angelo
2212 3702 2638 3764 percurrenS,
2676 3704 2868 3747 omne
2915 3689 3136 3748 scelus
3168 3690 3392 3749 calore

306 3792 694 3868 cupiditatis
723 3807 1145 3865 succensum,
1175 3797 1242 3850 et
1276 3807 1394 3867 per
1428 3792 1822 3851 rationalem
1856 3798 2236 3852 creaturam
2264 3792 2696 3852 commissum
2732 3793 3086 3865 comburit,
3116 3809 3237 3854 nec
3271 3791 3391 3855 ali-

305 3895 458 3969 quid
510 3910 639 3954 non
672 3895 1121 3954 examinatum
1174 3894 1511 3971 relinquit.
1550 3894 1754 3970 Cujus
1808 3894 2012 3955 facies
2049 3912 2314 3972 quoque
2346 3895 2774 3956 coruscantia
2816 3895 3081 3971 fulgura
3113 3898 3385 3969 emittit,

308 4002 619 4078 quoniam
670 3999 896 4059 divina
945 3999 1110 4059 ultio
1159 4000 1575 4060 voluntatem
1623 4000 2098 4076 purgationum
2147 4017 2422 4060 suarum
2472 4001 2825 4061 manifeste
2872 4004 2940 4061 et
2973 4001 3231 4061 elucide
3278 4003 3391 4062 de·

308 4110 656 4178 monstrat,
708 4101 861 4162 cum
894 4119 1433 4179 unumquemque
1468 4104 1832 4163 secundum
1868 4105 2045 4181 quod
2079 4106 2473 4182 promeruit,
2512 4105 2665 4164 aliis
2710 4104 3162 4178 cernentibuS‚
3198 4121 3391 4181 aper-

310 4212 366 4266 te
416 4207 728 4280 flagellat.
780 4206 964 4277 Quod
1015 4213 1235 4266 autem
1286 4208 1486 4265 aliam
1540 4207 1818 4266 formam
1872 4209 1936 4266 in
1977 4224 2057 4267 ea
2107 4208 2332 4267 videre
2381 4225 2509 4267 non
2558 4214 2772 4284 poteS,
2819 4207 2975 4282 quia
3009 4224 3385 4269 marmoreo

310 4312 506 4387 pallio
557 4310 1032 4384 circumdatur,
1086 4309 1209 4370 hoc
1243 4317 1342 4369 est
1395 4311 1569 4386 quod
1620 4311 1948 4387 profunda
1990 4311 2242 4387 judicia
2281 4313 2344 4370 in
2378 4312 2517 4371 zelo
2550 4310 2667 4371 Dei
2703 4311 2827 4370 fine
2863 4316 3058 4370 tenus
3091 4312 3394 4372 conside-

308 4416 436 4473 rari
489 4429 616 4473 non
650 4416 949 4488 possunt,
1002 4415 1314 4490 quoniam
1363 4420 1499 4472 tam
1550 4415 1917 4494 invincibili
1970 4414 2359 4475 fortitudine
2392 4417 2988 4490 circumteguntur,
3027 4415 3205 4491 quod
3237 4431 3391 4475 exa-

311 4519 548 4578 minari
592 4514 644 4595 ²)
696 4524 811 4577 aut
866 4518 1155 4578 emolliri
1202 4535 1332 4578 non
1377 4519 1622 4594 valent,
1675 4518 1832 4594 quin
1890 4518 2112 4578 officia
2168 4537 2289 4578 sua
2338 4518 2699 4578 secundum
2760 4518 2934 4595 quod
2984 4519 3238 4594 justum
3290 4525 3398 4579 est

309 4623 684 4694 exerceant,
731 4622 888 4697 quia
936 4622 1159 4681 omnia
1210 4621 1273 4680 in
1324 4621 1720 4681 rectitudine
1768 4625 2141 4697 penetrant,
2194 4637 2364 4698 quae
2414 4638 2530 4696 per
2577 4621 3056 4698 poenitentiam
3104 4634 3391 4681 excussa

309 4734 373 4786 et
405 4732 689 4802 purgata
736 4743 866 4786 non
902 4732 1076 4786 sunt.
1113 4727 1275 4786 Nam
1325 4727 1500 4802 quod
1535 4727 1945 4803 poenitentia
1989 4732 2255 4803 purgat,
2294 4728 2479 4786 zelus
2511 4726 2630 4787 Dei
2662 4743 2792 4787 non
2824 4726 3180 4801 examinat,
3233 4743 3395 4802 quo-

311 4834 482 4892 niam
533 4832 944 4907 poenitentia
980 4831 1152 4906 ignis
1199 4837 1267 4891 et
1301 4831 1638 4907 flagellum
1672 4832 1888 4908 ipsius
1921 4836 2048 4907 est3
2085 4831 2264 4907 quod
2297 4847 2456 4891 vero
2493 4831 2857 4907 penitentia
2892 4847 3023 4890 non
3055 4829 3390 4905 excoquit,

310 4937 478 4995 idem
520 4937 702 4996 zelus
738 4937 1091 4995 consumit.

381 5137 420 5190 ¹)
450 5142 507 5192 in
532 5139 803 5193 oblivione
827 5142 1201 5211 omnipotentis
1231 5139 1332 5195 Dei
1355 5145 1479 5193 sunt
1506 5138 1596 5195 W.
1633 5173 1687 5179 —-
1720 5142 1764 5200 ⁴²)
1793 5144 2151 5196 exterminari
2174 5145 2271 5194 aut
2297 5140 2534 5195 emolliri
2562 5136 2648 5190 W.
