4036 6117
703 495 832 556 296
1862 511 1913 556 s.
1966 507 2501 559 inconcinnum>

633 639 847 708 scant,
884 630 1040 708 quia
1075 631 1132 690 si
1184 630 1429 705 aliquis
1467 628 1661 688 homo
1697 646 1774 688 ex
1809 633 2093 691 mortuis
2135 639 2520 709 resurgeret
2554 632 2858 692 homines
2909 637 3345 707 terrerentur,
3397 639 3468 692 ut
3518 635 3735 691 etiam

632 741 756 800 hoc
792 736 986 796 modo
1036 734 1202 795 socii
1236 734 1390 808 mei,
1443 734 1736 810 quinque
1785 751 2021 796 sensus
2070 739 2397 812 corporiS,
2437 738 2501 796 in
2552 742 2809 797 terrore
2854 738 3313 812 excutiantur,
3365 757 3448 796 ne
3484 743 3542 796 et
3596 735 3738 812 ipsi

631 847 898 905 veniant
935 842 1058 901 has
1106 840 1456 917 passiones
1492 840 1653 915 pati,
1692 842 1764 899 in
1799 840 2012 900 locum
2059 844 2234 901 hunc
2269 848 2776 917 tormentorum,
2830 843 2942 902 ubi
2976 858 3097 902 nos
3133 842 3199 902 in
3234 843 3472 902 timore
3503 839 3739 900 Domi-

638 952 708 1011 ni
742 949 1028 1009 maxime
1062 945 1465 1017 cruciamur,
1503 945 1661 1019 quia
1693 961 1823 1003 non
1858 945 2014 1003 licet
2048 945 2242 1004 nobis
2279 944 2497 1004 facere
2533 946 2709 1022 quod
2745 946 3030 1005 libenter
3067 946 3462 1006 faceremus

721 1055 802 1114 Et
853 1053 945 1111 ait
979 1050 1086 1109 illi
1121 1047 1474 1109 Abraham:
1513 1046 1766 1106 Habent
1805 1049 2091 1124 Moysen,
2132 1048 2390 1107 scilicet
2427 1049 2836 1108 ablutionem
2871 1050 3213 1124 baptismi,
3251 1055 3313 1109 et
3343 1052 3736 1127 prophetas,

632 1156 894 1215 scilicet
940 1153 1113 1213 dona
1160 1150 1446 1226 Spiritus
1496 1149 1747 1223 Sancti,
1800 1152 2080 1209 audiant
2130 1152 2302 1225 illos,
2344 1151 2570 1211 divina
2619 1157 2977 1228 praecepta
3011 1152 3435 1229 perficiendo.
3488 1154 3568 1212 At
3608 1151 3739 1211 ille

633 1259 892 1319 scilicet
916 1256 1229 1331 voluptas
1263 1254 1465 1313 diaeit:
1498 1252 1667 1326 Non,
1709 1252 1770 1311 id
1806 1259 1911 1312 est
1945 1254 2079 1312 noli
2114 1270 2231 1313 eos
2268 1255 2366 1313 sic
2400 1255 2881 1330 constringere,
2913 1262 3110 1332 pater
3144 1254 3492 1327 Abraham,
3522 1254 3642 1312 sed
3677 1255 3738 1311 si

634 1368 780 1444 quis
828 1364 908 1422 de
942 1360 1309 1421 virtutibus
1358 1378 1440 1417 eae
1474 1360 1776 1430 mortuis,
1832 1358 1894 1416 id
1930 1365 2035 1417 est
2082 1358 2163 1416 de
2198 1359 2493 1418 inaudito
2528 1361 2593 1418 et
2636 1360 2964 1419 absconso
3015 1359 3362 1433 miracu10,
3399 1357 3596 1435 quasi
3635 1362 3745 1416 to-
3818 1396 3823 1400 -

633 1470 855 1530 nitruo
884 1462 1210 1541 repentini
1247 1462 1422 1536 signi
1446 1462 1513 1520 in
1547 1462 1863 1536 suspirio,
1894 1463 2047 1520 ierit
2079 1462 2141 1521 in
2181 1468 2365 1521 motu
2408 1463 2810 1522 exterrentis
2845 1463 3333 1536 concussionis„
3372 1462 3437 1520 in
3471 1459 3741 1537 praeci-

633 1574 758 1650 piti
807 1572 986 1645 fletu,
1024 1569 1109 1629 ad
1155 1585 1284 1639 eos,
1324 1567 1583 1626 scilicet
1618 1566 1699 1625 ad
1736 1567 2099 1625 societates
2147 1567 2442 1643 quinque
2477 1584 2831 1643 sensuum,
2861 1571 3347 1645 poenitentiam
3380 1572 3609 1644 ayant,
3671 1564 3741 1624 id

636 1683 742 1737 est
791 1674 1222 1737 abstinebunt
1255 1688 1328 1731 se
1377 1690 1416 1732 a
1451 1673 1655 1745 ma10,
1711 1672 1802 1732 ita
1838 1679 1908 1731 ut
1955 1673 2119 1732 illud
2155 1690 2285 1734 non
2334 1675 2700 1748 perficiant.
2737 1676 2939 1747 Quasi
2986 1675 3189 1750 dicat,
3226 1677 3382 1752 quia
3416 1690 3539 1750 ego
3574 1688 3744 1749 ope-

636 1797 712 1842 ra
756 1781 870 1839 illa
915 1792 1086 1855 quae
1136 1776 1422 1837 libenter
1471 1774 1760 1835 facerem
1802 1777 1893 1835 ita
1926 1792 2238 1836 exercere
2274 1793 2404 1836 non
2436 1794 2714 1853 possum
2749 1785 2824 1839 ut
2858 1778 3121 1852 vellem;
3158 1779 3451 1855 quinque
3486 1792 3741 1837 sensus

637 1886 752 1962 qui
802 1882 1058 1943 suntin
1106 1895 1388 1956 corpore
1423 1895 1569 1940 meo
1620 1880 1859 1940 saltem
1898 1882 1984 1940 ita
2036 1887 2499 1941 exterreantur
2532 1888 2601 1942 et
2648 1888 3086 1942 coerceantur
3119 1883 3344 1959 aliquo
3392 1882 3742 1957 inopinato

638 2004 862 2066 opere,
897 1992 973 2046 ut
1005 2001 1123 2045 eos
1156 1999 1437 2060 peccare
1471 2000 1601 2043 non
1634 1984 1857 2044 libeat.

727 2095 835 2154 Ait
884 2096 1108 2150 autem
1159 2104 1316 2166 spes
1364 2089 1469 2147 illi
1517 2088 1868 2164 voluptati:
1924 2088 1994 2149 Si
2031 2089 2319 2166 Moysen,
2358 2090 2618 2149 scilicet
2651 2090 3060 2151 ablutionem
3094 2091 3436 2167 baptismi,
3484 2096 3544 2150 et
3576 2108 3745 2168 pro-

637 2201 900 2274 phetas,
940 2193 1004 2253 id
1037 2197 1143 2252 est
1176 2192 1348 2252 dona
1382 2190 1672 2267 Spiritus
1720 2191 1943 2251 Sancti
1978 2209 2112 2251 non
2146 2194 2430 2252 audiunt
2468 2194 2943 2254 consentiendo
2971 2195 3279 2272 justitiae
3311 2197 3378 2255 et
3412 2196 3741 2255 sanctita-

635 2301 709 2375 ti,
748 2316 959 2376 neque
1009 2299 1065 2356 si
1097 2298 1242 2374 quis
1290 2294 1373 2354 de
1406 2294 1772 2355 virtutibus
1821 2314 1905 2354 ea:
1939 2299 2219 2355 mortuis
2254 2297 2319 2356 in
2353 2297 2693 2374 aliquibus
2745 2298 3060 2359 inauditis
3095 2299 3331 2374 signiS,
3372 2300 3436 2358 in
3470 2298 3633 2358 fletu
3668 2303 3740 2357 et

636 2405 930 2480 planctu,
981 2402 1456 2474 resur-rement,
1495 2398 1560 2459 id
1608 2405 1713 2459 est
1745 2416 1862 2458 eos
1897 2405 2256 2460 concutere
2290 2402 2517 2477 vellet,
2556 2405 2847 2477 credent3
2888 2404 3150 2463 scilicet
3184 2404 3540 2480 quicquam
3579 2418 3739 2478 pro-

637 2508 896 2580 ficeret;
934 2504 1050 2565 sed
1086 2505 1262 2565 sicut
1297 2503 1488 2563 funes
1521 2502 1908 2564 Samsonem
1941 2521 2071 2564 non
2107 2506 2427 2581 ligabant,
2466 2507 2581 2566 sed
2617 2509 3120 2584 rumpebantur,
3161 2509 3260 2568 sic
3295 2522 3416 2568 nec
3456 2507 3567 2566 isti
3600 2512 3741 2565 ter-

641 2624 826 2670 rores
860 2608 1140 2684 suspirii
1166 2607 1292 2667 hos
1327 2607 1407 2667 ad
1444 2608 1922 2683 poenitentiam
1956 2615 2411 2684 concuterent,
2451 2611 2566 2669 sed
2605 2612 2668 2670 in
2704 2628 2947 2671 vanum
2982 2616 3480 2672 evanescerent.

1966 2852 2400 2963 XVIII.
2442 2956 2443 2959 ,

1517 3090 1592 3148 In
1649 3089 1992 3151 Dominica
2043 3093 2155 3152 III
2190 3100 2335 3169 post
2390 3095 2843 3154 Pentecosten.

2160 3305 2205 3364 1.

731 3410 933 3471 Homo
958 3409 1251 3486 quidam,
1291 3407 1547 3467 scilicet
1581 3407 1787 3468 Adam
1815 3403 1858 3487 ¹)
1893 3411 2079 3486 fecit,
2110 3410 2173 3469 id
2201 3416 2306 3470 est
2340 3411 2640 3470 lucratus
2674 3416 2809 3483 est,
2840 3427 3106 3470 coenam
3140 3425 3469 3485 inaquam,
3500 3405 3737 3465 videli-

638 3521 745 3575 cet
780 3515 953 3574 hunc
992 3513 1317 3572 caducum
1343 3512 1682 3585 mundum,
1721 3513 2119 3588 quandoque
2155 3514 2536 3588 finiendum,
2575 3514 2751 3591 quod
2786 3530 2992 3574 coena
3025 3514 3352 3589 designat,
3389 3518 3450 3571 et
3487 3514 3735 3571 vocavit

642 3621 910 3694 multos,
962 3618 1220 3677 scilicet
1255 3616 1406 3676 illos
1442 3616 1555 3693 qui
1589 3617 1669 3675 de
1704 3631 1776 3674 se
1810 3617 2137 3677 nascituri
2180 3624 2389 3678 erant.
2429 3619 2509 3679 Et
2545 3622 2722 3678 misit
2759 3619 3170 3680 admonendo
3214 3635 3476 3677 servum
3508 3633 3733 3688 suum,

645 3726 707 3785 id
757 3731 862 3785 est
894 3728 1296 3796 creaturam,
1349 3737 1519 3796 quae
1552 3722 1613 3780 ei
1650 3721 1714 3780 in
1749 3723 2076 3782 servitute
2128 3722 2430 3798 subjecta
2470 3724 2623 3800 fuit,
2660 3729 2819 3786 hora
2851 3742 3110 3799 coenae,
3163 3722 3422 3783 scilicet
3468 3722 3533 3780 in
3569 3725 3737 3779 tem-

642 3844 805 3905 pore
855 3825 1105 3901 mundi‚
1142 3826 1359 3885 dicere
1408 3825 1839 3900 ostendendo,
1877 3827 2207 3900 invitatis,
2261 3827 2523 3887 scilicet
2556 3827 2845 3888 humano
2901 3828 3151 3903 generi,
3190 3825 3367 3903 quod
3402 3826 3483 3884 ad
3519 3825 3738 3884 cultu-

651 3952 796 3996 ram
832 3932 1056 3993 mundi
1094 3929 1448 3991 invitatum
1482 3932 1647 4002 erat,
1684 3936 1755 3988 ut
1791 3933 2096 3989 venirent
2130 3947 2247 4005 per
2282 3933 2731 3992 ostensionem
2766 3950 2955 3992 suam
2994 3933 3059 3991 in
3093 3931 3339 4005 studio,
3368 3928 3727 4000 desiderio,

638 4048 707 4102 et
739 4041 1106 4111 voluntate,
1137 4035 1313 4095 sicut
1345 4041 1412 4095 et
1440 4035 1580 4111 ipse
1616 4035 2000 4110 laborando,
2041 4036 2425 4112 plantando,
2457 4039 2808 4113 tangend0‚
2849 4039 3203 4112 omniaque
3238 4052 3389 4094 cum
3424 4034 3735 4108 viridita-

642 4150 706 4206 te
732 4152 797 4205 et
824 4143 1114 4205 utilitate
1151 4139 1514 4209 fructuum,
1550 4138 1997 4200 obedientiam
2032 4140 2091 4199 ei
2127 4140 2549 4215 exhibebant,
2603 4143 2914 4218 quoniam
2953 4142 3094 4216 ipse
3138 4142 3394 4215 primus
3431 4139 3576 4210 fuit,
3617 4139 3729 4197 cui
3800 4199 3803 4200 γ

642 4249 822 4309 Deus
870 4263 950 4307 ea
985 4245 1381 4321 subJecerat:
1431 4241 1750 4322 quiajam
1777 4252 2020 4320 parata
2054 4252 2207 4304 sunt
2258 4247 2502 4320 omnia,
2549 4263 2720 4322 quae
2769 4247 2962 4305 vobis
3010 4244 3397 4304 necessaria
3447 4245 3621 4308 sunt.
3665 4244 3730 4300 in

639 4354 833 4413 nobis
859 4350 1196 4422 invenitiS,
1234 4355 1301 4408 et
1335 4349 1480 4408 ideo
1516 4349 1863 4409 nobiscum
1900 4349 1965 4407 in
1999 4349 2378 4409 obedientia
2414 4355 2651 4425 estote,
2690 4350 2865 4410 sicut
2900 4355 2967 4409 et
2999 4366 3121 4409 nos
3160 4348 3464 4409 Creatori
3497 4349 3728 4407 nostro

646 4456 1016 4517 obedimus

730 4559 812 4620 Et
849 4566 1200 4636 coeperunt
1231 4557 1297 4616 in
1331 4557 1746 4633 incoeptione
1781 4557 2005 4633 operis
2041 4559 2241 4616 simul
2275 4575 2496 4616 omnes
2532 4556 2833 4616 homines
2869 4575 3187 4617 excusare
3216 4556 3296 4615 de
3325 4554 3725 4627 obedientia,

637 4679 718 4722 ne
770 4664 860 4723 ita
903 4663 969 4722 in
1018 4667 1199 4721 statu
1235 4676 1356 4720 suo
1390 4658 1523 4720 Deo
1560 4667 1632 4720 ut
1681 4661 1891 4721 creati
1934 4667 2147 4733 erant,
2202 4661 2571 4736 obedirent,
2628 4662 2803 4720 sicut
2827 4661 3010 4722 aliae
3046 4664 3397 4721 creaturae
3449 4660 3511 4719 in
3548 4664 3728 4718 statu

645 4783 766 4826 suo
800 4769 1210 4842 permanent.

734 4852 1005 4934 Primus
1040 4871 1310 4943 scilicet,
1363 4869 1476 4945 qui
1512 4869 1798 4945 primum
1837 4870 2177 4930 contraria
2224 4871 2543 4944 fecerunt,
2582 4870 2754 4929 dixit
2809 4870 2872 4929 in
2909 4869 3187 4929 scientia
3225 4884 3369 4941 sua,
3407 4868 3514 4926 illi
3549 4881 3730 4925 crea-

643 4984 852 5038 turae:
913 4977 1171 5052 Villam,
1212 4975 1274 5035 id
1309 4982 1413 5035 est
1446 4974 1966 5066 possibilitatem
2016 4979 2168 5051 emi,
2216 4975 2474 5036 scilicet
2507 4974 2750 5035 sudore
2787 4973 3039 5034 laboris
3083 4971 3375 5051 possedi,
3413 4978 3475 5031 et
3510 4989 3730 5031 neces-

715 5174 756 5236 ¹)
786 5173 957 5231 Adam
983 5190 1090 5232 om.
1124 5175 1242 5231 cod.
1277 5174 1397 5231 sinc
1424 5190 1535 5245 quo
1564 5174 1794 5230 nomine
1825 5175 1977 5230 nulla
2009 5175 2103 5229 lux
2138 5174 2196 5229 in
2223 5174 2477 5231 caeteris
2509 5173 2641 5230 Luc.
2673 5173 2832 5236 xlv,
2867 5178 2930 5228 16
2952 5203 2973 5214 -
2996 5176 3082 5228 24.
