4036 6117
633 448 643 459 '
721 442 849 502 144

1341 927 1946 1002 CAPITULA
2008 927 2564 1016 QUARTAE
2614 929 3036 1004 PARTIS

1108 1243 1208 1299 DE
1243 1243 1426 1300 VIRO
1461 1245 1568 1300 AD
1603 1244 1968 1301 AUSTRUM
2005 1244 2099 1300 ET
2136 1245 2243 1299 AD
2279 1245 2751 1303 oocmEN'rmi
2788 1245 3250 1303 ASPICIENTE.

738 1880 785 1941 I.
844 1875 1043 1940 Verba
1071 1872 1462 1950 injustitiae.
2313 1875 2535 1938 XXIII.
2560 1879 2741 1952 Quod
2761 1878 2976 1940 Filius
3004 1878 3127 1940 Dei
3152 1880 3225 1938 in
3252 1876 3442 1938 corde
3469 1875 3698 1937 Patris

738 1987 816 2047 ΙΙ.
869 1986 1280 2062 Responsum
1293 1979 1623 2056 justitiae.
2226 1981 2475 2058 latens,
2521 1990 2750 2060 postea
2793 1987 2980 2046 homo
3033 1985 3251 2061 factus
3297 1981 3699 2058 baptismum

730 2091 840 2151 III.
899 2086 1100 2149 Verba
1131 2088 1432 2163 torporis.
2222 2086 2471 2147 attulit.

725 2196 828 2258 IV.
881 2198 1293 2274 Responsum
1321 2193 1762 2272 fortitudinis.
2308 2190 2561 2252 XXIIII.
2598 2191 2810 2253 David
2844 2192 2930 2252 ad
2961 2191 3260 2252 eamdem
3291 2206 3453 2248 rem.

727 2302 799 2363 V.
857 2298 1060 2361 Verba
1090 2300 1454 2359 oblivionis.
2305 2294 2493 2356 XXV.
2534 2295 2717 2368 Quod
2750 2303 2887 2356 octo
2917 2298 3082 2356 vitia
3105 2299 3242 2356 octo
3265 2291 3693 2352 beatitudini-

728 2406 830 2466 VI.
881 2408 1296 2482 Responsum
1330 2402 1720 2461 sanctitatis.
2214 2397 2328 2458 bus
2360 2403 2830 2478 repugnantia,
2865 2403 2939 2459 in
2965 2399 3414 2477 perditionem
3460 2395 3689 2454 redire

722 2510 856 2569 VII.
915 2507 1118 2568 Verba
1147 2508 1655 2567 inconstantiae.
2164 2561 2167 2564 ,
2213 2513 2555 2582 coquntur.

721 2612 885 2672 VIII.
935 2612 1348 2688 Responsum
1381 2611 1807 2669 constantiae.
2299 2608 2514 2671 XXVI.
2569 2611 2963 2687 Specialiter
2998 2611 3078 2670 de
3112 2607 3447 2685 injustitia
3478 2612 3540 2665 et
3575 2609 3692 2667 ha·-

721 2715 916 2776 VIIII.
973 2714 1173 2775 Verba
1204 2733 1401 2775 curae
1436 2719 1872 2773 terrenorum.
2207 2711 2346 2772 bitu
2380 2713 2521 2788 ejus
2555 2721 2619 2774 et
2652 2718 2813 2793 quid
2845 2718 3184 2796 siqnificet.

719 2817 805 2881 X.
855 2820 1269 2897 Responsum
1302 2816 1598 2878 coelestis
1632 2817 1969 2877 desiderii.
2297 2819 2541 2880 XXVII.
2582 2822 2977 2899 specialiter
3008 2821 3088 2879 de
3122 2827 3383 2897 torpore
3419 2826 3480 2878 et
3508 2817 3689 2880 habi-

714 2925 819 2985 XI.
880 2922 1082 2984 Verba
1112 2922 1585 2982 obstinationis.
2206 2927 2279 2979 tu
2311 2920 2454 2995 ejus
2487 2930 2549 2982 et
2585 2926 2746 3002 quid
2780 2926 3121 3002 siqnificet.

707 3031 844 3092 XII.
873 3029 1287 3107 Responsum
1311 3025 1831 3103 compunctionis
1858 3026 2092 3086 cordis.
2292 3026 2567 3090 XXVIII.
2607 3028 2800 3090 Liber
2837 3029 3220 3107 Sapientiae
3264 3027 3350 3088 ad
3382 3026 3684 3087 eamdem

702 3133 880 3198 XIII.
938 3134 1140 3196 Verba
1171 3133 1577 3211 cupiditatis.
2201 3148 2365 3190 rem.

701 3241 899 3303 XIIII.
949 3242 1364 3318 Responsum
1389 3243 1800 3313 contemptus
1828 3238 2086 3297 mundi.
2286 3238 2591 3300 XXVIIII.
2656 3240 3050 3318 Specialiter
3104 3239 3184 3298 de
3242 3236 3555 3297 oblivione
3612 3245 3677 3295 et

705 3345 834 3406 XV.
892 3342 1096 3405 Verba
1125 3343 1514 3404 discordiae.
2198 3336 2422 3405 habitu
2453 3343 2593 3418 ejus
2627 3352 2690 3403 et
2726 3345 2886 3423 quid
2920 3344 3258 3422 siqnificet.

701 3449 860 3510 XVI.
912 3451 1325 3527 Responsum
1358 3446 1761 3507 concordiae.
2287 3446 2473 3508 XXX.
2534 3448 2929 3525 Specialiter
2984 3448 3064 3507 de
3112 3448 3562 3508 inconstantia
3607 3453 3671 3506 et

700 3554 891 3614 XVII.
951 3551 1155 3613 Verba
1184 3552 1309 3613 zeli
1346 3549 1488 3611 Dei.
2195 3551 2422 3613 habitu
2452 3550 2593 3626 ejus
2627 3558 2689 3614 et
2722 3553 2883 3632 quid
2916 3551 3255 3631 siqnificet.

699 3655 920 3718 XVIII.
975 3656 1158 3730 Quod
1204 3660 1389 3717 homo
1426 3672 1551 3732 per
1597 3671 1825 3713 veram
1870 3653 2085 3715 obedi·
2283 3657 2499 3719 XXXI.
2532 3659 2926 3735 Specialiter
2953 3657 3033 3717 de
3059 3675 3222 3718 cura
3245 3661 3670 3716 terrenorum

608 3763 858 3821 tionem
903 3761 990 3821 ad
1019 3761 1307 3838 qratiam
1340 3760 1462 3820 Dei
1509 3757 1762 3833 redeat,
1799 3766 1861 3818 et
1898 3779 2080 3820 crea-
2186 3770 2249 3821 et
2282 3762 2507 3824 habitu
2532 3760 2673 3837 ejus
2705 3769 2767 3821 et
2801 3761 2964 3840 quid
2994 3761 3335 3841 si9nificet.

606 3867 735 3925 tori
768 3882 884 3926 suo
915 3866 1294 3927 adhaereat.
2272 3866 2519 3928 XXXII.
2574 3867 2970 3945 Specialiter
3016 3865 3096 3924 de
3129 3864 3561 3925 obstinatione
3599 3872 3665 3923 et

692 3971 942 4032 XVIIII.
973 3970 1156 4046 Quod
1181 3970 1358 4031 Deus
1383 3970 1716 4031 hominem
1747 3974 1968 4028 monet
1994 3976 2067 4028 ut
2176 3971 2401 4033 habitu
2432 3969 2574 4045 ejus
2607 3977 2670 4032 et
2700 3971 2862 4049 quid
2893 3973 3232 4051 siqnificet.

602 4076 822 4135 lucem
850 4075 1281 4136 beatitudinis
1313 4073 1635 4134 attendat.
2267 4073 2575 4137 XXXIII.
2613 4076 2826 4137 David
2857 4076 2944 4136 ad
2976 4075 3279 4135 eamdem
3312 4093 3476 4135 rem.

644 4244 648 4249 ,
691 4179 820 4240 XX·
877 4181 1059 4252 Quod
1105 4186 1291 4239 terra
1323 4179 1658 4237 sustinens
1690 4182 1752 4235 et
1791 4181 2068 4253 portans
2267 4183 2574 4244 XXXIIII.
2630 4182 3024 4260 Specialiter
3070 4183 3152 4241 de
3195 4181 3558 4258 cupiditate
3592 4187 3656 4237 et

598 4289 892 4343 caeteras
927 4290 1293 4353 creaturas,
1335 4283 1667 4343 hominem
1713 4298 1964 4361 quoque
1996 4283 2069 4340 in
2178 4285 2402 4348 habitu
2434 4286 2575 4362 ejus
2608 4293 2673 4345 et
2702 4286 2864 4363 quid
2897 4288 3234 4367 siqnificet,

595 4388 894 4448 omnibus
970 4387 1466 4449 necessitatibus
1543 4404 1711 4463 quae
1778 4390 2066 4462 corporis
2266 4390 2505 4452 XXXV.
2544 4392 2939 4469 specialiter
2971 4391 3051 4451 de
3084 4391 3415 4452 discordia
3438 4397 3500 4448 et
3536 4393 3650 4450 ha-

595 4491 737 4565 ejus
772 4498 950 4569 sunt,
987 4500 1344 4553 conservat.
2172 4494 2311 4555 bitu
2343 4493 2485 4570 ejus
2517 4503 2582 4556 et
2614 4496 2776 4574 quid
2808 4497 3147 4575 siqnificet.

678 4598 838 4660 XXI.
877 4599 1061 4671 Quod
1093 4605 1278 4657 terra
1299 4598 1586 4656 materia
1608 4598 1892 4656 hominis
1917 4598 2062 4655 exi·
2258 4596 2530 4658 XXXVI.
2587 4598 2670 4657 In
2725 4597 2991 4658 Actibus
3047 4598 3506 4674 Apostolorum
3561 4600 3649 4658 ad

584 4707 721 4779 stit,
758 4705 873 4781 qui
903 4704 1192 4762 materia
1235 4702 1671 4763 humanitatis
1723 4699 1885 4760 Filii
1935 4701 2057 4760 Dei
2165 4700 2467 4760 eamdem
2498 4719 2661 4761 rem.
3138 4720 3145 4725 ·

586 4816 704 4871 est.
2250 4802 2552 4865 XXXVII.
2588 4804 2758 4864 Item
2786 4805 3163 4882 specialiter
3188 4806 3268 4865 de
3292 4808 3513 4883 forma
3540 4827 3641 4867 ze-

671 4894 863 4973 XXII.
902 4913 1084 4986 Quod
1117 4914 1346 4972 anima
1379 4913 1670 4989 suspiria
1708 4911 1793 4970 ad
1843 4913 2057 4972 Deum
2168 4913 2217 4972 li
2252 4913 2373 4972 Dei
2407 4919 2469 4971 et
2506 4913 2667 4989 quid
2700 4914 3041 4991 siqnificct.
3420 4894 3427 4901 ⁶

581 5016 844 5092 habens,
902 5024 966 5077 et
1022 5020 1095 5078 in
1150 5017 1354 5078 beatis
1409 5017 1760 5096 virtutibus
1812 5020 2055 5095 qermi-
2249 5018 2581 5079 XXXVIII.
2636 5019 2962 5092 Quomodo
3008 5018 3224 5097 fidelis
3271 5023 3457 5080 homo
3490 5040 3641 5082 con-

576 5141 770 5199 nans,
807 5125 1092 5183 materia
1115 5121 1426 5182 bonorum
1463 5140 1736 5201 operum
1770 5125 2020 5183 existit.
2160 5129 2266 5181 tra
2290 5142 2355 5182 se
2384 5123 2697 5202 loquitur,
2721 5129 2991 5202 peccata
3018 5141 3137 5183 sua
3154 5143 3425 5202 pavens,
3454 5133 3512 5184 et
3544 5129 3637 5185 vi-
