4036 6117
730 462 862 522 594
1887 471 1935 515 ε.
1991 470 2529 519 ιιιι.υι-·.6Αειοι5

657 603 724 662 di
760 601 974 677 ipsius
1025 599 1305 675 figuram
1344 596 1640 670 interire,
1680 596 1796 655 sed
1833 603 1898 656 et
1935 598 2154 673 ipsum
2192 604 2404 658 totum
2440 614 2589 659 cum
2641 601 3205 677 concupiscentiis
3242 603 3379 663 suis
3431 604 3747 681 transire,

657 708 787 752 non
823 693 887 749 in
935 705 1014 749 eo
1050 686 1226 765 quod
1261 686 1594 758 subsistit,
1646 685 1766 745 sed
1802 685 1866 744 in
1901 701 1979 746 eo
2017 687 2194 762 quod
2234 689 2512 748 vanitati
2565 690 2913 764 subjectus
2943 696 3066 751 est.
3116 692 3580 753 Recurrebant
3613 696 3750 753 ani-

657 797 764 841 mo
798 780 946 855 ejus
981 777 1354 838 sententiae
1392 774 1878 851 sapientissimi
1913 774 2314 850 SalomoniS,
2355 777 2667 837 videlicet
2701 780 2873 855 quod
2921 782 3393 842 adolescientia
3425 791 3485 842 et
3505 782 3751 856 juven-

655 879 760 929 tus
792 887 1002 928 vanae
1036 874 1216 939 sunt;
1251 861 1294 942 ¹)
1330 867 1500 941 quod
1535 866 1590 922 si-
1623 867 1867 923 viaeerit
1904 867 2089 924 homo
2121 867 2307 925 mille
2342 870 2413 924 in
2447 870 2668 939 amzis,
2706 876 2766 926 et
2803 871 2902 929 his
2944 870 3240 929 omnibus
3275 891 3476 930 sames
3508 874 3744 948 fuerit,

650 961 1033 1018 meminisse
1082 955 1265 1014 debet
1304 954 1627 1013 tenebrosi
1676 956 1990 1030 temporis
2026 963 2086 1012 et
2122 956 2383 1014 dierum
2416 958 2805 1027 multorum,
2853 962 2965 1034 qui
3000 978 3147 1018 cum
3196 965 3528 1033 venerint,
3562 964 3750 1020 vani·

651 1050 808 1107 tatis
856 1051 1223 1122 arquentur
1270 1047 1660 1120 praeterita,
1712 1048 1778 1101 et
1811 1042 2152 1118 quoniam,
2206 1045 2384 1103 sicut
2435 1045 2496 1102 in
2532 1048 3099 1121 consequentibus
3134 1049 3250 1120 ait,
3303 1056 3545 1109 cuncta
3577 1069 3745 1127 quae

633 1139 846 1215 fiunt,
905 1136 1186 1194 adducet
1248 1133 1424 1192 Deus
1482 1134 1550 1190 ἰη
1574 1129 1940 1206 jndicium,
1989 1129 2042 1205 ²)
2093 1149 2212 1207 pro
2261 1133 2439 1192 omni
2491 1150 2586 1207 re,
2639 1136 2793 1211 sive,
2834 1135 3076 1195 bonum
3128 1137 3270 1195 sive
3319 1139 3571 1197 malum
3630 1140 3743 1211 sit;

653 1233 792 1285 tum
847 1239 1036 1293 vere,
1072 1226 1140 1282 et
1189 1222 1398 1280 totius
1448 1221 1701 1281 saeculi
1737 1220 2177 1280 novissimam
2227 1238 2377 1280 esse
2415 1222 2670 1296 horam,
2724 1240 2876 1283 cum
2910 1231 3132 1284 tamen
3183 1226 3545 1301 unicuique
3579 1243 3745 1286 suae

652 1314 817 1373 hora
868 1310 1289 1386 migrationis
1342 1311 1593 1369 incerta
1641 1310 1981 1382 existeret;
2036 1316 2452 1385 mortemque
2497 1313 2833 1385 justorum
2884 1314 3273 1389 pretiosam,
3325 1323 3393 1374 et
3440 1323 3748 1390 peccato-

651 1419 798 1462 rum
835 1402 1225 1477 pessimam;
1276 1403 1342 1458 et
1375 1405 1741 1475 postrem0,
1796 1399 2144 1458 universos
2183 1399 2289 1458 ubi
2331 1400 2392 1458 in
2430 1403 2555 1459 tine
2589 1402 2995 1475 ceciderunt,
3045 1403 3563 1462 irremeabiliter
3598 1406 3745 1462 sine

574 1556 592 1577 ⁸
631 1493 779 1551 tine
812 1505 1315 1567 permansuros

738 1581 813 1641 11.
855 1580 1033 1638 Haec
1081 1585 1146 1637 et
1183 1577 1570 1651 hujusmodi
1620 1577 1817 1653 quasi
1868 1577 2427 1636 comminationes
2477 1577 2591 1636 Dei
2646 1580 3120 1653 meditabatur,
3173 1581 3235 1639 in
3272 1581 3378 1640 his
3428 1588 3599 1651 erat,
3646 1598 3747 1640 se-

645 1669 936 1729 cundum
971 1668 1135 1727 haec
1164 1684 1235 1726 se
1265 1667 1681 1739 instituebat,
1718 1682 1800 1725 ne
1833 1672 2095 1725 erraret
2132 1666 2193 1724 in
2228 1667 2613 1741 solitudine,
2642 1668 2944 1742 ‚placitus
2979 1668 3132 1729 Deo:
3171 1687 3336 1745 puer
3368 1686 3555 1742 vero,
3591 1687 3747 1746 gra—

646 1761 740 1819 tia
790 1758 1189 1819 Benedictus
1237 1763 1304 1814 et
1353 1756 1642 1829 nomine,
1695 1763 1946 1831 quanto
1997 1756 2349 1828 secretior,
2402 1764 2585 1815 tanto
2635 1757 3010 1817 districtior
3058 1759 3157 1817 sui
3212 1760 3426 1834 ipsius
3473 1775 3743 1829 censor,

631 1849 989 1923 castigans
1039 1862 1286 1920 corpus
1321 1860 1517 1903 suum
1552 1850 1620 1903 et
1670 1845 1731 1903 in
1769 1845 2166 1903 servitutem
2210 1845 2548 1916 redigens,
2588 1862 2667 1904 ne
2706 1849 2769 1905 in
2807 1863 3087 1905 vacuum
3123 1854 3427 1907 curreret
3477 1856 3594 1907 aut
3629 1864 3744 1907 cu-

644 1938 960 2008 curisset,
991 1936 1053 1995 in
1083 1938 1339 1995 tantum
1370 1940 1471 2005 ut,
1502 1934 1691 1993 salvo
1722 1934 2070 1993 intellectu
2100 1935 2406 2008 mystice,
2437 1936 2770 1993 veraciter
2793 1936 3018 1995 dicere
3047 1942 3296 2012 posset:
3322 1938 3532 1998 Pel-lis
3558 1956 3743 1995 meae

642 2028 1045 2103 consumptis
1095 2022 1424 2096 carnibus,
1474 2024 1770 2083 adhaesit
1807 2041 1874 2081 os
1907 2041 2133 2081 meum
2166 2028 2352 2082 carni
2386 2042 2593 2095 meae,
2632 2032 2691 2082 et
2729 2026 3053 2084 derelicta
3092 2035 3242 2083 sunt
3280 2028 3740 2085 tantummodo

640 2115 812 2175 labia
844 2118 1020 2175 circa
1065 2115 1297 2172 dentes
1332 2129 1527 2173 meos.
1561 2106 1610 2187 ³)
1662 2112 1872 2183 Quam
1904 2111 2260 2170 districtus
2309 2120 2532 2171 autem
2569 2115 2673 2172 sui
2710 2115 3016 2188 corporis
3064 2114 3330 2189 artifex,
3368 2115 3475 2175 vel
3511 2118 3739 2190 potius

641 2203 931 2265 sacrifex
979 2204 1302 2274 extiterit,
1353 2217 1555 2277 quam
1607 2200 1870 2271 fortem,
1922 2217 2123 2276 quam
2174 2209 2526 2276 acceptum
2576 2218 2648 2261 se
2696 2202 2830 2262 Deo
2882 2204 3299 2263 sacerdotem
3355 2205 3418 2263 in
3462 2220 3537 2263 se
3590 2206 3736 2279 ipso

622 2293 1079 2354 sacrificando
1137 2291 1539 2364 exhibuerit,
1592 2306 1671 2349 ex
1720 2291 1846 2350 hoc
1895 2306 2026 2350 uno
2076 2291 2441 2365 colligitur.
2501 2292 2663 2350 Cum
2715 2291 3074 2366 aliquando
3126 2293 3444 2353 instinctu
3505 2293 3735 2353 Zabuli

623 2383 866 2444 ‘carnis
914 2382 1232 2442 illecebra
1282 2381 1686 2455 pulsaretur,
1738 2396 2031 2455 superna
2079 2381 2299 2453 gratia
2353 2380 2572 2439 factus
2616 2396 2686 2438 se
2739 2382 2882 2455 ipso
2937 2380 3197 2454 fortior,
3251 2384 3623 2441 urticarum
3672 2388 3738 2442 et

638 2473 945 2549 veprium
989 2470 1178 2546 Juxta
1212 2470 1420 2530 densa
1469 2484 1903 2529 succrescere
1956 2469 2205 2527 fruteta
2238 2470 2684 2544 conspicienS,
2735 2472 2975 2529 exutus
3014 2470 3444 2544 indumentiS,
3482 2471 3737 2532 nudum

619 2577 710 2621 ·se
745 2562 810 2620 in
848 2562 1032 2621 illius
1081 2560 1295 2619 silvae
1329 2559 1587 2618 aculeis
1620 2565 1688 2618 et
1736 2558 2068 2617 incendiis
2120 2557 2422 2632 projecit.
2476 2559 2709 2634 Ibique
2740 2558 2854 2617 diu
2894 2560 3264 2627 volutatus,
3319 2566 3458 2620 toto
3508 2575 3590 2618 ex
3638 2562 3738 2619 eis

624 2666 918 2726 corpore
967 2650 1363 2708 vulneratus
1412 2648 1598 2721 exiit,
1651 2654 1718 2707 et
1754 2664 1872 2723 per
1922 2647 2099 2707 cutis
2134 2647 2412 2706 vulnera
2461 2648 2691 2706 eduxit
2726 2648 2808 2706 ab
2858 2648 3136 2707 internis
3189 2650 3430 2708 vulnus
3467 2650 3736 2719 mentis,

636 2739 796 2817 quia
829 2739 1244 2811 voluptatem
1294 2739 1495 2796 traxit
1530 2737 1597 2796 in
1630 2736 1957 2810 dolorem,
1995 2752 2282 2811 cumque
2317 2737 2680 2796 carnaliter
2713 2736 2979 2796 arderet
3016 2736 3205 2809 foriS‚
3241 2738 3526 2797 extinxit
3558 2738 3737 2813 quod

635 2828 870 2888 illicite
921 2826 1200 2886 ardebat
1248 2826 1452 2887 intus,
1503 2825 1610 2884 Sic
1660 2825 1979 2885 sacerdos
2016 2842 2230 2886 novus
2283 2841 2353 2884 se
2392 2826 2609 2901 ipsum
2644 2825 2777 2884 Deo
2832 2826 3292 2885 incunctanter
3340 2827 3733 2894 victimans,

610 2917 800 2977 ·vicit
833 2919 1208 2992 peccatum,
1259 2921 1327 2973 et
1363 2913 1428 2973 in
1460 2920 1737 2990 peccato
1773 2913 2214 2990 triumphavit
2263 2915 2669 2973 incentorem
2724 2915 2978 2990 peccati
3012 2914 3387 2988 Diabolum,
3439 2916 3555 2992 qui
3592 2932 3739 2974 mu-

612 3006 803 3068 tavit
854 3004 1251 3065 incendium.
1303 3002 1392 3062 Et'
1417 3004 1541 3064 hac
1574 3003 1793 3080 prima
1841 3004 2320 3080 congressione
2356 3005 2447 3064 ita
2484 3005 2546 3062 in
2598 3009 2963 3080 conspectu
2995 3003 3142 3078 eJ'us
3175 3004 3256 3064 ad
3309 3003 3595 3065 nihilum
3635 3021 3705 3064 re

630 3097 870 3156 dactus
918 3102 1023 3154 est
1060 3095 1396 3166 inimicus,
1433 3099 1507 3152 ut
1541 3094 1606 3153 in
1641 3093 1766 3153 hac
1816 3099 2006 3169 parte
2043 3094 2258 3152 denuo
2308 3110 2743 3167 congressum
2782 3110 2911 3152 non
2949 3099 3303 3168 repeteret,
3354 3096 3516 3169 quia
3551 3095 3733 3154 sicut

630 3187 776 3262 ipse
824 3184 1250 3259 postmodum
1301 3182 1721 3257 perhibebat,
1776 3183 1869 3241 ita
1916 3183 2233 3256 deinceps
2270 3183 2333 3241 in
2385 3198 2462 3242 eo
2497 3188 2601 3242 est
2653 3183 2931 3243 tentatio
2986 3183 3353 3257 voluptatis
3402 3183 3726 3255 edomita,

612 3280 704 3333 ·ut
739 3275 872 3334 tale
913 3275 978 3332 in
1012 3288 1084 3332 se
1120 3272 1374 3347 aliquid
1424 3272 1696 3331 minime
1730 3271 2033 3331 sentiret:
2082 3278 2149 3330 et
2183 3271 2268 3330 ab
2317 3271 2443 3330 hoc
2471 3272 2605 3344 jam
2642 3271 2893 3346 duplici
2943 3272 3168 3330 clarus
3204 3274 3521 3344 victoria,
3564 3272 3726 3332 dum

611 3371 698 3423 ‘et
736 3365 799 3422 in
833 3379 922 3422 ser
957 3362 1327 3435 triumphat
1376 3376 1644 3420 carnem
1679 3368 1748 3420 et
1796 3361 2110 3436 spiritum
2150 3362 2211 3419 in
2248 3363 2602 3431 tentatore,
2641 3377 2760 3435 per
2793 3360 3156 3420 vindictam
3204 3362 3472 3421 divinae
3524 3361 3730 3421 liber-

608 3453 794 3512 ··tatis
828 3468 906 3512 ex
957 3452 1217 3524 integro
1254 3466 1441 3522 suuS‚
1498 3452 1698 3509 immo
1733 3449 1848 3508 Dei
1889 3449 2128 3509 factus
2180 3449 2271 3508 De
2304 3457 2573 3509 caetero
2623 3466 2749 3508 non
2786 3465 3069 3524 pugnae,
3122 3465 3241 3508 nec
3279 3457 3502 3508 tamen
3549 3450 3725 3509 desi·

604 3541 779 3600 ·diae
805 3581 821 3607 ,
880 3540 995 3599 sed
1048 3539 1152 3597 sui
1211 3539 1557 3599 custodiae
1608 3539 1926 3609 vacabat,
1986 3538 2307 3598 claudens
2362 3544 2427 3597 et
2477 3539 2704 3612 rigans
2764 3538 3031 3598 hortum
3092 3545 3475 3599 sanctarum
3541 3540 3727 3613 plan-

604 3630 957 3688 ·tationum
1023 3643 1321 3694 suarum,
1388 3634 1456 3688 et
1519 3628 1861 3687 inebrians
1925 3634 2163 3703 partus
2198 3627 2303 3686 sui
2369 3627 2680 3686 fructum.
2750 3627 2911 3687 Nam
2979 3628 3153 3687 satio
3219 3630 3325 3687 vel
3390 3629 3724 3704 plantatio

625 3734 827 3794 quam
864 3719 928 3776 in
963 3733 1043 3778 eo
1077 3717 1395 3776 coelestis
1428 3717 1726 3791 agricola
1762 3717 2215 3789 inchoaverat,
2267 3717 2412 3790 ejus
2450 3717 2529 3774 ad
2570 3718 2776 3775 vitam
2815 3716 3060 3789 studi0,
3114 3717 3292 3776 sicut
3326 3717 3421 3777 ait
3454 3723 3727 3793 aposto-

567 3821 574 3836 *
629 3808 757 3874 lus,
797 3808 919 3867 Dei
966 3804 1302 3882 adjutores
1334 3824 1586 3880 sumus,
1620 3801 1668 3882 ⁸)
1707 3806 1954 3865 multos
1986 3812 2055 3864 et
2088 3806 2485 3881 praecipuos
2524 3807 2586 3864 in
2623 3806 2736 3865 illo
2776 3807 3100 3864 virtutum
3139 3806 3399 3865 fructus
3435 3806 3716 3881 peperit.

718 3896 824 3956 111.
877 3895 1170 3967 Quorum
1221 3896 1405 3954 clara
1454 3894 1814 3970 acquisitio
1849 3911 1930 3953 ne
1966 3895 2223 3954 incuria
2271 3895 2629 3970 deperiret,
2668 3895 3129 3954 aedificatione
3162 3895 3267 3953 vel
3296 3899 3718 3969 ‚munimento

611 3986 928 4044 ¹vallabat
961 4001 1102 4058 eos,
1155 4001 1481 4059 aquarum
1531 3984 1863 4044 conductu
1901 3983 2189 4058 rigabat,
2242 3988 2309 4044 et
2361 3989 2430 4042 ut
2482 3984 2699 4043 adhuc
2750 3985 2813 4043 in
2849 3989 3192 4043 senectute
3244 3983 3716 4044 misericordia

605 4074 920 4134 uberiori
980 4073 1325 4134 stillicidio
1384 4075 1657 4150 superni
1694 4074 1868 4134 roris
1928 4073 2571 4148 multiplicarentur,
2633 4073 3098 4148 impetratione
3155 4074 3714 4149 opportuniorum

580 4163 946 4224 wimbrium
980 4162 1448 4237 perfundebat,
1486 4164 1933 4222 maceriarum
1968 4155 2157 4246 [ope]
2208 4161 2562 4221 claudebat
2600 4161 2891 4236 hortum;
2922 4162 3180 4220 scilicet
3218 4168 3289 4221 ut
3324 4163 3566 4222 merito
3603 4178 3714 4220 vo-

621 4259 893 4312 caretur
941 4252 1331 4311 aedificator
1378 4253 1663 4327 sepium,
1707 4258 2106 4312 convertens
2156 4251 2434 4310 semitas
2488 4252 2547 4309 in
2584 4251 2901 4325 quietem,
2955 4266 3035 4309 ne
3071 4253 3184 4310 aut
3221 4250 3328 4310 fur
3374 4253 3714 4310 subintra-

593 4348 753 4413 ·ret,
787 4348 919 4402 aut
953 4342 1126 4400 mala
1159 4340 1376 4400 denuo
1412 4356 1530 4418 per
1577 4357 1730 4400 eum
1765 4341 1982 4400 bestia
2018 4341 2362 4410 transiret,
2416 4356 2564 4398 cum
2600 4340 2747 4414 ejus
2784 4345 2930 4398 sata
2965 4341 3071 4398 vel
3120 4340 3420 4414 plantata
3452 4357 3583 4400 non
3617 4339 3712 4397 di-

595 4430 905 4504 ··reptioni
941 4446 1062 4488 nec
1096 4431 1580 4490 conculcationi
1634 4436 1956 4504 paterent.
1993 4430 2367 4488 Divisiones
2405 4445 2562 4487 vero
2598 4446 2922 4503 aquarum
2976 4429 3460 4488 deducentibus
3496 4429 3711 4489 oculis

587 4521 804 4592 ·ejus;
831 4520 1091 4592 rigabat
1120 4535 1298 4589 eum,
1337 4535 1414 4577 ex
1451 4521 1710 4593 irriguo
1739 4525 1961 4578 autem
1996 4519 2327 4592 superiori
2364 4518 2771 4577 desiderium
2798 4519 3175 4593 spiritualis
3210 4519 3468 4594 gratiae
3495 4518 3713 4594 quoti-

591 4610 815 4667 ⁴⁴diano
853 4609 916 4666 in
956 4625 1028 4664 se
1064 4608 1367 4682 profectu
1402 4609 1761 4682 adaugens.
1801 4608 1969 4667 Huic
2007 4608 2298 4666 intentus
2335 4609 2575 4666 mentis
2611 4607 2952 4679 exercitio,
2994 4607 3294 4680 sedebat,
3332 4607 3708 4667 sabbatiza-

619 4699 732 4757 bat
765 4703 833 4756 et
868 4714 994 4756 non
1045 4697 1530 4770 revertebatur;
1584 4698 1806 4756 stabat
1840 4700 1905 4756 et
1938 4696 2540 4772 contemplabatur;
2597 4699 2861 4756 tacebat
2893 4701 2961 4756 et
2994 4696 3415 4772 loquebatur;
3468 4695 3708 4754 sabba-

588 4787 866 4845 tizabat
899 4794 966 4845 et
999 4786 1456 4846 exercebatur.
1497 4787 1852 4846 Absolvam
1891 4786 2384 4861 compendiose,
2423 4785 2755 4861 quomodo
2790 4785 2872 4844 ad
2909 4786 3070 4845 haec
3122 4789 3253 4845 tam
3288 4785 3560 4844 diversa
3593 4784 3705 4843 vel

614 4877 954 4934 contraria
992 4890 1159 4932 unus
1214 4877 1350 4950 ipse
1389 4874 1673 4934 tenenda
1722 4874 2062 4934 sufficeret
2113 4876 2256 4933 sine
2304 4875 2699 4934 difficultate
2751 4876 2854 4933 vel
2906 4876 3365 4950 repugnantia.
3418 4873 3704 4933 Sedebat

614 4981 798 5038 erg0,
837 4964 1150 5039 quoniam
1188 4963 1475 5023 sollicita
1514 4965 1813 5038 seipsum
1850 4964 2408 5037 consideratione,
2455 4964 2558 5022 vel
2597 4981 2631 5022 a
2667 4964 2937 5039 propria
2974 4964 3076 5022 sui
3116 4965 3328 5039 ipsius
3362 4963 3702 5039 negligen-

686 5168 724 5218 ¹l
757 5167 935 5221 Ecclr.
969 5166 1072 5228 xl,
1102 5172 1151 5221 8.
1191 5199 1242 5206 ·—
1279 5170 1320 5229 2)
1352 5168 1523 5221 Eccli.
1558 5166 1659 5228 xl,
1691 5170 1738 5220 9.
1780 5197 1838 5205 —
1867 5166 1910 5232 ³)
1937 5166 2062 5220 Job.
2098 5165 2257 5229 xix,
2284 5169 2369 5220 20.
2406 5198 2467 5205 -—
2499 5167 2539 5226 ⁴)
2575 5174 2596 5220 1
2629 5166 2750 5222 Cor.
2788 5165 2891 5227 ln.
2925 5169 2973 5219 9.
