4036 6117
1239 549 1470 596 mer-:n
1517 548 1717 595 V1TAE
1766 546 2244 594 Mami-onum.
2297 549 2354 592 P.
2404 546 2502 592 vt.
3209 531 3329 592 231

329 671 506 744 rant,
544 669 993 729 calceamenta
1027 683 1256 728 eorum
1294 685 1496 745 super
1544 670 1762 728 nivem
1795 662 1841 747 ¹)
1892 667 2172 727 candida
2222 672 2693 744 apparuerunt.
2731 667 2848 727 Isti
2895 668 3069 726 enim
3130 667 3283 728 dum
3346 669 3413 728 in

327 775 602 833 saeculo
652 773 1088 833 saeculariter
1135 774 1460 846 viverent,
1511 771 1933 848 naufragium
1991 772 2283 847 peccatis
2318 772 2482 845 suis,
2528 777 2680 829 ante
2738 770 2970 830 horam
3027 773 3094 830 et
3149 772 3214 829 in
3271 772 3417 847 ipsa

329 861 500 921 hora
548 862 870 922 transitus
906 863 1033 936 sui,
1085 862 1150 920 in
1196 862 1603 937 poenitentia
1651 877 1771 937 per
1818 861 2115 920 divinam
2167 860 2669 936 inspirationem
2725 858 3039 932 fecerant,
3090 866 3157 919 et
3207 860 3302 919 ita
3347 860 3418 919 in

332 967 708 1026 salvatione
760 966 1011 1025 inventi
1053 967 1226 1025 sunt.
1278 966 1407 1024 Alii
1441 981 1624 1037 vero,
1663 966 1818 1041 quia
1867 971 2140 1041 propter
2192 964 2567 1023 saecularia
2614 964 2834 1022 officia
2881 962 3086 1022 Deum
3135 979 3265 1023 non
3315 978 3420 1022 re·-

327 1069 689 1145 liquerant,
726 1070 840 1129 sed
883 1070 1259 1130 voluntarie
1293 1075 1649 1144 praecepta
1683 1069 1829 1144 ejus
1867 1070 1932 1127 in
1957 1068 2275 1128 cordibus
2310 1069 2449 1127 suis
2483 1067 3005 1143 compleverant,
3044 1067 3111 1126 in
3144 1066 3414 1126 saeculo

327 1176 773 1234 saeculariter
819 1174 1145 1248 viventeS,
1185 1173 1301 1233 sed
1337 1178 1557 1233 tamen
1606 1173 1809 1232 Deum
1863 1190 1991 1233 non
2041 1171 2453 1247 deserenteS,
2510 1172 2838 1231 circulum
2885 1171 3080 1248 quasi
3128 1186 3208 1229 ex
3251 1186 3415 1230 auro

333 1279 399 1338 in
434 1280 769 1355 capitibus
806 1280 948 1338 suis
982 1278 1357 1353 gestabant3
1394 1284 1461 1337 et
1499 1279 1656 1353 quia
1691 1278 1757 1336 in
1793 1279 1936 1352 lege
1967 1277 2086 1336 Dei
2126 1285 2395 1337 strenue
2431 1276 2958 1349 ambulaverant,
3005 1277 3417 1336 calceamen-

328 1388 400 1440 ta
451 1382 748 1457 ipsorum
800 1383 984 1441 velut
1033 1381 1428 1457 smaragdus
1480 1380 1841 1455 fulgebant.
1893 1381 1976 1439 Hi
2026 1386 2244 1439 autem
2297 1381 2453 1439 dum
2508 1381 2575 1438 in
2624 1380 3023 1455 corporibus
3072 1380 3215 1439 suis
3252 1380 3416 1439 fuis-

328 1492 508 1553 sent,
545 1486 752 1545 Deum
790 1502 915 1545 non
952 1491 1492 1562 postposuerant,
1526 1486 1640 1543 sed
1677 1486 1916 1560 legalia
1966 1492 2323 1560 praecepta
2356 1483 2594 1543 devote
2628 1484 3152 1558 compleverant,
3182 1500 3415 1561 quam-

328 1591 437 1650 vis
487 1607 766 1666 corpore
816 1592 1084 1650 saeculo
1120 1596 1186 1649 et
1235 1590 1564 1649 saeculari
1603 1590 1784 1649 vitae
1834 1590 2130 1664 impositi
2180 1591 2427 1649 essent.
2478 1588 2759 1664 Reliqua
2797 1591 3016 1647 autem
3068 1605 3417 1649 ornamen-

328 1700 396 1753 ta
435 1695 704 1754 illorum
762 1701 830 1754 et
881 1696 1163 1754 istorum
1198 1699 1265 1753 et
1318 1694 1847 1768 significationes
1881 1709 2114 1753 eorum
2163 1694 2342 1752 visui
2390 1698 2457 1753 et
2496 1692 2859 1751 intellectui
2896 1709 3043 1753 meo
3077 1695 3411 1756 occultata

329 1803 512 1857 sunt.

1760 1946 1974 2004 XXVI.

886 2140 978 2200 De
1028 2136 1407 2200 coelestibus
1457 2141 1904 2216 confessorum
1939 2144 2001 2196 et
2045 2139 2537 2214 poenitentium
2584 2139 2867 2214 qaudiiS.

419 2331 527 2392 29.
585 2329 708 2389 Sed
756 2336 823 2390 et
871 2331 1074 2390 alium
1106 2327 1158 2409 ²)
1210 2331 1419 2390 multo
1468 2330 1742 2406 majoris
1792 2336 1857 2389 et
1904 2329 2198 2390 infinitae
2248 2330 2577 2389 claritatis
2612 2329 3030 2406 splendorem
3063 2330 3407 2407 videbam,

329 2438 523 2513 cujus
571 2437 829 2496 nullum
877 2436 1073 2495 finem
1123 2435 1523 2509 sentiebam;
1575 2435 1690 2511 qui
1740 2438 1995 2495 tantum
2050 2433 2373 2510 fulgorem
2420 2434 2502 2493 de
2550 2450 2621 2493 se
2672 2432 2978 2508 reddidit,
3031 2434 3207 2511 quod
3255 2451 3408 2496 eum

329 2540 571 2598 intueri
617 2554 747 2598 non
780 2540 1103 2613 poteram,
1156 2537 1474 2614 quoniam
1510 2553 1713 2613 supra
1763 2537 2123 2597 humanum
2163 2538 2573 2597 intellectum
2622 2541 2786 2610 erat3
2825 2537 2931 2596 cui
2981 2538 3183 2597 etiam
3216 2554 3408 2614 prae-

330 2642 466 2701 fata
515 2642 791 2701 claritas
828 2643 920 2701 ita
953 2642 1381 2717 adhaerebat,
1433 2641 1992 2719 quemadmodum
2043 2642 2227 2717 regio
2279 2641 2359 2701 ad
2410 2641 2749 2717 regionem
2794 2640 3193 2717 extenditur,
3246 2643 3408 2719 quia

327 2744 492 2805 haec
539 2745 939 2821 principium
990 2747 1057 2805 et
1088 2746 1275 2821 origo
1327 2746 1508 2804 illius
1565 2744 1800 2805 fuerat.
1841 2740 1891 2824 3>
1943 2745 2021 2805 Et
2058 2747 2122 2805 in
2157 2747 2288 2805 ista
2320 2761 2513 2804 omne
2561 2760 2774 2821 genus
2808 2752 3196 2805 cunctarum
3247 2747 3410 2807 deli-

320 2851 601 2925 ciarum,
636 2855 703 2909 et
736 2865 929 2909 omne
955 2864 1164 2924 genus
1193 2848 1624 2923 musicorum,
1663 2865 1741 2908 ac
1777 2865 1974 2908 voces
2008 2849 2461 2925 psallentium,
2499 2855 2565 2907 et
2599 2848 2841 2924 gaudia
2867 2848 3284 2924 gaudiorum,
3324 2864 3404 2909 ac

320 2955 847 3029 magnitudinem
894 2954 1100 3015 totius
1136 2954 1430 3013 laetitiae
1479 2971 1630 3014 esse
1665 2955 2061 3028 sentiebam;
2113 2956 2428 3031 quoniam
2462 2958 2722 3015 animas
2773 2956 3214 3034 quorumdam
3253 2974 3406 3018 san-

332 3070 618 3133 ctorum,
669 3062 785 3136 qui
835 3061 1093 3135 magnis
1142 3063 1208 3120 et
1254 3061 1442 3120 duris
1499 3061 2059 3135 castigationibus
2116 3077 2399 3137 corpora
2448 3078 2569 3121 sua
2626 3062 2689 3120 in
2739 3063 3008 3121 saeculo
3068 3063 3409 3122 cruciave-

325 3172 497 3239 rant,
534 3169 603 3225 et
633 3165 834 3224 etiam
869 3165 1130 3224 animas
1180 3165 1465 3223 aliorum
1502 3165 1946 3240 quorumdam
1984 3171 2393 3239 sanctorum,
2431 3167 2547 3241 qui
2582 3181 2867 3240 corpora
2917 3182 3038 3225 sua
3074 3181 3192 3239 pro
3226 3182 3407 3226 amo-

324 3284 394 3327 re
443 3268 620 3328 vitae
656 3268 975 3343 martyrio
1026 3267 1461 3341 tradiderant,
1503 3269 1564 3326 in
1601 3284 1679 3327 ea
1728 3284 1880 3327 esse
1917 3268 2235 3343 sciebam;
2289 3268 2403 3327 sed
2440 3268 2620 3327 nulla
2669 3284 2900 3328 eorum
2935 3284 3107 3345 quae
3159 3269 3223 3327 in
3258 3270 3406 3343 ipsa

322 3374 512 3432 erant
558 3371 690 3431 nisi
730 3371 912 3432 velut
944 3388 1064 3448 per
1113 3372 1456 3448 speculum
1508 3371 1843 3446 videbam,
1883 3371 2041 3448 quia
2077 3387 2197 3431 nec
2229 3364 2530 3432 eamdem
2579 3371 3027 3431 claritatatem
3077 3372 3407 3449 inspicere

336 3476 659 3536 valebam.

415 3578 521 3640 30.
557 3580 634 3639 Et
667 3596 742 3639 ex
782 3580 885 3641 his
919 3580 1244 3657 quosdam
1279 3582 1462 3640 velut
1497 3596 1615 3658 per
1665 3581 2010 3657 speculum
2048 3582 2299 3657 aspexi,
2352 3581 2467 3657 qui
2502 3581 2693 3657 quasi
2742 3586 2929 3641 veste
2977 3581 3255 3641 candida
3291 3598 3414 3641 nu·

331 3683 434 3744 bis
495 3685 965 3760 induebantur,
1018 3701 1188 3762 quae
1237 3686 1468 3763 purior
1523 3685 1886 3761 purissimo
1947 3700 2234 3761 superno
2292 3686 2561 3745 aethere
2612 3686 2943 3762 apparuit,
3001 3687 3184 3746 velut
3240 3703 3405 3746 auro

323 3786 525 3845 etiam
562 3788 895 3848 intextam.
931 3787 1404 3848 Ornamentum
1438 3789 1640 3847 etiam
1676 3788 1916 3864 capitis
1949 3803 2206 3863 eorum,
2245 3789 2503 3847 scilicet
2536 3789 2830 3848 circulus
2865 3802 3058 3865 quem
3111 3789 3179 3847 in
3227 3789 3409 3864 capi-

326 3894 385 3950 te
421 3890 772 3967 habebant,
802 3892 991 3968 quasi
1025 3908 1104 3952 ex
1137 3893 1383 3952 electro
1411 3898 1576 3966 erat,
1605 3897 1671 3950 et
1697 3893 2149 3952 calceamenta
2176 3891 2470 3968 ipsorum
2489 3888 2536 3971 ⁴)
2565 3893 2951 3968 crystallina
2978 3892 3397 3963 videbantur,

324 3996 681 4068 puritatem
731 4012 933 4073 super
979 3998 1341 4072 puritatem
1393 3995 2015 4072 limpidissimarum
2066 4012 2389 4072 aquarum
2440 4013 2516 4056 ex
2569 4014 2641 4056 se
2689 3996 3051 4056 reddentia.
3087 3996 3164 4054 Et
3216 3997 3323 4054 isti
3362 4014 3402 4054 a

320 4098 607 4175 quodam
657 4100 1058 4160 suavissimo
1102 4106 1318 4174 vento,
1356 4099 1440 4160 ab
1489 4115 1733 4159 arcano
1784 4099 2169 4159 Divinitatis
2225 4100 2647 4175 procedente,
2684 4106 2750 4160 et
2785 4101 3054 4160 odorem
3106 4101 3401 4160 omnium

327 4201 681 4262 herbarum
730 4209 796 4262 et
841 4204 1073 4262 florum
1124 4202 1429 4275 habente,
1487 4202 1816 4260 interdum
1868 4202 2332 4277 tangebantur3
2370 4207 2435 4262 et
2477 4208 2634 4261 tunc
2684 4219 2917 4261 sonum
2969 4202 3403 4261 dulcissimae

324 4305 753 4381 symphoniae
787 4305 1235 4381 proferebant,
1265 4311 1331 4364 et
1365 4321 1563 4364 voces
1596 4321 1827 4363 eorum
1865 4311 1936 4363 ut
1987 4320 2186 4363 voces
2221 4321 2545 4380 aquarum
2585 4305 2943 4364 multarum
2982 4305 3402 4366 resonabant.

326 4410 602 4486 Reliqua
637 4416 856 4470 autem
886 4416 1274 4469 ornamenta
1303 4411 1624 4485 ipsorum,
1662 4425 1832 4485 quae
1868 4409 2155 4484 plurima
2203 4415 2414 4480 erant,
2451 4409 2679 4469 videre
2713 4426 2845 4469 non
2878 4415 3199 4485 poteram.
3236 4410 3403 4482 Quia

324 4515 493 4573 enim
533 4514 642 4574 isti
679 4529 796 4587 per
829 4513 1020 4573 fidem
1057 4530 1316 4574 summa
1350 4516 1416 4573 et
1450 4514 1785 4573 altissima
1809 4508 1855 4588 5)
1885 4512 2238 4571 devotione
2272 4512 2479 4572 Deum
2506 4512 3106 4589 apprehenderant,
3145 4519 3211 4572 et
3244 4515 3403 4591 quia

325 4626 459 4679 tota
508 4620 919 4693 amplexione
970 4618 1035 4677 in
1068 4618 1260 4678 bonis
1308 4625 1375 4677 et
1427 4618 1490 4676 in
1543 4617 1932 4678 fortissimis
1983 4617 2321 4694 operibus.
2374 4617 2531 4676 dum
2582 4618 2646 4675 in
2694 4616 3089 4693 corporibus
3136 4617 3279 4677 suis
3330 4619 3397 4677 in

321 4722 586 4781 saeculo
641 4723 968 4794 viverent,
1018 4721 1225 4781 Deum
1273 4721 1666 4796 dilexerant,
1721 4721 2288 4797 pulchritudinem
2322 4721 2750 4797 supradictae
2797 4722 3126 4782 claritatis
3174 4723 3400 4798 adepti

320 4828 491 4897 sunt,
543 4831 610 4885 et
656 4826 721 4884 in
768 4825 1032 4900 gaudiis
1082 4825 1376 4901 ejusdem
1428 4825 1760 4886 claritatis
1812 4825 2066 4886 infinita
2115 4825 2357 4901 gaudia
2410 4825 2761 4885 habebant.
2812 4826 2974 4886 Nam
3011 4831 3078 4885 et
3124 4833 3400 4902 propter

322 4928 815 4987 observantiam
868 4927 1181 5002 legalium
1228 4935 1760 5003 praeceptorum,
1797 4944 1969 5004 quae
2002 4928 2070 4988 in
2117 4927 2406 5004 puritate
2450 4928 2753 5003 Justitiae
2788 4931 2965 5002 sunt,
3017 4944 3216 5004 quam
3245 4923 3291 5007 ⁶)
3330 4929 3400 4989 in

319 5031 642 5088 saeculari
679 5035 745 5087 et
784 5030 847 5088 in
880 5029 1099 5088 activa
1138 5031 1272 5088 vita
1306 5029 1646 5104 degentes,
1684 5031 2204 5106 compleverant,
2244 5031 2438 5106 quasi
2487 5037 2673 5090 veste
2717 5029 3037 5089 candidae
3071 5028 3265 5088 nubis
3299 5030 3395 5088 in·

396 5227 436 5292 ¹)
464 5244 630 5299 supra
659 5231 834 5282 nivem
858 5225 923 5282 A.
944 5258 1007 5266 —
1026 5228 1069 5292 ²)
1096 5227 1246 5281 alius
1268 5227 1458 5287 A.·W.
1476 5225 1599 5294 -³)
1625 5229 1867 5298 sueram.
1894 5226 1942 5281 A
1962 5258 2025 5267 -—
2043 5226 2085 5293 ⁴)
2116 5231 2285 5301 ipsius
2311 5227 2377 5282 Α.
2403 5259 2443 5267 ·—
2481 5227 2523 5294 ⁵)
2554 5228 2851 5282 arctissima
2884 5224 2948 5280 Α.
2980 5254 3043 5263 -
3071 5223 3114 5291 ⁶)
3143 5240 3253 5296 qua
3281 5222 3373 5279 W.
