4036 6117
697 498 746 543 x
1980 488 2477 537 Pssoomnuu

665 658 804 707 non
843 608 1062 704 solum
1104 630 1545 727 presbyteros
1582 628 1951 718 Metenses‚
1990 629 2421 701 abbatissam
2449 627 2518 700 S.
2551 628 3013 718 Clodosindis‚
3045 629 3167 701 sed
3204 638 3560 703 matronas
3590 634 3762 705 Stra-

664 763 1133 856 teburgenses:
1176 780 1303 829 nec
1338 756 1551 829 vicini
1584 757 1794 829 silent
1827 756 2092 853 Belgae
2126 766 2194 829 et
2231 756 2566 847 Helvetii,
2622 755 3133 850 Lausanenses,
3184 751 3759 853 ConstantiehseS,

667 885 1229 960 Averbodienses
1262 882 1396 979 (1),
1433 883 1897 957 Belvacenses
1931 882 2032 980 (p.
2076 885 2237 978 524,
2281 886 2443 977 525,
2485 886 2647 977 526,
2691 885 2854 977 535,
2895 887 3056 975 536,
3099 889 3260 977 558,
3305 889 3499 985 561).

2186 1141 2277 1213 v,

774 1417 1064 1506 Quoties
1098 1439 1187 1489 ex
1219 1415 1610 1510 longinqua
1643 1413 2213 1509 peregrinatione
2245 1415 2334 1486 ad
2369 1438 2639 1488 sorores
2685 1439 2848 1489 suas
2885 1417 3279 1510 revertitur,
3317 1440 3500 1512 quae
3532 1417 3772 1490 solatia

676 1553 897 1634 erant,
930 1543 1065 1615 nisi
1090 1541 1509 1615 suavissima
1541 1540 1856 1613 cantica?
1887 1564 2186 1635 quorum
2217 1564 2432 1613 novos
2457 1540 2774 1637 rythmos
2809 1564 2951 1613 una
2980 1565 3140 1612 cum
3166 1541 3398 1614 verbis
3425 1541 3770 1630 inauditi8‚

679 1672 883 1769 quasi
914 1670 1208 1744 coelitus
1243 1670 1589 1766 inspirata
1624 1668 1957 1765 profudit,
2016 1668 2264 1741 ludens
2324 1668 2393 1740 in
2448 1677 2600 1741 arte
2651 1668 2938 1761 musica,
2995 1676 3164 1742 tunc
3198 1670 3639 1766 peritissimis
3671 1696 3768 1743 ar-

669 1799 822 1899 ¹dua
857 1806 927 1871 et
979 1796 1195 1869 invia.
1248 1794 1671 1889 Quinimmo,
1711 1795 1858 1866 sive
1894 1804 1970 1867 ut
2022 1817 2283 1867 arcana
2335 1803 2405 1867 et
2454 1795 2670 1867 tricas
2703 1804 3011 1890 augeret,
3067 1794 3215 1867 sive
3249 1803 3326 1867 ut
3378 1796 3681 1869 furtivas
3712 1804 3773 1867 et

680 1932 1171 2027 inexpectatae
1220 1936 1493 2002 crearet
1554 1928 1954 2023 illecebras,
2007 1931 2301 2021 iynotam
2358 1928 2718 2023 excogitat
2778 1929 3093 2025 linguam
3167 1929 3277 2025 (2)
3340 1954 3601 2003 novam
3661 1951 3781 2025 que

676 2060 1119 2155 scripturam,
1158 2059 1432 2153 quibus,
1468 2058 1738 2153 opinor,
1760 2056 2114 2155 lepidiora
2153 2066 2357 2130 erant
2393 2057 2940 2130 innocentissimi
2976 2058 3237 2131 theatri
3271 2057 3545 2131 ludicra
3582 2056 3782 2131 collo-

679 2187 847 2283 quia
882 2184 985 2282 (p.
1025 2188 1368 2275 441-465,
1409 2186 1785 2282 496-504).

780 2313 919 2387 Sed
946 2314 1130 2409 quod
1158 2313 1387 2408 majus
1416 2320 1537 2406 est,
1570 2335 1697 2384 neo
1724 2311 1979 2384 minori
2006 2312 2473 2386 admiratione
2499 2313 2811 2409 dignum,
2833 2314 3079 2386 sedens
3105 2314 3177 2386 in
3207 2313 3539 2410 capitulo,
3563 2336 3782 2386 acces·

686 2442 778 2514 sit
812 2440 903 2512 ad
939 2437 1589 2534 interpretationem
1624 2416 2171 2533 evangeliorum,
2221 2438 2616 2535 multasque
2669 2463 2759 2510 ex
2813 2447 3121 2534 tempore
3174 2437 3392 2510 edidit
3442 2435 3783 2522 homiliae,

683 2590 983 2665 quarum
1019 2566 1394 2660 sexaginta
1429 2562 1519 2635 ad
1551 2587 1679 2636 nos
1710 2572 2202 2660 pervenerunt,
2241 2568 2427 2636 nunc
2460 2565 2766 2661 primum
2812 2563 3070 2660 publici
3099 2564 3300 2661 juris,
3332 2563 3635 2635 Easdem
3670 2566 3786 2633 aut

688 2696 985 2769 fortasse
1020 2693 1257 2790 plures
1290 2693 1461 2788 legit
1493 2692 1946 2786 TrithemiuS,
2003 2699 2107 2766 tot
2143 2692 2479 2765 librorum
2521 2705 2882 2788 comestor3
2937 2672 3343 2767 subhorruit
3377 2702 3638 2781 autem,
3677 2695 3788 2765 ob·

691 2824 1030 2897 scuritate
1080 2822 1492 2895 concionum
1545 2822 1940 2894 deterritus.
1994 2820 2181 2908 Quid
2233 2823 2487 2918 porro?
2546 2820 2930 2894 Teutonice
2982 2822 3169 2894 domi
3221 2822 3786 2895 concionabatur:

689 2955 938 3026 aberat
972 2950 1282 3046 capitulo
1318 2948 1750 3046 Wolmarus;
1803 2949 2066 3022 notarii
2101 2956 2304 3022 erant
2341 2949 2699 3042 monialeS,
2754 2973 2937 3044 quae
2988 2975 3127 3045 quo
3178 2950 3504 3023 subtilior
3555 2950 3794 3023 concio

694 3084 925 3177 fuerit,
965 3107 1046 3155 eo
1081 3081 1368 3154 liberius
1399 3080 1668 3176 glossas
1717 3080 2061 3153 volaticas
2112 3079 2453 3175 aucupari
2505 3079 2882 3168 studenteS,
2938 3081 3293 3175 augebant
3342 3079 3637 3151 fortasse
3686 3075 3792 3148 vel

698 3207 1124 3280 truncabant
1161 3205 1425 3293 audita,
1461 3228 1591 3277 nec
1626 3203 1760 3276 nisi
1797 3228 2005 3300 aegre
2036 3203 2450 3276 audaciores
2485 3204 2879 3298 allegorias,
2910 3205 3018 3275 bis
3052 3213 3299 3299 terque
3334 3227 3422 3276 ex
3458 3203 3795 3298 interpre-

648 3335 649 3338 ’
698 3335 790 3406 tis
822 3331 1114 3405 arbitrio
1151 3338 1478 3424 mutatas,
1510 3331 2131 3427 persequebantur.
2161 3330 2531 3403 Privatum
2569 3355 2733 3426 ergo
2771 3337 2993 3404 totum
3027 3355 3205 3429 opus
3238 3337 3405 3424 esto,
3439 3328 3617 3402 nulli
3653 3351 3794 3400 cer·

692 3472 769 3534 to
791 3461 952 3558 jure
988 3459 1436 3531 tribuendum
1473 3460 1570 3554 (p.
1608 3460 1984 3552 245-327).

798 3588 950 3661 Nec
1001 3586 1173 3658 satis
1224 3595 1375 3658 erat
1427 3586 1915 3682 spiritualibus
1947 3586 2260 3659 omnium
2305 3588 2564 3660 morbis
2607 3589 2998 3663 consulere:
3055 3598 3203 3662 tum
3241 3590 3548 3661 maxime
3586 3589 3657 3661 in
3694 3611 3803 3659 eo-

706 3717 862 3789 dem
931 3714 1288 3809 decenniO,
1361 3739 1449 3786 cx
1519 3715 1831 3811 epistolis
1895 3722 2172 3789 constat
2236 3716 2658 3789 confluxisse
2724 3727 3063 3815 aegrotos,
3135 3720 3489 3815 etiamque
3555 3717 3802 3816 procul

709 3844 972 3941 positos
1019 3841 1330 3914 remedia
1381 3841 1831 3936 quaesivisse.
1886 3842 2234 3937 Agedum,
2294 3842 2636 3915 indefessa
2687 3846 2868 3917 sicut
2901 3846 3055 3942 apis
3089 3856 3609 3943 argumentosa,
3662 3870 3802 3919 non

708 3971 947 4044 timuit
998 3969 1399 4042 morborum
1453 3970 1749 4041 scrutari
1804 3968 2108 4042 indolem
2161 3977 2232 4041 et
2280 3993 2549 4066 causae,
2589 3972 2999 4046 animalium
3057 3999 3259 4047 nosse
3317 3982 3644 4070 naturas,
3699 3996 3805 4046 ar·

749 4301 765 4362 (
780 4301 828 4358 l)
858 4295 1179 4353 Probabilis
1204 4297 1401 4369 opinio
1427 4304 1512 4352 est
1538 4295 2043 4359 Bollandistarum‚
2066 4293 2228 4349 nobi·
2310 4310 2486 4365 quum
2508 4297 2576 4354 de
2602 4299 2757 4354 tenui
2782 4299 2979 4354 libello
3007 4299 3092 4353 vir
3112 4298 3492 4367 germanicus,
3531 4297 3610 4351 ita
3638 4309 3804 4352 cursu

717 4384 827 4438 lem
856 4384 1143 4438 abbatiam
1170 4385 1819 4441 Praemonstralensium
1843 4385 2020 4440 latere
2043 4384 2102 4438 in
2131 4400 2227 4439 no-
2310 4398 2529 4438 mecum
2553 4384 2817 4449 certavit,
2835 4392 2897 4440 ut
2918 4385 3106 4439 omnia
3132 4383 3273 4439 mihi
3296 4382 3647 4456 praeriperet
3667 4378 3799 4449 (vid.

722 4469 877 4525 mine
905 4471 1233 4533 Eberbutde,
1264 4471 1595 4528 Eberbusde.
1625 4472 1698 4528 cf.
1731 4489 1784 4544 p.
1811 4477 1938 4537 535,
1962 4476 2085 4528 558.
2112 4473 2225 4529 Nec
2308 4470 2376 4524 ad
2402 4471 2611 4526 calcem
2647 4470 2921 4542 prooemii
2960 4469 3443 4540 bibliographicas
3473 4473 3680 4531 notas).
3709 4468 3805 4522 Lo-

718 4556 989 4628 displicet
1025 4558 1357 4628 conjectura
1397 4558 1468 4613 cl.
1512 4557 1892 4619 Schmelzeis,
1935 4558 2225 4626 ignotissi-
2308 4572 2439 4611 cum
2481 4564 2949 4629 praeoccupatum
2979 4558 3186 4628 reliqui
3218 4558 3486 4621 libenter,
3520 4557 3634 4614 nisi
3660 4554 3805 4627 quod

726 4657 878 4697 mum
926 4642 1253 4713 episcopum
1297 4642 1612 4698 chricum
1657 4646 1722 4698 de
1765 4644 1965 4707 Beves,
2012 4643 2224 4699 frustra
2307 4642 2546 4704 retinui,
2580 4643 2665 4697 uti
2696 4659 2794 4712 par
2822 4649 2964 4705 erat,
2994 4650 3210 4715 partem
3239 4644 3558 4699 herbariam
3589 4662 3619 4700 a
3650 4645 3718 4701 cl.
3748 4647 3806 4699 et

721 4736 1044 4801 quaesitum
1070 4746 1096 4783 a
1128 4729 1519 4791 Bollandistis,
1546 4746 1665 4785 esse
1690 4729 2015 4800 episcopum
2045 4728 2226 4785 Bello·
2309 4729 2491 4785 amico
2531 4727 2651 4784 viro
2688 4728 2810 4786 Car.
2847 4731 3141 4786 Descemet
3176 4730 3400 4799 egregie
3436 4730 3802 4788 illustratam.

727 4833 1043 4880 vaccnsem‚
1085 4818 1204 4872 sive
1244 4820 1307 4873 de
1347 4819 1617 4890 Βίαυᾳίε,
1652 4817 1724 4875 ct‘.
1763 4818 1875 4873 Das
1904 4817 2079 4873 Leben
2107 4820 2225 4875 und
2309 4817 2446 4887 (vid.
2470 4836 2521 4890 p.
2546 4817 3027 4880 490-502.)Etiam
3050 4817 3326 4888 spopondi
3350 4825 3424 4890 (p.
3451 4821 3562 4880 7.).
3589 4817 3810 4873 favente

730 4906 977 4969 Wirtken
1003 4907 1056 4959 d.
1089 4907 1143 4960 h.
1178 4904 1401 4977 Hildeq.
1437 4921 1487 4974 p.
1523 4909 1646 4960 200.
2308 4908 2498 4976 συνέργῳ
2523 4903 2891 4966 Solcsmensi,
2924 4903 3085 4958 edere
3111 4907 3325 4958 cantica
3361 4919 3490 4958 cum
3517 4910 3664 4962 notis
3698 4924 3811 4960 mu·

797 4994 872 5048 (2)
906 4990 981 5043 De
1012 4988 1376 5056 Hildegardis
1405 4990 1622 5059 Litqqua
1649 4994 1840 5061 iqnota
1864 4989 2055 5045 omnia
2086 4989 2220 5052 fere,
2308 4994 2458 5046 sicis:
2478 5005 2617 5059 quas
2643 4989 2874 5059 utrique
2898 4989 3104 5059 partim
3127 4990 3198 5043 cl.
3226 4989 3590 5046 SchmclzeiS.
3624 4993 3808 5047 abstu-

724 5075 895 5128 ardna
940 5074 1074 5129 licet
1103 5076 1379 5145 plenaque
1416 5074 1669 5138 fastidio,
1698 5077 1974 5132 habebam
2015 5078 2223 5133 descri—
2315 5078 2405 5139 lit,
2445 5076 2669 5147 plenius
2712 5093 2839 5128 vero
2878 5074 3159 5144 corripuit
3208 5075 3297 5130 W.
3335 5075 3397 5131 E.
3441 5077 3593 5132 Roth
3634 5096 3696 5135 ac
3732 5096 3813 5133 se-

724 5167 839 5229 pta,
893 5164 1113 5220 exacta,
1157 5160 1307 5231 typis
1348 5167 1564 5230 parata,
1608 5162 1692 5216 uti
1742 5164 1976 5233 promisi
2018 5171 2094 5234 (p.
2142 5170 2219 5228 7.)
2309 5163 2509 5233 pelivit
2551 5165 2700 5218 inter
2731 5162 2922 5218 Fontes
2950 5178 3126 5217 rerum
3155 5161 3563 5219 Nassoicarum.
