4036 6117
1722 523 2185 575 arisi-oms.
3295 505 3419 567 341

1877 872 2010 934 vn.

949 1095 1052 1156 Ad
1100 1093 1472 1156 saeculares
1518 1095 1813 1155 homines
1863 1093 2276 1155 diversorum
2316 1095 2721 1173 populorum
2768 1092 2846 1155 H.
2894 1085 2942 1171 ¹)

409 1308 776 1381 Hildegardis
804 1316 980 1368 totam
1006 1313 1284 1370 humanae
1308 1314 1512 1370 salutis
1536 1314 1740 1372 seriem
1765 1313 1838 1370 ab
1876 1312 2099 1384 origine
2118 1310 2317 1369 mundi
2354 1310 2577 1384 pandit.
2602 1309 2850 1367 maxime
2870 1308 2942 1366 ab
2966 1306 3249 1368 occisione
3266 1305 3485 1370 Abelis.

474 1401 767 1472 multaque
803 1400 872 1458 de
909 1400 1222 1458 homicidio
1248 1401 1501 1474 exponit.

1722 1589 1925 1649 Eodem
1959 1598 2204 1666 lantpero.

490 1820 541 1883 Ο
575 1824 809 1885 turbae
841 1824 1206 1901 hominum,
1258 1825 1674 1886 nascentium
1708 1830 1777 1885 et
1809 1825 2257 1885 crescentium
2306 1839 2426 1901 per
2472 1821 2768 1884 divinam
2802 1819 3229 1900 sapientiam,
3265 1817 3492 1880 audite

401 1927 574 2002 quod
608 1944 731 2004 ego
767 1945 1004 1990 serena
1039 1932 1150 1990 lux
1181 1935 1250 1989 et
1283 1929 1500 1990 factor
1532 1930 1827 1989 omnium
1868 1929 2063 1989 vobis
2111 1928 2281 1987 dico:
2334 1927 2573 1987 Vestra
2619 1927 2948 2005 plantatio
3000 1925 3127 1986 suit
3176 1925 3243 1984 in
3288 1920 3489 1983 corde

399 2047 573 2106 mec,
611 2033 676 2091 in
709 2029 1016 2108 originali
1052 2031 1159 2092 die
1193 2031 1410 2092 omnis
1445 2039 1814 2092 creaturae.
1849 2031 1928 2091 Et
1960 2047 2113 2090 cum
2148 2030 2375 2090 creavi
2408 2027 2769 2104 hominem,
2825 2028 2951 2088 feci
2985 2028 3048 2088 ei
3086 2028 3491 2087 instrumen-

397 2139 540 2194 tum
573 2135 750 2210 quod
782 2134 1101 2196 Diabolus
1147 2136 1409 2196 derisit.
1462 2136 1605 2196 Hoc
1652 2142 1799 2210 est,
1853 2136 2066 2211 legem
2114 2134 2268 2194 dedi
2318 2132 2404 2209 ei,
2456 2150 2656 2210 quam
2706 2130 3027 2193 Diabolus
3074 2145 3194 2205 per
3242 2127 3492 2188 malum

398 2254 595 2298 suum
629 2239 891 2314 dejecit,
928 2241 1105 2318 quod
1142 2242 1396 2301 malum
1431 2258 1561 2300 non
1593 2246 1697 2301 est
1731 2256 2012 2315 mecum,
2065 2239 2180 2316 qui
2216 2256 2365 2300 sum
2397 2240 2668 2316 plenum
2718 2245 2787 2299 et
2833 2236 3376 2315 potentissimum
3423 2237 3495 2295 et

400 2344 905 2404 sanctissimum
937 2344 1204 2405 honum.
1244 2343 1369 2404 Sed
1403 2344 1612 2404 Deum
1644 2344 1890 2420 decuit,
1942 2350 2015 2404 ut
2050 2359 2169 2421 per
2202 2343 2641 2418 semetipsum
2689 2342 2826 2402 tale
2872 2345 2940 2400 et
2987 2346 3125 2400 tam
3176 2353 3489 2413 magnum

394 2462 563 2523 opus
601 2448 870 2523 faceret,
909 2449 1082 2527 quod
1119 2450 1330 2509 multa
1367 2455 1434 2509 et
1467 2449 1736 2509 diversa
1769 2464 1973 2526 opera
2008 2448 2275 2524 operari
2319 2451 2573 2523 posset,
2626 2445 2805 2523 quod
2853 2441 3054 2506 homo
3101 2460 3233 2504 non
3278 2448 3403 2502 est.
3436 2438 3489 2522 ¹)

392 2547 570 2609 Deus
603 2552 780 2610 enim
813 2569 943 2612 non
982 2559 1088 2612 est
1137 2552 1380 2627 factu3‚
1433 2568 1558 2612 nec
1607 2557 1901 2625 creatuS,
1953 2568 2076 2612 nec
2124 2550 2594 2611 vicissitudine
2645 2553 3025 2627 temporum
3075 2553 3317 2609 tactus:
3369 2543 3489 2606 sed

393 2668 661 2730 semper
692 2671 840 2716 esse
874 2655 1096 2732 habet,
1135 2657 1311 2735 quod
1347 2662 1498 2717 rota
1528 2673 1652 2717 nec
1688 2657 1951 2717 initium
1983 2672 2105 2716 nec
2148 2656 2346 2716 finem
2395 2655 2656 2716 habens
2706 2654 3034 2731 designat.
3085 2652 3237 2729 Ipse
3283 2651 3488 2711 etiam

390 2758 648 2818 nullum
682 2758 1017 2819 defectum
1053 2759 1273 2836 habet,
1327 2761 1445 2821 sed
1489 2761 1711 2822 omnia
1745 2760 2045 2820 viventia
2092 2760 2174 2819 de
2219 2759 2668 2837 dispositione
2702 2759 2921 2835 ipsius
2970 2753 3365 2834 procedunt,
3417 2760 3490 2815 et

397 2861 539 2938 ipse
576 2868 857 2923 mortem
894 2866 1258 2942 superavit.
1297 2865 1673 2937 Quomodo?
1704 2864 1899 2941 Audi,
1935 2882 1973 2926 0
2011 2864 2230 2925 homo,

484 2966 728 3026 Malum
784 2968 1027 3028 cecidit
1076 2968 1448 3030 fortissima
1497 2971 1565 3030 vi
1613 2970 2032 3046 Divinitatis,
2086 2985 2257 3047 quae
2306 2985 2645 3047 nunquam
2696 2970 2924 3031 vivere
2974 2966 3297 3044 incoepit,
3365 2964 3485 3025 sed

398 3083 568 3143 quae
618 3085 884 3147 semper
931 3072 1119 3133 vivit.
1172 3073 1336 3133 Cum
1369 3073 1546 3133 enim
1580 3074 1815 3134 vivens
1851 3072 2138 3149 sphaera
2187 3075 2421 3148 sensit,
2460 3074 2619 3150 quia
2654 3092 2692 3133 a
2735 3071 2869 3133 Deo
2919 3072 3101 3133 facta
3148 3077 3216 3130 et
3263 3075 3491 3130 creata

397 3168 545 3247 fuit,
583 3174 831 3234 malum
878 3175 1186 3251 arripuit,
1223 3176 1403 3252 quod
1449 3176 1625 3236 Deus
1660 3177 1774 3253 qui
1823 3182 1927 3236 est
1976 3177 2265 3253 integer,
2315 3176 2670 3238 destruxit:
2723 3178 2881 3254 quia
2934 3177 3185 3237 malum
3234 3176 3490 3234 tantam

396 3274 851 3339 fortitudinem
904 3279 1125 3356 habet,
1162 3280 1340 3358 quod
1390 3297 1519 3340 non
1551 3280 1822 3341 deceret
1869 3283 1943 3341 ut
1977 3281 2157 3340 ullus
2208 3281 2372 3341 illud
2406 3287 2789 3357 superaret,
2841 3279 2969 3340 nisi
3006 3280 3132 3339 iste
3181 3278 3297 3355 qui
3345 3278 3489 3337 sine

396 3378 585 3441 initio
620 3388 743 3443 est.
796 3383 944 3458 Ipse
977 3385 1182 3444 etiam
1231 3384 1482 3444 malum
1517 3399 1635 3459 per
1684 3382 2034 3444 humerum
2075 3399 2272 3443 suum
2305 3384 2676 3461 superavit.
2713 3382 3088 3455 Quomodo?
3121 3378 3246 3441 Per
3279 3380 3492 3441 homi-

396 3498 567 3547 nem.
603 3486 770 3559 Quid
818 3494 925 3549 est
958 3489 1117 3551 hoc‘?
1166 3489 1515 3550 Hominem
1553 3490 1738 3549 misit
1779 3489 1847 3549 in
1882 3489 2106 3550 anima
2140 3495 2208 3548 et
2241 3504 2545 3565 corpore.
2580 3484 2656 3549 Ῐη
2688 3492 2974 3566 utroque
3006 3504 3320 3566 magnum
3352 3504 3492 3564 my-

396 3594 677 3654 sterium
710 3596 925 3657 latuit.
960 3596 1127 3656 Nam
1159 3597 1515 3672 virginitas
1552 3595 1909 3671 hominem,
1947 3595 2212 3655 scilicet
2260 3596 2623 3657 maximum
2656 3602 2725 3656 et
2773 3595 3343 3673 pretiosissimum
3374 3594 3491 3655 do-

395 3714 578 3773 num,
619 3700 684 3757 in
720 3715 979 3759 summo
1016 3699 1364 3760 sacerdote
1387 3699 1636 3775 eduxit,
1666 3716 1784 3776 per
1816 3715 2014 3777 quem
2048 3699 2223 3759 Deus
2262 3698 2390 3759 hoc
2422 3700 2672 3760 malum
2705 3699 2991 3775 pleniter
3021 3698 3371 3759 destruxit.

485 3802 536 3863 O
582 3802 1073 3880 pulcherrimae
1123 3802 1374 3863 formae
1424 3804 1791 3879 hominum,
1845 3819 2057 3882 quare
2107 3803 2175 3864 in
2220 3803 2629 3881 negligentia
2674 3802 3009 3878 dormitiS,
3060 3817 3214 3862 cum
3260 3817 3382 3860 vos
3425 3800 3493 3861 in

391 3924 634 3985 magna
667 3908 882 3983 gloria
929 3907 1104 3967 Deus
1138 3908 1605 3968 constituerit?
1640 3908 1816 3969 Deus
1852 3908 2212 3968 maximam
2250 3908 2468 3984 legem
2501 3908 2696 3969 vobis
2728 3906 2934 3983 dedit,
2971 3922 3123 3967 cum
3158 3904 3494 3965 hominem

393 4015 462 4075 in
508 4012 900 4074 Paradisum
953 4012 1195 4088 posuit.
1243 4013 1324 4073 Et
1370 4011 1604 4073 eodem
1651 4028 1879 4073 amore
1928 4013 2146 4092 ipsum
2197 4008 2388 4089 fecit,
2439 4029 2571 4090 quo
2618 4013 2859 4075 Filium
2915 4026 3111 4072 suum
3159 4008 3493 4069 hominem

395 4117 540 4180 fleri
587 4117 821 4190 voluit,
878 4122 950 4176 ut
997 4117 1243 4178 malum
1281 4115 1443 4177 illud
1492 4121 1864 4193 superaret,
1901 4117 2080 4194 quod
2130 4132 2204 4176 se
2236 4122 2467 4178 contra
2501 4132 2654 4177 eum
2690 4115 2999 4176 erexerit.
3035 4112 3143 4175 Sic
3173 4110 3351 4172 Deus
3381 4126 3499 4172 vo-

395 4222 520 4281 luit
552 4223 797 4281 malum
849 4237 1166 4297 superare
1199 4238 1319 4299 per
1365 4223 1842 4283 suavissimam
1888 4225 2304 4300 corporalem
2357 4224 2640 4286 formam
2692 4224 3014 4300 hominis,
3067 4226 3135 4283 in
3166 4238 3297 4299 quo
3344 4218 3497 4281 Dia-

394 4323 589 4384 bolus
636 4324 1023 4386 aestimavit
1070 4326 1425 4386 victoriam
1473 4343 1666 4387 suam
1716 4327 1986 4389 habere.
2038 4327 2221 4389 Unde
2270 4329 2473 4389 etiam
2521 4328 2814 4404 incoepit
2851 4328 2951 4389 illi
3003 4325 3492 4388 tentationibus

395 4428 540 4488 suis
574 4428 877 4504 illudere,
933 4430 1244 4505 ignorans
1278 4430 1436 4507 quia
1485 4446 1605 4507 per
1639 4431 1828 4492 illum
1876 4434 2062 4492 totus
2103 4439 2557 4509 superaretur.
2594 4433 3035 4510 Quapropter,
3075 4448 3114 4492 o
3151 4429 3490 4500 homines,

392 4551 524 4596 non
571 4535 940 4613 fatigemini
991 4537 1058 4596 in
1105 4537 1397 4598 stultitia
1445 4552 1705 4597 morum
1756 4543 2178 4614 vestrorum,
2237 4540 2433 4616 quasi
2491 4541 2707 4615 legem
2752 4554 2884 4600 non
2933 4537 3264 4599 habeatis:
3315 4533 3498 4613 quod

393 4655 525 4700 non
555 4645 678 4700 est.
728 4640 892 4699 Nam
924 4656 1047 4716 ego
1098 4642 1312 4718 legem
1337 4641 1538 4702 -vobis
1587 4642 1805 4718 posui,
1841 4648 1916 4702 ut
1963 4658 2095 4702 non
2142 4643 2585 4704 comederetis
2634 4645 2859 4705 cibum
2909 4642 3253 4704 sensibilis
3308 4640 3494 4715 mali;

399 4741 516 4802 sed
548 4760 670 4803 vos
717 4750 1146 4819 praeceptum
1197 4760 1417 4804 meum
1465 4745 1839 4820 trangressi
1873 4745 2067 4820 estis,
2117 4750 2187 4804 et
2239 4746 2590 4807 scientiam
2643 4746 2851 4822 illam,
2903 4759 3076 4823 quae
3117 4760 3239 4804 vos
3287 4742 3355 4803 in
3386 4756 3499 4818 pe-

397 4848 847 4924 regrinatione
881 4849 1158 4923 expulit,
1197 4850 1599 4926 appetiistis.

487 4950 612 5012 Sed
644 4958 741 5029 tu,
779 4951 1003 5029 hom0,
1041 4953 1249 5014 dices:
1300 4953 1518 5026 Quare
1551 4955 1801 5015 malum
1834 4955 2014 5016 scio‘.>
2047 4957 2121 5018 In
2154 4955 2280 5019 hoc
2312 4956 2720 5018 contradicis
2754 4954 2919 5016 mihi
2957 4954 3280 5028 Creatori,
3329 4949 3507 5011 sicut

476 5195 519 5267 ¹)
548 5196 616 5252 111
643 5195 817 5257 Catal.
852 5201 944 5259 W.
975 5201 1140 5277 epist.
1172 5206 1298 5268 262,
1334 5235 1397 5245 —-
1419 5205 1467 5274 2>
1496 5206 1643 5277 quod
1668 5206 1820 5263 homo
1845 5211 1942 5269 σει·
1966 5204 2061 5265 W.
2091 5205 2301 5265 Vereor
2327 5221 2397 5265 ne
2423 5203 2644 5279 aliquid
2667 5200 2970 5263 exciderit.
