4036 6117
1361 512 1597 557 Ltessn
1644 510 1843 556 vrrffi
1891 509 2380 557 immi-onum.
2430 513 2489 557 P.
2540 510 2605 558 v,
3325 497 3454 560 109

431 626 535 684 ter
565 626 926 701 excribrat,
954 621 998 704 ¹)
1028 627 1417 686 auscultans
1445 644 1615 703 quae
1650 629 1785 687 sint
1810 633 1876 686 et
1911 628 2080 687 unde
2111 628 2266 701 sint;
2296 629 2453 705 quia
2480 629 2635 688 dum
2664 628 2966 688 homines
3002 631 3112 689 isti
3151 632 3368 690 studia
3401 650 3523 692 sua

427 731 507 788 ad
545 747 751 805 vagas
802 732 1134 790 vanitates
1169 738 1444 805 ponunt,
1483 732 1807 806 plurimas
1843 732 2313 806 suggestiones
2348 732 2677 790 malorum
2718 738 2785 789 et
2821 731 3244 791 infernalium
3280 734 3524 809 iniqui-

426 838 640 892 tatum
668 835 945 894 auribus
981 834 1279 893 cordium
1309 850 1581 893 suorum
1619 835 1973 909 recipiunt,
2010 850 2089 892 ac
2121 850 2237 893 eos
2273 835 2466 893 avide
2498 835 2934 909 excutienteS,
2970 841 3036 894 et
3072 837 3517 912 percipientes

424 938 506 995 ad
559 938 858 1011 singulas
913 940 1293 998 voluntates
1343 955 1503 997 suas
1550 938 1870 1013 dirigunt,
1922 939 2239 1013 quoniam
2275 939 2426 997 illas
2476 939 3036 1012 concupiscentiis
3087 940 3229 999 suis
3274 957 3514 1000 conve-

427 1043 687 1101 nienter
734 1042 1038 1118 adaptari
1088 1047 1519 1117 cognoscunt.
1572 1042 1737 1101 Cum
1783 1042 2028 1117 quibus
2062 1043 2266 1102 etiam
2314 1043 2591 1117 exultat,
2629 1042 2824 1119 quasi
2872 1041 2965 1101 dii
2999 1043 3103 1101 sui
3153 1045 3309 1119 sint,
3362 1045 3519 1120 quia

390 1144 724 1204 ·infideles
774 1145 1143 1205 diabolicas
1191 1145 1663 1219 persuasiones
1712 1162 1832 1219 pro
1882 1145 2125 1220 gaudio
2160 1145 2506 1219 habentes»,
2547 1146 2825 1205 multam
2873 1149 3371 1208 venerationem
3414 1149 3515 1209 eis

424 1249 762 1324 exhibent,
812 1250 968 1309 dum
1006 1250 1158 1308 illas
1206 1250 1274 1309 in
1307 1251 1586 1309 secretis
1635 1249 1934 1308 cordium
1985 1266 2263 1309 suorum
2299 1251 2391 1310 ita
2441 1250 2805 1309 recondunt
2835 1255 2903 1308 et
2943 1251 3036 1309 ita
3085 1252 3332 1328 colunt,
3371 1259 3514 1314 tan-

424 1369 626 1430 quam
659 1369 779 1429 per
811 1369 926 1412 eas
962 1354 1418 1429 adipiscantur
1460 1353 1783 1430 quidquid
1809 1353 2213 1413 desiderant.
2242 1353 2488 1412 Deinde
2514 1355 2820 1413 dextrum
2848 1354 3252 1414 anteriorem
3279 1356 3511 1430 pedem

415 1457 657 1531 elevat,
693 1463 761 1515 et
794 1456 1099 1516 eumdem
1145 1458 1227 1517 ad
1261 1472 1572 1533 magnum
1609 1460 1879 1517 ventum
1913 1458 2030 1532 qui
2065 1457 2147 1516 ab
2182 1457 2507 1533 Aquilone
2553 1459 2737 1516 venit
2771 1458 3005 1531 tendit,
3052 1460 3367 1534 quoniam
3402 1461 3515 1521 ubi

430 1560 632 1619 iidem
663 1556 713 1637 ²)
752 1561 1051 1620 homines
1088 1561 1553 1620 rectitudinem
1587 1561 1715 1620 sibi
1747 1576 2118 1638 proponere
2149 1561 2489 1636 deberent,
2531 1562 2620 1621 ita
2646 1561 2820 1637 quod
2848 1562 2914 1621 in
2940 1561 3132 1621 bonis
3167 1564 3515 1637 gressibus

413 1664 596 1739 juste
648 1663 1047 1737 incederent,
1086 1665 1174 1724 ibi
1211 1666 1566 1725 elationem
1619 1666 1683 1725 in
1716 1665 1944 1740 pravis
1992 1664 2301 1740 vestigiis
2335 1666 2688 1740 arripiunt,
2725 1670 2791 1723 et
2825 1680 2898 1723 se
2931 1664 3013 1723 ad
3063 1666 3389 1727 maximas
3425 1668 3515 1727 ir-

423 1767 731 1841 risioneS,
768 1783 939 1842 quae
972 1768 1055 1827 ab
1088 1770 1360 1843 antiquo
1412 1769 1763 1829 seductore
1798 1770 2218 1843 emittuntur,
2270 1784 2390 1843 per
2422 1768 2821 1828 maleficium
2871 1774 3287 1829 convertunt.
3324 1771 3508 1832 Unde

417 1877 485 1928 et
518 1869 794 1929 sinistro
844 1872 1178 1931 anteriore
1214 1872 1378 1946 pede
1414 1872 1695 1930 flabrum
1728 1879 2082 1932 ventorum
2116 1873 2200 1933 ab
2234 1874 2581 1933 elementis
2617 1873 2699 1931 ad
2735 1888 2807 1931 se
2850 1872 3078 1948 trahit,
3117 1876 3274 1949 quia
3310 1878 3510 1938 malis

427 1975 561 2033 illis
611 1990 782 2050 quae
815 1976 1202 2050 praeposita
1234 1982 1392 2035 sunt
1422 1977 1730 2052 vestigiis
1764 1976 2150 2036 eorumdem
2185 1976 2549 2050 hominum,
2587 1983 2917 2051 quatenus
2970 1977 3081 2036 illa
3125 1978 3506 2055 inspiciant,

419 2092 498 2135 ne
537 2078 600 2135 in
632 2078 732 2136 eis
781 2076 1137 2147 offendant,
1191 2079 1609 2139 irritamenta
1644 2080 2090 2154 malignorum
2124 2078 2509 2154 spirituum,
2562 2095 2600 2137 a
2634 2078 2966 2137 creaturis
3016 2079 3146 2139 sibi
3184 2079 3508 2141 famulan-

419 2183 621 2256 tibuS,
657 2182 832 2242 idem
862 2178 910 2260 3)
947 2183 1146 2243 amici
1172 2185 1637 2259 perversitatis
1673 2185 1755 2243 ad
1789 2200 1860 2244 se
1893 2189 2281 2244 convocant.
2318 2184 2482 2243 Nam
2516 2183 2864 2243 daemonia
2906 2184 3067 2243 deos
3103 2201 3262 2245 suos
3298 2188 3506 2247 nomi-

417 2294 598 2360 nant,
646 2292 714 2345 et
747 2288 891 2362 ipsa
927 2302 1048 2361 pro
1081 2287 1214 2347 Deo
1248 2288 1495 2361 colunt,
1534 2304 1613 2347 ac
1647 2288 1731 2348 ab
1767 2288 1900 2347 illis
1934 2287 2239 2348 diversas
2274 2288 2608 2347 vanitates
2643 2292 2709 2346 et
2758 2288 3270 2348 contrarietates
3306 2291 3507 2349 male-

417 2391 721 2450 ficiorum
769 2390 1133 2466 inquirunt,
1185 2397 1253 2450 et
1299 2391 1425 2451 hoc
1458 2391 1708 2452 idcirco
1758 2392 2033 2464 faciunt,
2087 2398 2160 2451 ut
2207 2407 2439 2451 omnes
2488 2391 2870 2451 voluntates
2921 2392 3492 2456 immunditiarum

420 2510 718 2567 suarum,
755 2499 822 2553 et
860 2494 924 2552 in
958 2495 1343 2570 semetipsis
1376 2498 1444 2555 et
1477 2497 1543 2554 in
1577 2497 1728 2555 aliis
1764 2496 2118 2569 creaturiS,
2158 2500 2340 2553 tanto
2375 2496 2752 2570 promptius
2786 2501 2854 2553 et
2888 2494 3149 2557 facilius
3183 2499 3505 2572 perficere

419 2600 702 2674 possint;
742 2599 926 2657 velut
959 2604 1026 2657 et
1060 2598 1231 2657 idem
1266 2600 1505 2659 vitium
1539 2600 1857 2674 declarat,
1897 2602 1969 2659 ut
2003 2600 2070 2658 in
2103 2599 2329 2658 verbis
2379 2599 2521 2658 suis
2556 2604 3166 2673 praemonstratum
3216 2608 3339 2662 est.
3377 2602 3500 2662 Sed

413 2720 615 2762 verus
650 2704 871 2761 cultus
905 2703 1019 2761 Dei
1061 2704 1403 2777 responsis
1437 2704 1579 2763 suis
1613 2705 1711 2763 illi
1748 2705 2031 2777 resistit,
2068 2719 2344 2763 monens
2378 2702 2680 2762 homines
2716 2708 2789 2762 ut
2823 2721 2859 2762 a
2893 2705 3213 2780 nequitiis
3248 2707 3506 2766 irrisio-

416 2824 571 2866 num
606 2807 886 2865 istarum
923 2806 1343 2882 resipiscant.
1370 2801 1418 2885 ⁴)

1811 2953 2089 3015 XXXIII.

1736 3175 1828 3234 De
1877 3176 2178 3232 avaritia.

505 3384 609 3444 43.
659 3384 906 3455 Quarta
941 3390 1163 3442 autem
1197 3383 1417 3456 imago
1463 3378 1819 3441 avaritiam
1869 3381 2278 3455 manifestat,
2331 3387 2582 3456 etpost
2630 3381 3030 3442 maleficium
3080 3379 3187 3442 hic
3224 3387 3494 3462 incedit,

416 3490 726 3563 quoniam
782 3488 944 3547 haec
978 3487 1269 3547 officium
1305 3490 1370 3545 et
1416 3487 1683 3562 plenum
1734 3499 1902 3560 opus
1954 3486 2135 3544 illius
2184 3486 2431 3560 existit,
2469 3489 2536 3545 et
2567 3487 2771 3545 etiam
2821 3487 3115 3547 servitus
3165 3490 3494 3552 idolorum

414 3599 540 3665 est,
579 3591 692 3666 qui
728 3594 961 3650 venter
992 3589 1250 3648 Diaboli
1284 3606 1580 3663 manenS,
1618 3605 1747 3648 non
1782 3583 2120 3663 impletur,
2158 3591 2472 3666 quoniam
2520 3590 2771 3649 nullam
2820 3606 3093 3651 causam
3128 3596 3492 3655 secundum

412 3696 821 3754 voluntatem
872 3710 1064 3755 suam
1097 3694 1419 3770 perficere
1466 3699 1705 3769 potest.
1743 3695 1921 3765 Quae
1970 3693 2038 3753 in
2075 3694 2288 3754 forma
2337 3694 2627 3755 hominis
2663 3702 2961 3772 apparet,
3014 3700 3327 3773 quoniam
3362 3708 3494 3761 ter-

414 3814 569 3857 rena
617 3804 686 3858 et
718 3813 846 3858 non
896 3799 1216 3858 coelestia
1262 3797 1620 3872 desiderat,
1658 3803 1932 3872 excepto
1983 3798 2160 3874 quod
2194 3799 2458 3875 capillis
2507 3800 2747 3874 capitis
2797 3807 3001 3875 caret,
3039 3803 3196 3878 quia
3245 3806 3495 3864 nullam

412 3901 831 3961 honestatem
863 3902 931 3960 in
979 3898 1320 3961 voluntate
1355 3918 1477 3961 sua
1512 3907 1796 3962 exercet.
1833 3903 1910 3961 Et
1957 3900 2134 3978 quod
2183 3902 2460 3962 barbam
2510 3909 2583 3962 ut
2621 3902 2850 3963 hircus
2903 3903 3128 3979 habet,
3182 3910 3497 3983 quoniam

411 4021 528 4079 pro
564 4005 803 4065 decore
839 4022 959 4067 suo
997 4002 1382 4065 foeditatem
1409 4010 1612 4080 amat3
1642 4011 1710 4065 et
1742 4021 1988 4082 parvas
2024 4006 2315 4082 pupillas
2350 4022 2427 4065 ac
2462 4007 2844 4082 albuginem
2878 4011 3225 4070 oculorum
3260 4013 3488 4088 latam,

412 4111 567 4185 quia
615 4110 1050 4185 prosperitati
1098 4110 1381 4169 aliorum
1433 4126 1564 4169 non
1612 4110 2002 4185 congaudet,
2043 4110 2158 4169 sed
2208 4109 2596 4169 horribilem
2650 4109 2963 4171 invidiam
3017 4114 3082 4173 in
3131 4115 3495 4177 intentione

413 4233 531 4274 sua
564 4216 998 4275 demonstrat.
1033 4216 1114 4274 Et
1146 4214 1322 4289 quod
1356 4213 1630 4272 naribus
1680 4214 1822 4272 suis
1858 4220 2130 4274 ventum
2167 4214 2432 4274 fortiter
2467 4214 2831 4274 introrsum
2880 4218 3088 4277 trahit
3120 4226 3188 4278 et
3218 4222 3489 4297 emittit,

412 4319 724 4393 quoniam
763 4318 1123 4378 indiscreto
1157 4313 1491 4376 desiderio
1542 4316 1925 4376 saeculares
1960 4318 2588 4392 concupiscientiae,
2642 4324 2961 4394 quantum
3011 4323 3375 4397 praevalet,
3430 4325 3497 4384 in

413 4439 483 4481 se
519 4425 728 4499 ipsam
766 4423 960 4498 tollit,
997 4429 1064 4481 et
1111 4436 1227 4480 eas
1263 4420 1503 4479 iterum
1538 4420 1620 4478 ad
1656 4420 1909 4495 maiora
1946 4421 2354 4496 acquirenda
2384 4421 2629 4494 educit;
2666 4421 2979 4482 videlicet
3025 4439 3174 4483 cum
3220 4424 3301 4484 de
3335 4443 3496 4501 pau-

407 4526 505 4585 cis
554 4526 785 4598 multa,
822 4525 903 4584 de
938 4524 1220 4584 modicis
1254 4540 1493 4599 magna
1543 4524 1841 4598 recipere
1867 4524 2227 4584 contendit.
2262 4526 2493 4584 Manus
2529 4541 2794 4600 quoque
2836 4526 2983 4600 eJus
3019 4526 3277 4588 ferreae
3309 4534 3488 4606 sunt,

404 4633 561 4706 quia
593 4647 796 4705 opera
845 4631 992 4705 ejus
1027 4629 1352 4705 plurimas
1388 4628 1658 4705 rapinas
1709 4630 1775 4688 in
1805 4629 2055 4689 duritia
2090 4635 2156 4689 et
2188 4630 2555 4690 acerbitate
2604 4636 2936 4705 exercent;
2989 4647 3067 4691 ac
3101 4648 3297 4692 crura
3336 4649 3489 4695 san-

409 4738 670 4812 guinea,
701 4735 1015 4811 quoniam
1051 4733 1113 4792 in
1153 4731 1539 4791 fortitudine
1574 4747 1695 4790 sua
1728 4748 1848 4808 pro
1883 4733 2205 4806 explenda
2240 4732 2605 4809 cupiditate
2638 4733 3028 4793 effusionem
3062 4729 3109 4814 ⁵)
3146 4738 3493 4812 sanguinis

406 4841 649 4915 educit,
702 4854 853 4899 cum
904 4838 1206 4898 homines
1254 4852 1376 4911 pro
1425 4836 1716 4911 propriis
1765 4835 1966 4896 rebus
2016 4837 2157 4896 suis
2204 4836 2485 4912 occidit3
2535 4839 2602 4897 et
2649 4837 2851 4913 pedes
2902 4838 3114 4911 ipsius
3164 4844 3237 4898 ut
3284 4840 3488 4916 pedes

477 5089 519 5150 ¹)
547 5091 861 5144 &cribrant
897 5087 986 5142 W·
1020 5118 1086 5126 -
1122 5087 1167 5148 ²)
1195 5088 1332 5141 idem
1359 5086 1427 5148 Α,
1456 5086 1550 5147 W,
1578 5100 1706 5139 mox
1747 5102 1903 5157 prae·
1990 5105 2113 5142 rum
2140 5091 2471 5161 resipiscant.
2506 5120 2571 5127 —
2597 5090 2640 5152 ε’)
2667 5090 2924 5159 effusione
2949 5088 3014 5141 Α.

398 5193 593 5247 ponere
622 5176 708 5231 W.
745 5204 810 5214 ——
836 5173 879 5239 ³)
907 5188 979 5227 an
1006 5171 1213 5227 iterum
1256 5171 1360 5240 leg.
1394 5172 1590 5226 iidem?
1615 5203 1682 5210 —
1709 5171 1751 5238 ⁴)
1777 5189 1902 5227 sua-
