4036 6117
1486 489 1983 540 PROOEMIUM
2507 516 2522 525 =
3187 489 3265 536 XI

254 650 402 701 cana
457 624 863 722 plantarum,
928 623 1277 712 arborum,
1334 625 1918 721 metallorumque
1973 626 2421 722 investigare,
2478 627 2930 702 manifestare
2988 629 3310 701 subtilita-

252 764 329 828 tes
377 757 772 826 diversarum
832 759 1275 846 naturarum,
1349 752 1452 823 uti
1505 753 1649 842 ait,·
1718 754 1883 826 inde
1959 753 2225 850 duplex
2306 753 2659 825 derivasse
2731 753 3012 825 videtur
3093 752 3304 840 liber,

255 903 405 951 unus
448 880 774 971 simplicis,
831 878 1010 950 alter
1044 880 1433 970 compositae
1482 881 1864 953 medicinae.
1918 880 2278 976 Quidquid
2312 880 2402 952 sit
2453 880 2540 952 de
2589 880 2996 974 integritate
3038 887 3107 951 et
3151 880 3299 952 sin-

256 1007 503 1077 ceritate
557 1007 887 1080 librorum
953 1007 1373 1103 hujusmodi,
1443 1009 1563 1103 qui
1631 1009 1761 1081 sub
1826 1009 2285 1106 Hildegardis
2349 1011 2631 1083 nomine
2683 1011 3292 1107 circumferuntur,

257 1152 478 1211 certum
544 1147 641 1211 est
700 1140 1012 1212 eamdem
1082 1139 1308 1212 multa
1374 1141 1459 1213 de
1524 1164 1599 1213 re
1665 1140 1954 1232 medica,
2011 1164 2151 1213 non
2217 1140 2368 1213 sine
2446 1140 2794 1237 stupenda
2864 1140 3291 1230 eruditione,

255 1266 597 1360 dictavisse,
646 1252 731 1341 ac
769 1269 1038 1342 nullum
1098 1270 1391 1343 fortasse
1451 1277 1731 1343 exstare
1782 1294 1957 1366 opus
2013 1271 2241 1365 magis
2290 1271 2669 1365 genuinum
2727 1295 2939 1365 quam
2994 1272 3173 1345 liber
3223 1277 3303 1347 dc

258 1392 458 1468 causis
500 1402 558 1467 et
606 1395 828 1488 Curis,
884 1421 1091 1492 quem
1145 1397 1359 1470 habet
1393 1398 1642 1470 unicus
1676 1398 1898 1469 codex
1931 1397 2345 1469 Hafniensis
2391 1398 2506 1492 (cf.
2549 1424 2612 1495 p.
2654 1401 3050 1494 ‹les-482),
3106 1401 3306 1496 cujus

257 1531 609 1593 accuratam
642 1524 1141 1618 recensionem,
1179 1525 1726 1621 principemque,
1758 1534 1835 1598 ut
1865 1526 2086 1618 aiunt,
2117 1526 2492 1598 editionem
2521 1528 2609 1598 ab
2640 1526 2912 1600 erudito
2947 1526 3099 1599 viro
3151 1550 3306 1622 ger-

257 1654 486 1728 manico
519 1681 732 1754 prope
767 1658 946 1730 diem
985 1665 1439 1754 expectamus
1472 1660 1604 1756 (1).

334 1772 697 1861 Transaeto
759 1789 942 1862 inter
994 1798 1098 1863 tot
1148 1815 1379 1863 rerum
1431 1799 1501 1864 et
1553 1791 1988 1886 negotiorum
2044 1791 2544 1887 impedimenta
2596 1791 2965 1883 decennio,
3035 1788 3309 1883 Virago

259 1910 546 1984 alacriter
576 1939 760 1987 novo
794 1918 990 2013 operi
1020 1918 1521 1991 conscribendo
1556 1918 1895 2003 incubuit,
1951 1918 2064 1989 cui
2101 1918 2385 1990 titulum
2423 1919 2639 1991 dedit:
2673 1920 2879 1990 biber
2938 1915 3132 1989 Vitae
3180 1939 3313 1988 me-

257 2041 519 2130 ritorum,
554 2068 763 2139 quem
788 2044 934 2141 jam
976 2053 1197 2119 totum
1230 2047 1448 2119 habes
1482 2047 1553 2117 in
1604 2046 1738 2119 hoc
1776 2054 1965 2119 tomo
2003 2045 2104 2142 (p.
2151 2050 2178 2117 1
2209 2048 2448 2140 -244).
2480 2047 2701 2142 Cujus
2735 2047 2807 2117 in
2844 2044 3135 2118 exordio
3162 2043 3316 2140 ipsa

260 2177 527 2242 recenset
559 2172 904 2267 quidquid
937 2181 1149 2245 antea
1198 2172 1594 2269 scripserat.
1654 2202 1682 2237 ι
1722 2171 1972 2268 Igitur,
2008 2172 2130 2259 ait,
2186 2171 2258 2243 in
2311 2172 2749 2267 sexagesimo
2801 2171 3029 2267 primo
3063 2167 3316 2242 aetatis

262 2319 421 2370 meae
450 2322 655 2393 anno,
693 2300 815 2395 qui
850 2309 956 2373 est
988 2301 1383 2374 MCLVIII
1418 2301 1621 2373 Dom.
1661 2299 2171 2373 incarnationis
2222 2323 2520 2372 annus...
2560 2323 2846 2372 manum
2884 2297 2974 2370 ad
3006 2296 3312 2370 scriben-

263 2420 392 2493 dum
426 2425 615 2520 posui
652 2424 787 2522 (2),
824 2425 1070 2498 fortem
1108 2434 1178 2498 et
1212 2425 1602 2498 mirabilem
1642 2425 1980 2499 visionem
2017 2425 2185 2514 vidi,
2241 2426 2310 2496 in
2348 2448 2488 2520 qua
2526 2424 2737 2497 etiam
2769 2447 2892 2520 per
2926 2421 3321 2517 quinquen-

262 2568 414 2639 nium
450 2570 767 2644 laboravi
802 2569 899 2665 (a.
943 2573 1423 2666 1158-1162).

337 2696 556 2794 Neque
589 2701 1011 2774 etiamtunc
1045 2726 1087 2773 a
1120 2702 1554 2798 gravissimis
1607 2701 1861 2773 litteris
1896 2711 1965 2773 et
2020 2701 2316 2796 negotiis
2367 2699 2710 2772 abstinuit
2761 2722 2854 2792 se,
2909 2719 3124 2793 quum
3178 2696 3319 2769 for-

260 2823 390 2898 titer
418 2830 757 2904 obstiterit
794 2832 945 2904 diro
978 2832 1337 2904 schismati
1374 2857 1417 2904 a
1450 2831 1821 2905 Frederico
1857 2831 2308 2919 Barbaross0,
2347 2838 2426 2903 ut
2462 2831 2681 2920 aiunt,
2719 2854 2844 2927 per
2870 2853 3143 2903 omnem
3182 2828 3326 2902 Eu-

261 2977 461 3051 ropam
489 2962 842 3057 impressu,
879 2987 961 3035 ac
995 2969 1356 3058 praeterea
1392 2961 1739 3033 Catharos
1775 2961 1892 3056 qui
1933 2984 2056 3055 per
2089 2959 2387 3048 Gallias,
2420 2959 2740 3055 Belgium
2770 2966 2839 3031 et
2866 2958 3324 3031 Germaniam

258 3089 741 3184 grassabantur,
781 3090 1130 3186 impetivit
1167 3113 1384 3185 usque
1419 3089 1507 3160 ad
1543 3113 1604 3159 a.
1652 3090 1836 3161 1163
1875 3090 1969 3184 (p.
2010 3089 2204 3180 348).

340 3211 587 3298 Quibus
640 3239 764 3312 per
815 3224 1079 3312 septem
1134 3239 1355 3287 annos
1406 3214 1893 3310 (1163-1170)
1944 3212 2275 3285 successit
2330 3213 2613 3286 tertium
2681 3237 2856 3309 opus
2915 3214 3063 3287 sive
3114 3216 3324 3288 Liber

268 3333 635 3414 Divinarum
665 3367 962 3435 operum.
1025 3375 1052 3408 a
1097 3343 1276 3417 Cum
1328 3344 1722 3439 sexaginta,
1776 3344 1900 3432 ait,
1956 3366 2312 3430 annorum,
2353 3366 2594 3435 essem,
2650 3343 2831 3415 tanti
2884 3344 3198 3441 mysterii
3255 3355 3365 3418 et·

265 3460 656 3543 fortitudinis
692 3472 1030 3546 visionem
1073 3473 1240 3562 vidi,
1294 3483 1372 3545 ut
1424 3483 1573 3545 tota
1623 3470 2250 3560 contremiscerem,
2298 3483 2365 3542 et
2400 3496 2526 3567 pro
2576 3470 2965 3567 fragilitate
3016 3475 3329 3571 corporis

268 3596 373 3667 mei
423 3609 780 3696 aegrotare
815 3603 1217 3699 inciperem:
1280 3626 1493 3698 quam
1555 3602 1915 3694 visionem,
1979 3624 2106 3697 per
2160 3608 2426 3695 septem
2479 3623 2703 3672 annos
2752 3599 3140 3694 scribendO,
3203 3601 3329 3673 vix

266 3734 727 3805 consummavi.
776 3765 803 3800 ι

346 3853 623 3931 Nonnisi
661 3885 828 3956 ergo
861 3860 1234 3958 plusquam
1288 3860 1833 3959 septuagenaria.
1869 3867 2093 3933 totum
2130 3883 2325 3956 opus,
2383 3883 2505 3956 per
2555 3861 2854 3956 triginta
2900 3885 3124 3935 annos
3175 3887 3335 3960 pro-

269 3977 541 4081 ductum,
592 3989 844 4062 ultima
895 3992 1223 4065 coronide
1275 3991 1674 4087 complevit.
1730 3991 1839 4061 Ac
1891 3989 2104 4085 paulo
2159 3995 2344 4085 post,
2404 3987 2656 4061 mulier
2707 3989 2908 4061 fortis
2944 3991 3330 4064 maximum

271 4121 327 4179 et
352 4125 749 4206 postremum
789 4121 920 4194 iter
960 4121 1391 4217 aggreditur:
1446 4121 1776 4194 Rhenum
1830 4128 2240 4212 transmeat,
2295 4120 2617 4215 Belgium
2656 4121 2826 4215 adit,
2882 4119 3159 4193 Gallias
3210 4145 3330 4217 pe-

273 4252 505 4334 ragrat,
536 4254 614 4319 ut
652 4246 723 4320 S.
760 4247 1071 4323 Martino
1123 4249 1515 4322 Turonensi
1568 4273 1642 4322 se
1693 4248 2135 4346 peregrinam
2171 4249 2410 4320 sistat.
2467 4247 2663 4319 Dura
2716 4257 2886 4319 tunc
2939 4246 3329 4320 certamina

271 4391 404 4444 cum
461 4374 826 4451 Frederico
883 4387 953 4452 et
1008 4379 1235 4452 tribus
1278 4379 1683 4476 antipapis,
1746 4377 2171 4451 Antichristi
2225 4378 2450 4450 instar
2501 4377 2953 4472 luctantibus,
3014 4377 3333 4452 Ecclesia

276 4503 629 4580 exercebat.
666 4506 846 4579 Cum
891 4507 1325 4601 Alexandro,
1366 4506 1650 4579 tandem
1687 4506 1974 4600 victore,
2013 4507 2251 4579 stabat
2285 4505 2761 4600 Hildegardis,
2801 4528 2983 4601 quae
3017 4505 3339 4580 Turonos

342 4729 416 4790 (¹)
439 4726 682 4788 codicem
721 4733 1055 4790 etiamnunc
1082 4734 1149 4789 ad
1178 4748 1405 4788 manum
1443 4733 1739 4795 habemus,
1833 4746 1930 4787 cae
1958 4723 2230 4799 magistro
2256 4727 2746 4794 Greisswaldensi‚
2767 4728 2951 4785 satius
2971 4729 3323 4786 existimavi.

286 4822 338 4864 ac
359 4827 512 4881 penes
536 4833 631 4872 nos
657 4818 795 4882 suit,
832 4817 1057 4874 favente
1082 4819 1153 4875 cl.
1187 4818 1399 4875 Bruun.
1437 4817 1742 4874 Hafniensi
1906 4821 1984 4884 (2)
2024 4816 2107 4874 Cf.
2152 4834 2206 4889 p.
2252 4823 2304 4880 7,
2346 4823 2397 4872 8.
2441 4816 2671 4872 Codices
2714 4821 2847 4878 tre5‚
2898 4821 3067 4886 prout
3112 4817 3328 4886 jacent.

283 4895 700 4970 bibliothecario,
720 4911 902 4961 totum
920 4904 1134 4978 opusin
1153 4905 1303 4962 hunc
1323 4912 1535 4960 tomum
1553 4903 1744 4960 decus·
1834 4904 2204 4966 exhibentur,
2235 4903 2345 4957 nisi
2376 4902 2524 4972 quod
2553 4907 2684 4956 ante
2713 4900 2915 4960 ultima
2947 4901 3200 4970 prolixae
3241 4922 3330 4974 pe-

286 4984 423 5044 sisse.
451 4988 545 5047 Sed
573 5008 742 5063 quum
772 4993 1067 5050 doctorum
1101 4993 1348 5062 vigiliis»,
1383 4991 1556 5046 etiam
1585 4996 1743 5044 extra
1834 4991 1980 5046 riodi
2005 4990 2196 5050 verba.
2218 4991 2356 5044 mihi
2374 4990 2450 5044 ad
2472 4989 2883 5061 cuz-planandum
2908 4966 3229 5052 ostenderat,
3263 4990 3332 5043 ir-

289 5069 412 5127 fines
436 5077 649 5145 patrios,
678 5079 1020 5152 parcendum
1057 5078 1157 5142 sit,
1198 5094 1340 5133 onus
1379 5084 1434 5132 ct
1474 5077 1743 5132 honorem
1834 5075 2013 5146 repsit
2062 5072 2548 5144 importunissima
2592 5073 2787 5127 vocula
2834 5091 2994 5146 quas,
3023 5073 3086 5124 ad
3119 5081 3336 5144 pertur-

289 5157 463 5212 cedere
481 5163 648 5231 primo
673 5163 995 5234 occupanti.
1025 5162 1145 5219 Car.
1182 5164 1397 5224 Jessen,
1422 5163 1498 5217 rei
1523 5162 1741 5217 botani—
1834 5160 2073 5216 bandam
2114 5167 2286 5214 totam
2325 5159 2541 5213 exordii
2597 5159 2817 5215 scriem.
