4036 6117
1230 522 1469 588 mssa
1517 521 1720 569 VtrAE
1767 520 2269 569 unnim-onum.
2322 522 2379 567 Ρ.
2430 520 2517 568 xv.
3224 500 3345 564 171

332 644 694 723 aequitatis
744 643 1135 721 reperietur.
1172 643 1297 703 Sed
1345 650 1411 703 et
1447 644 1592 720 ipsa
1628 647 1702 701 ut
1753 643 2056 701 incoctus
2089 648 2157 700 et
2206 641 2503 700 insulsus
2547 639 2737 698 cibus
2772 642 2898 711 est,
2938 637 3095 713 quia
3130 636 3274 696 sine
3306 637 3419 695 do-

330 748 541 808 ctrina
577 747 898 807 scientiae
949 747 1207 806 incocta
1241 752 1366 820 est,
1403 753 1470 806 et
1503 747 1661 822 quia
1696 745 1840 804 sine
1889 744 2217 820 sapientia
2267 744 2522 803 insulsa
2556 743 2680 801 est.
2715 741 2879 800 Nam
2927 746 2995 799 et
3029 739 3203 799 laeto
3249 756 3413 798 sono

329 851 877 911 rationabilitatis
911 856 1117 924 caret,
1155 850 1469 925 quoniam
1507 848 2001 908 rationabilitas
2038 864 2275 907 sonum
2310 846 2529 906 laudis
2562 851 2630 904 et
2663 845 3189 920 cytharizantem
3225 842 3415 902 laeti-

330 956 489 1013 tiam
537 971 670 1031 qua
707 954 931 1015 laudet
961 954 1191 1028 Deum,
1231 954 1451 1028 habet,
1490 954 1557 1013 in
1597 968 1730 1030 qua
1777 954 1977 1012 etiam
2015 951 2232 1012 fidelis
2268 951 2465 1012 homo
2500 950 2679 1010 omni
2715 950 2953 1009 annisu
2984 943 3029 1027 ¹)
3070 948 3312 1009 mentis
3348 950 3415 1007 et

328 1059 633 1133 corporis
687 1060 756 1118 et
810 1060 878 1117 in
926 1058 1167 1135 spiritu
1225 1057 1626 1117 humilitatis
1681 1074 1759 1118 ac
1818 1058 1881 1117 in
1930 1057 2132 1117 corde
2190 1055 2616 1116 contritionis
2671 1054 2978 1115 eumdem
3029 1054 3413 1114 Creatorem

328 1178 520 1222 suum
556 1163 959 1238 magnificat,
999 1163 1111 1239 qui
1148 1180 1184 1222 a
1220 1169 1527 1223 creatura
1562 1177 1685 1222 sua
1716 1161 1913 1237 digne
1951 1159 2322 1222 laudandus
2358 1167 2479 1220 est.

1768 1384 1974 1444 XLVI.

1222 1577 1313 1637 De
1356 1578 1638 1654 planctu
1686 1584 1748 1636 et
1799 1578 2189 1654 symphonia
2236 1578 2519 1636 animae.

411 1784 518 1845 59.
570 1784 751 1845 Unde
800 1790 866 1843 et
914 1799 1038 1860 ego
1088 1784 1202 1860 qui
1261 1785 1484 1842 omnia
1535 1781 1660 1841 feci
1708 1782 1877 1842 dico:
1930 1782 2062 1842 Vos
2098 1784 2211 1858 qui
2249 1782 2562 1842 coelestis
2598 1781 3018 1841 Hierusalem
3053 1781 3414 1857 participes

320 1905 468 1949 esse
517 1888 748 1962 vultiS,
789 1886 1054 1947 laudate
1090 1887 1475 1946 Creatorem
1509 1893 1810 1946 vestrum
1848 1886 1909 1944 in
1949 1902 2110 1946 sono
2145 1885 2319 1959 fidei,
2358 1902 2527 1962 quae
2564 1885 2884 1945 laudabili
2936 1902 3099 1946 sono
3132 1886 3201 1945 in
3235 1902 3413 1947 com-

323 1991 765 2068 prehensione
799 1990 1273 2050 rationalitatis
1307 2005 1425 2064 per
1458 1990 1680 2049 omnia
1705 2006 1909 2064 opera
1933 1989 2050 2048 Dei
2087 1995 2302 2064 sonat,
2335 1988 2665 2064 quomodo
2699 1988 2780 2049 de
2809 2005 3207 2066 unoquoque
3241 1989 3411 2050 bono

322 2096 583 2156 laudem
616 2094 750 2155 Deo
784 2096 982 2155 dicat.
1034 2095 1478 2155 Rationalitas
1512 2110 1798 2170 namque
1832 2094 2017 2152 velut
2068 2095 2226 2153 tuba
2260 2110 2408 2152 cum
2460 2095 2613 2153 viva
2649 2111 2812 2154 voce
2861 2101 2987 2170 est,
3035 2110 3206 2172 quae
3242 2095 3414 2155 infra

324 2215 396 2259 se
430 2198 651 2259 officia
686 2216 808 2259 sua
842 2198 1066 2273 habet,
1104 2214 1275 2275 quae
1310 2214 1429 2274 per
1460 2198 1767 2257 diversas
1802 2204 1983 2258 artes
2021 2197 2085 2256 in
2119 2203 2466 2256 creaturas
2500 2198 2865 2274 dispensat,
2903 2205 3233 2274 quatenus
3267 2214 3416 2259 eae-

320 2302 469 2363 dem
495 2309 845 2363 creaturae
873 2304 1000 2380 ipsi
1031 2302 1156 2362 hoc
1184 2302 1378 2363 modo
1405 2303 1754 2378 assistant,
1783 2309 1858 2362 ut
1891 2302 2136 2361 bonum
2171 2307 2236 2362 et
2266 2301 2500 2362 fortem
2531 2319 2767 2362 sonum
2797 2303 3095 2379 reddant,
3127 2306 3285 2381 quia
3312 2322 3416 2366 ra·-

325 2407 670 2467 tionalitas
703 2423 822 2483 per
869 2422 1104 2466 sonum
1141 2407 1335 2465 vivae
1381 2406 1570 2466 vocis
1603 2421 1763 2465 suae
1815 2407 1929 2465 illa
1962 2422 2135 2482 quae
2169 2405 2395 2465 vivum
2446 2423 2682 2465 sonum
2715 2423 2844 2466 non
2878 2407 3148 2483 habent,
3185 2424 3414 2469 secum

325 2525 643 2570 resonare
679 2509 857 2571 facit.
894 2512 1043 2586 Ipsa
1071 2511 1246 2570 enim
1281 2510 1363 2569 de
1411 2510 1627 2584 prima
1664 2510 2100 2584 inspiratione
2133 2526 2265 2586 qua
2298 2509 2471 2569 Deus
2522 2510 2812 2570 animam
2848 2511 3099 2572 homini
3134 2514 3415 2588 inspira-

318 2615 438 2688 vit,
469 2614 741 2674 modum
762 2614 1178 2690 jubilationis
1206 2615 1271 2673 in
1300 2630 1372 2673 se
1400 2619 1600 2674 tenet.
1628 2614 1707 2672 Et
1735 2614 1881 2672 ideo
1912 2613 2186 2673 laudare
2209 2612 2439 2686 Deum,
2468 2611 2518 2692 ²)
2551 2616 2614 2673 in
2641 2630 2810 2691 pura
2835 2619 2902 2674 et
2930 2616 2995 2674 in
3022 2616 3414 2676 convenien-

319 2723 385 2777 te
418 2719 701 2778 scientia
737 2719 873 2793 illa,
910 2733 1081 2794 quae
1115 2724 1493 2778 creaturam
1529 2717 1661 2776 sibi
1695 2733 2054 2778 consonam
2089 2720 2302 2793 parat,
2333 2724 2400 2776 et
2430 2718 2492 2777 in
2521 2720 2713 2777 suavi
2741 2734 2819 2777 ac
2856 2718 2920 2777 in
2947 2717 3278 2792 profunda
3311 2737 3415 2778 sa-

318 2828 592 2903 pientia,
627 2843 800 2904 quae
832 2829 1052 2888 omnia
1087 2829 1452 2888 secundum
1483 2829 1734 2904 justam
1769 2829 2338 2903 dispensationem
2373 2830 2709 2903 sapienter
2746 2829 3063 2905 disponit,
3099 2830 3412 2889 videlicet

319 2945 468 2989 cum
504 2930 571 2989 in
604 2931 824 2990 animo
857 2930 1147 2990 hominis
1181 2931 1501 2990 coelestia
1535 2931 1872 3005 sapienter
1905 2932 2249 3006 discernit,
2278 2938 2344 2991 et
2374 2947 2525 2991 cum
2553 2933 2903 2991 terrestria
2932 2934 3232 2992 suaviter
3266 2949 3413 2992 sen-

324 3034 421 3094 tit.
473 3032 600 3093 Sed
655 3040 725 3094 et
773 3034 994 3095 anima
1049 3034 1337 3095 hominis
1387 3034 1847 3112 symphoniam
1903 3036 1967 3095 in
2016 3052 2089 3095 se
2139 3036 2358 3111 habet,
2397 3042 2463 3097 et
2498 3035 3012 3114 symphonizans
3061 3043 3187 3113 est,
3239 3037 3410 3098 unde

322 3136 526 3197 etiam
559 3137 902 3197 multoties
936 3139 1245 3214 planctus
1278 3138 1523 3212 educit,
1561 3156 1712 3198 cum
1748 3140 2211 3215 symphoniam
2248 3140 2452 3214 audit,
2484 3141 2797 3216 quoniam
2825 3141 2907 3199 de
2934 3142 3154 3217 patria
3182 3142 3245 3200 in
3278 3143 3413 3200 exi-

320 3239 483 3299 lium
533 3256 606 3299 se
657 3241 934 3300 missam
983 3242 1303 3301 meminit.
1356 3241 1532 3300 Haec
1582 3248 1805 3301 autem
1852 3243 1933 3301 de
1981 3243 2459 3317 poenitentium
2512 3243 2862 3301 animabus
2923 3242 3288 3317 purgandis
3343 3251 3412 3302 et

323 3344 664 3404 salvandis
713 3344 891 3405 dicta
927 3348 1103 3421 sunt,
1154 3353 1220 3406 et
1254 3347 1472 3405 fidelia
1507 3353 1685 3422 sunt,
1721 3353 1787 3406 et
1823 3347 2037 3408 fidelis
2073 3346 2179 3406 his
2213 3347 2533 3423 attendat,
2572 3350 2640 3407 et
2671 3348 2740 3407 in
2776 3348 3164 3408 memoriam
3201 3348 3411 3409 bonae

322 3448 646 3509 scientiae
680 3456 1053 3525 componat.

414 3551 520 3612 60.
573 3553 759 3613 Alios
794 3569 1060 3630 quoque
1092 3555 1392 3631 ejusdem
1429 3559 1877 3619 multitudinis
1910 3560 2050 3619 vidi
2085 3560 2389 3635 spirituS‚
2427 3576 2597 3635 quos
2646 3560 2845 3621 etiam
2884 3559 2992 3619 hic
3040 3559 3411 3620 vociteran-

323 3665 425 3716 tes
460 3655 706 3718 audivi:
742 3657 866 3730 Qui
899 3665 1015 3718 aut
1048 3661 1198 3736 quis
1231 3661 1403 3721 Deus
1439 3664 1548 3738 sit,
1586 3665 1943 3724 nescimus
1973 3664 2098 3724 Sed
2132 3681 2329 3741 quem
2357 3672 2422 3724 et
2457 3665 2631 3741 quod
2657 3665 2984 3740 videmuS,
3023 3667 3296 3727 scimus».
3331 3666 3410 3726 Et

323 3761 389 3820 hi
423 3759 725 3823 homines
761 3763 840 3824 ad
878 3766 1213 3841 torporem
1253 3766 1589 3842 inducunt,
1627 3775 1693 3828 et
1727 3775 1798 3828 ut
1835 3769 1900 3828 in
1934 3770 2245 3829 omnibus
2281 3769 2486 3845 tepidi
2522 3771 2675 3844 sint,
2713 3786 2829 3829 eos
2862 3770 3317 3831 exhortantur.

1749 3993 1986 4053 XLVII.

1275 4186 1366 4246 De
1417 4188 1698 4262 torporis
1741 4190 1974 4264 poenis
2028 4191 2453 4265 puryaloriiS.

410 4389 516 4450 61.
566 4389 646 4448 Et
681 4391 1101 4452 tenebrosum
1139 4408 1360 4452 aerem
1397 4393 1546 4470 igne
1580 4395 1978 4469 permixtum
2016 4396 2179 4467 vidi,
2234 4398 2300 4455 in
2334 4413 2464 4472 quo
2500 4395 2773 4470 maligni
2825 4395 3106 4473 spiritus
3151 4399 3408 4459 animas

323 4494 588 4554 illorum
622 4494 737 4570 qui
772 4495 837 4553 in
861 4497 1260 4572 corporibus
1295 4499 1437 4557 suis
1472 4504 1809 4575 torporem
1837 4500 2229 4575 dilexerant,
2260 4499 2385 4560 hac
2410 4507 2478 4561 et
2512 4501 2664 4561 illac
2698 4502 2913 4577 igneis
2943 4501 3235 4565 fustibus
3262 4523 3415 4582 pro-

319 4599 574 4673 pulsaS,
609 4597 988 4659 discurrere
1024 4600 1373 4663 faciebant.
1402 4604 1565 4663 Nam
1592 4611 1866 4681 propter
1901 4613 2261 4679 torporem,
2299 4623 2496 4682 quern
2532 4607 2597 4666 in
2633 4623 2704 4667 se
2740 4608 3111 4669 habuerant
3133 4605 3182 4689 ³)
3220 4612 3285 4671 in
3320 4616 3413 4673 te-

320 4701 605 4760 nebroso
640 4715 795 4760 aere
824 4701 952 4762 isto
986 4710 1198 4779 erant3
1229 4711 1295 4764 et
1327 4713 1600 4782 propter
1633 4709 2011 4783 stultitiam,
2051 4726 2181 4785 qua
2213 4708 2418 4769 Deum
2450 4725 2567 4784 pro
2604 4709 2810 4772 nihilo
2835 4718 3409 4792 computaverant,

323 4807 539 4880 ignem
589 4806 735 4881 eJus
771 4808 1165 4882 sentiebant3
1201 4816 1268 4869 et
1299 4818 1575 4888 propter
1606 4813 1969 4888 pigritiam,
2005 4831 2138 4890 qua
2166 4814 2369 4889 justis
2405 4816 2720 4891 operibus
2754 4832 2880 4875 non
2917 4817 3407 4895 laboraverant,

324 4908 788 4969 infestationes
824 4912 1263 4987 malignorum
1301 4918 1655 4992 spirituum
1694 4918 2136 4979 sustinebant.
2172 4919 2248 4979 Et
2285 4919 2420 4979 vidi
2455 4927 2521 4980 et
2558 4921 2849 4981 intellexi
2889 4922 3070 4982 haec.

397 5110 439 5174 ¹)
468 5109 527 5165 in
557 5112 829 5168 vocabulo
854 5117 1056 5170 annisu
1082 5115 1264 5188 prima
1292 5119 1505 5189 syllaba
1534 5119 1755 5175 raditur
1781 5120 1843 5177 in
1868 5121 1958 5178 W.
1991 5153 2059 5162 ——
2084 5125 2128 5186 2)
2158 5123 2389 5179 laudare
2421 5123 2587 5179 Deum
2614 5123 2677 5179 Α,
2712 5154 2777 5165 ·-
2805 5123 2849 5190 ⁸)
2876 5127 3141 5181 habuerat
3167 5123 3230 5180 Α.
