4036 6117
1351 534 1776 580 exposmuo
1822 533 2465 580 nvANGEmonuu
3240 517 3368 577 259

353 654 684 729 scriptum
732 658 856 713 est:
898 671 928 711 α
966 651 1136 712 Ecce
1183 653 1372 728 virgo
1409 655 1776 730 concipiet,
1828 660 1894 714 et
1927 655 2146 731 pariet
2194 653 2402 713 filium
2434 651 2506 712 »7
2536 646 2583 729 ¹)
2638 651 2806 725 Quia
2838 653 2911 711 in
2959 653 3058 711 his
3089 669 3257 727 quae
3309 651 3437 710 Pa-

345 763 473 819 tris
519 761 654 818 mei
702 764 879 833 sunt,
931 764 1177 835 oportet
1212 776 1316 816 me
1367 777 1528 833 esse,
1580 760 1894 835 quoniam
1943 774 2090 833 ego,
2130 758 2418 817 Verbum
2466 756 2704 831 PatriS,
2742 755 3153 815 voluntatem
3188 753 3334 829 ejus
3371 754 3437 811 in

348 878 553 922 carne
602 878 749 921 mea
798 861 1194 939 adimplebo,
1246 862 1327 922 Et
1361 865 1516 941 ipsi,
1555 863 1815 922 scilicet
1862 862 2200 923 Abraham
2247 869 2315 922 et
2347 867 2543 923 vetus
2578 862 2730 936 Lex,
2764 879 2898 921 non
2945 859 3433 919 intellexerunt

344 967 613 1026 verbum
664 968 835 1044 quod
878 968 1133 1027 locutus
1181 973 1276 1026 est
1326 969 1444 1043 eis,
1481 968 1639 1044 quia
1688 967 1976 1027 Verbum
2009 967 2231 1027 Patris
2279 983 2407 1027 non
2444 967 2915 1027 intellexerunt
2963 964 3297 1024 hominem
3330 978 3435 1021 es-

345 1087 443 1146 se,
479 1073 791 1148 quoniam
826 1087 978 1130 eum
1012 1088 1141 1131 non
1175 1072 1242 1130 in
1274 1087 1497 1147 carne,
1536 1071 1653 1131 sed
1689 1078 1949 1132 tantum
1981 1073 2051 1131 in
2085 1072 2324 1131 umbra
2356 1070 2798 1146 significatum
2838 1068 3168 1130 viderunt.

440 1176 523 1235 Et
569 1176 909 1235 descendit
959 1195 1108 1236 cum
1152 1179 1251 1236 eis
1283 1182 1556 1252 propter
1603 1175 1940 1235 hominem
1987 1174 2069 1235 de
2119 1176 2271 1235 sinu
2302 1176 2522 1236 Patris
2573 1177 2639 1235 in
2680 1175 3096 1247 humilitate,
3148 1177 3210 1231 et
3253 1172 3436 1229 venit

351 1278 706 1354 Nazareth,
747 1279 810 1338 id
844 1281 950 1339 est
984 1280 1049 1338 in
1083 1279 1663 1339 circumcisionem
1699 1285 1766 1339 et
1798 1279 2060 1355 Legem,
2098 1286 2158 1339 et
2195 1286 2337 1339 crat
2372 1278 2668 1339 subditus
2701 1279 2864 1352 illis,
2892 1276 3205 1337 videlicet
3230 1273 3442 1334 omni-

347 1380 474 1439 bus
509 1382 838 1441 institutis
866 1382 1181 1456 legalium
1213 1388 1745 1458 praeceptorum.
1784 1382 1864 1442 Et
1896 1389 2113 1441 mater
2146 1380 2310 1458 ejus,
2348 1388 2542 1442 vetus
2578 1381 2729 1455 Lex,
2766 1379 3180 1441 conservabat
3217 1381 3440 1438 omnia

343 1484 540 1544 verba
585 1488 762 1546 haec.
799 1485 860 1545 id
912 1491 1017 1544 est
1054 1486 1118 1544 in
1152 1502 1225 1545 se
1259 1486 1549 1546 habebat
1582 1486 1978 1546 abscondita
2015 1487 2237 1546 omnia
2283 1486 2495 1562 signa,
2527 1501 2699 1561 quae
2733 1500 2885 1544 cum
2918 1499 2997 1543 eo
3032 1487 3100 1542 et
3132 1497 3253 1558 per
3285 1496 3437 1541 eum

344 1590 614 1664 fiebant,
649 1593 723 1649 in
757 1591 946 1650 corde
981 1609 1117 1666 suo,
1154 1592 1418 1651 scilicet
1452 1592 1517 1651 in
1551 1592 1745 1652 libris
1777 1598 1846 1652 et
1881 1592 2482 1666 significationibus
2510 1592 2675 1651 suiS.

443 1695 526 1755 Et
576 1694 766 1754 Jesus
793 1694 1172 1774 proficiebat
1223 1696 1304 1755 ad
1339 1695 1845 1772 perfectionem,
1882 1699 2236 1773 sapientia,
2276 1696 2339 1755 id
2388 1703 2493 1755 est
2525 1693 2912 1771 prophetia,
2964 1701 3026 1753 et
3062 1696 3305 1761 aetate,
3343 1690 3439 1750 vi-

344 1800 592 1860 delicet
623 1799 816 1876 Lege,
851 1800 966 1861 ubi
1015 1802 1197 1861 venit
1245 1802 1587 1877 plenitudo
1637 1806 1983 1880 temporie,
2023 1810 2086 1863 et
2132 1806 2352 1881 qratia
2383 1803 2450 1862 in
2479 1801 2862 1877 EvangeliO,
2908 1801 3087 1879 apud
3123 1800 3335 1860 Deum
3372 1797 3435 1856 id

342 1909 453 1964 est
506 1903 802 1965 divinam
861 1904 1347 1981 fortitudinem,
1399 1909 1466 1968 et
1521 1926 1739 1968 coram
1771 1907 2163 1983 hominibus,
2217 1907 2307 1967 ita
2358 1911 2431 1967 ut
2477 1907 2561 1966 ab
2596 1906 2905 1967 omnibus
2953 1908 3437 1979 cognoceretur

345 2008 526 2085 quod
557 2007 732 2068 Deus
766 2012 834 2068 et
868 2008 1064 2069 homo
1098 2012 1298 2069 esset.

1581 2288 1750 2346 Item
1798 2290 1928 2347 alio
1975 2288 2181 2347 mode.

1851 2515 1928 2573 11.

443 2755 606 2818 Cum
657 2759 877 2835 factus
911 2758 1076 2814 esset
1130 2754 1196 2814 in
1230 2759 1569 2815 transacto
1622 2758 1919 2831 tempore
1950 2754 2168 2830 JesuS‚
2209 2755 2269 2814 id
2305 2756 2409 2815 est
2443 2753 2887 2829 ration-alitae,
2922 2770 3250 2813 annorum
3282 2753 3440 2811 duo-

344 2858 565 2920 decim
588 2906 603 2935 ,
656 2860 918 2920 scilicet
951 2874 1103 2919 cum
1150 2860 1531 2933 pervenerit
1567 2860 1629 2919 in
1680 2858 1945 2919 homine
1981 2859 2061 2919 ad
2113 2859 2599 2934 intelligibilem
2633 2863 2954 2932 aetatem,
3007 2858 3099 2916 ita
3137 2860 3209 2918 ut
3240 2856 3439 2917 homo

352 2960 597 3022 bonum
650 2969 716 3023 et
766 2963 1015 3023 malum
1064 2963 1270 3023 sciat:
1320 2963 1824 3024 ascendentibus
1871 2965 2039 3034 illis,
2091 2964 2403 3037 videlicet
2449 2978 2568 3040 per
2602 2961 3117 3022 admonitionem
3152 2960 3440 3037 Spiritus

345 3065 572 3128 Sancti
604 3072 671 3128 et
704 3069 1095 3143 sapientiae,
1146 3071 1217 3128 in
1264 3068 1806 3146 Hierosolymam,
1857 3069 1916 3128 id
1955 3077 2061 3130 est
2095 3069 2176 3130 ad
2212 3069 2407 3129 fidem
2429 3116 2445 3144 ,
2497 3069 2860 3129 secundum
2894 3067 3440 3128 consuetudinem

346 3171 553 3249 (quod
597 3173 852 3250 justum
888 3173 1020 3250 est)
1060 3173 1196 3232 diei
1229 3175 1413 3250 festi,
1452 3174 1712 3233 scilicet
1742 3174 2074 3250 praeclari
2124 3150 2378 3249 operiS,
2416 3175 3010 3250 consummatisque
3058 3171 3307 3246 diebus,
3342 3170 3441 3229 vi-

345 3275 596 3337 delicet
642 3293 795 3337 cum
831 3277 1092 3337 finitum
1140 3282 1324 3336 esset
1355 3277 1601 3337 bonum
1652 3277 1915 3337 initium
1949 3277 2125 3354 quod
2162 3278 2300 3336 illic
2334 3277 2654 3351 incoepit,
2692 3295 2840 3337 cum
2875 3277 3197 3351 redirent,
3237 3275 3301 3335 id
3335 3281 3440 3335 est

352 3395 506 3441 cum
554 3387 900 3443 cessarent
933 3381 1369 3456 admonendO,
1405 3382 1654 3443 dicens:
1690 3382 1852 3442 Vide
1885 3381 2045 3458 quid
2080 3381 2275 3442 modo
2311 3382 2545 3456 facias,
2581 3381 2738 3457 quia
2772 3380 2854 3440 ad
2895 3384 3140 3440 bonum
3179 3380 3439 3440 initium

353 3492 421 3546 te
453 3485 755 3562 perduxi,
793 3490 1112 3547 remansit
1141 3506 1316 3564 puer
1349 3486 1562 3561 Jeme,
1601 3487 1862 3547 scilicet
1897 3487 2341 3561 rationalitaS,
2378 3489 2449 3545 in
2484 3485 2928 3550 Hierusalem.
2967 3484 3031 3544 id
3057 3485 3255 3544 estin
3289 3483 3438 3559 (ide,

353 3595 425 3649 et
458 3589 870 3650 thesaurizat
905 3591 970 3649 in
1004 3591 1391 3667 semetipSO,
1427 3606 1656 3650 secum
1690 3592 1987 3650 tractans
2022 3589 2182 3666 quid
2218 3588 2476 3649 factura
2510 3590 2619 3650 sit.

446 3694 528 3755 Et
576 3712 710 3754 non
758 3701 1194 3771 coqnoverunt
1249 3700 1566 3772 parentes
1630 3693 1772 3769 eius
1836 3696 2215 3754 claritatem
2263 3701 2330 3755 et
2382 3695 2863 3770 perfectionem
2920 3710 3230 3771 operum,
3284 3694 3441 3771 quia

352 3796 648 3858 nondum
697 3797 1032 3874 operando
1066 3798 1150 3857 ad
1198 3797 1393 3857 finem
1426 3800 1752 3875 pervenit.
1803 3799 2285 3859 Eaeistimantes
2318 3805 2543 3859 autem
2590 3800 3036 3875 computando
3070 3800 3268 3858 illum
3303 3816 3440 3857 esse

354 3905 428 3962 in
464 3905 801 3977 comitatu,
855 3902 1115 3962 scilicet
1150 3902 1215 3961 in
1248 3903 1583 3963 communi
1631 3904 1740 3962 via
1773 3905 2081 3980 propriae
2113 3906 2483 3964 voluntatis
2534 3920 2718 3979 suae,
2754 3908 3080 3963 venerunt
3118 3902 3445 3978 aspicien-

356 4009 442 4069 do
476 4012 608 4070 iter
654 4010 810 4084 diei,
849 4009 908 4067 si
956 4009 1130 4069 bona
1164 4025 1367 4085 opera
1418 4009 1686 4079 fecerit,
1721 4015 1785 4069 et
1818 4010 2240 4088 requirebant
2276 4029 2427 4069 eum
2461 4008 2964 4085 considerandO,
3000 4012 3181 4068 inter
3214 4026 3445 4086 coqna-

357 4122 480 4188 tos,
530 4114 843 4174 videlicet
875 4113 1077 4188 vitia,
1130 4119 1190 4172 et
1225 4119 1431 4188 notos,
1485 4114 1549 4173 id
1583 4120 1688 4173 est
1719 4114 2029 4189 virtutes,
2069 4116 2127 4175 si
2162 4115 2335 4174 inter
2370 4115 2532 4174 vitia
2577 4120 2693 4174 aut
2725 4116 3011 4175 virtutes
3047 4115 3155 4174 sit.
3193 4115 3277 4175 Et
3310 4133 3444 4174 non

255 4211 262 4216 ’
359 4221 775 4279 invenientes
824 4218 1161 4278 hominem
1205 4223 1626 4294 operantem,
1680 4218 1796 4277 sed
1831 4224 2089 4279 tantum
2140 4217 2313 4296 apud
2349 4234 2422 4277 se
2470 4224 2989 4294 computantem,
3027 4219 3186 4295 quid
3223 4218 3445 4279 facere

356 4321 548 4396 velit,
600 4323 881 4399 reqressi
914 4328 1068 4380 sunt
1122 4321 1537 4396 respiciendo
1571 4323 1644 4381 in
1693 4322 2135 4398 Hierusalem,
2174 4323 2253 4382 ad
2304 4322 2500 4381 fidem
2534 4321 2616 4381 ad
2665 4335 2866 4398 quam
2902 4322 3089 4381 illum
3123 4323 3439 4399 perduxe-

359 4430 534 4501 rant,
583 4427 999 4502 requirentes
1031 4443 1208 4500 eum,
1260 4426 1418 4502 quia
1450 4442 1579 4484 non
1626 4431 1728 4485 est
1766 4426 2012 4486 bonum
2064 4433 2136 4487 ut
2168 4426 2362 4486 homo
2416 4426 2541 4485 sub
2576 4426 2842 4486 silentio
2879 4426 2945 4485 in
2994 4427 3185 4486 bonis
3222 4428 3440 4503 sileat,

363 4531 634 4591 sibimet
669 4531 797 4606 ipsi
833 4530 1019 4589 utilis
1059 4536 1318 4590 tantum
1352 4531 1671 4604 existenS,
1709 4530 1825 4590 sed
1859 4536 1934 4590 ut
1966 4531 2140 4591 bona
2173 4532 2395 4605 palam
2426 4536 2765 4606 operetur,
2804 4531 2957 4590 aliis
2990 4531 3194 4591 etiam
3229 4548 3449 4593 exem-

360 4635 473 4711 pla
506 4633 858 4710 praebens,

452 4742 533 4801 Et
580 4742 834 4818 factum
879 4744 1007 4813 est,
1059 4738 1124 4798 id
1172 4745 1278 4799 est
1325 4755 1477 4799 cum
1527 4739 1890 4799 admonitio
1941 4740 2072 4800 ista
2122 4740 2221 4798 sic
2269 4740 2601 4816 completa
2653 4740 2876 4815 fuerit,
2921 4747 3070 4818 post
3120 4741 3443 4816 triduum,

363 4845 522 4920 quia
572 4843 768 4903 homo
806 4844 1153 4903 rationalis
1202 4850 1329 4919 est,
1380 4851 1447 4905 et
1494 4845 1690 4904 fidem
1725 4845 2044 4919 suscepit,
2095 4850 2160 4904 et
2208 4844 2410 4904 etiam
2445 4845 2859 4904 voluntatem
2895 4844 3136 4904 bonurn
3167 4860 3446 4920 operan-

364 4947 432 5007 di
480 4947 718 5021 habet,
769 4950 1169 5008 invenerunt
1219 4949 1416 5008 illum
1463 4949 1851 5024 intemplo,
1902 4947 2218 5007 videlicet
2266 4948 2333 5007 in
2381 4947 2573 5007 bonis
2607 4947 2962 5023 operibus,
3015 4950 3088 5008 ut
3120 4947 3445 5022 scripturn

444 5194 486 5260 ¹)
514 5193 584 5249 Is.
619 5194 744 5249 vn.
784 5197 862 5249 l-t.
