4036 6117
1285 524 1523 573 mmm
1575 524 1780 573 viras
1833 522 2304 571 unni-tonum
3188 502 3267 564 11

241 667 280 711 ι
316 649 455 712 lam
486 647 785 727 quaeris,
820 660 993 723 quae
1027 644 1095 706 in
1126 643 1622 722 pulchritudine
1649 642 2025 720 Juventutis
2059 656 2399 718 nunquam
2433 644 2717 714 arescet,
2745 643 2815 698 et
2846 652 3018 715 quae
3053 636 3120 697 in
3152 651 3341 697 sene-

242 770 280 812 »
316 759 502 814 ctute
535 766 876 829 nunquam
906 748 1189 809 deficiet.
1225 748 1323 809 Tu
1354 748 1560 808 etiam
1593 747 1773 807 omni
1810 747 1958 808 luce
1992 761 2211 821 careS,
2248 760 2326 804 ac
2361 744 2429 804 in
2460 743 2651 819 nigra
2700 740 2988 818 caligine
3022 756 3120 817 eS,
3172 745 3241 800 et
3273 740 3341 800 in

242 879 278 919 ι
312 860 731 920 voluntatem
780 855 1068 916 hominis
1117 852 1295 913 sicut
1339 853 1593 912 vermis
1641 851 2026 912 involveris.
2078 850 2177 911 Tu
2209 864 2476 927 quoque
2523 847 2721 924 quasi
2751 862 2873 923 per
2921 850 3334 906 momentum

246 983 279 1022 ι
319 979 527 1024 unum
574 962 785 1037 viveS,
836 962 905 1021 et
934 961 1169 1035 postea
1199 958 1375 1018 sicut
1408 956 1635 1018 fenum
1668 971 1958 1031 aresces,
1996 970 2077 1015 ac
2109 954 2207 1014 sic
2237 954 2307 1014 in
2339 954 2561 1014 lacum
2591 950 2983 1028 perditionis
3017 948 3239 1024 cades,
3274 948 3344 1007 et

245 1087 281 1127 »
318 1068 414 1129 ibi
458 1067 529 1127 in
575 1065 882 1127 omnibus
929 1061 1458 1139 amplexionibus
1507 1061 1639 1122 tuis
1688 1060 1963 1135 finieriS‚
2014 1075 2182 1136 quas
2229 1059 2299 1119 in
2341 1057 2814 1119 constitutione
2848 1058 2965 1116 tua
2995 1055 3194 1115 flores
3226 1068 3346 1113 no-

244 1190 280 1230 »
319 1171 558 1232 minas,
606 1169 743 1245 Ego
792 1170 1018 1228 autem
1066 1168 1376 1227 columna
1422 1165 1735 1226 coelestis
1769 1163 2159 1224 harmoniae
2194 1179 2365 1238 sum,
2403 1164 2472 1224 et
2503 1160 2726 1221 omnia
2757 1159 3002 1236 gaudia
3034 1157 3211 1217 vitae
3243 1157 3345 1216 at-

246 1296 282 1336 »
322 1274 543 1338 tendo,
594 1273 813 1334 Vitam
856 1287 993 1332 non
1041 1269 1341 1346 repudio,
1377 1269 1497 1330 sed
1543 1268 1769 1330 omnia
1797 1269 1998 1329 noxia
2028 1266 2372 1341 conculcO,
2407 1266 2581 1326 sicut
2613 1266 2817 1325 etiam
2849 1266 2914 1325 te
2945 1263 3161 1339 ipsam
3194 1275 3350 1321 con-

248 1399 284 1439 »
323 1382 572 1441 temno.
624 1376 980 1452 Speculum
1026 1375 1204 1435 enim
1253 1373 1551 1435 omnium
1583 1374 1908 1433 virtutum
1943 1389 2116 1447 sum,
2151 1371 2219 1432 in
2252 1388 2386 1448 quo
2421 1370 2635 1430 omnis
2668 1368 2882 1430 fidelis
2913 1366 3265 1443 perspicue
3295 1358 3343 1443 ¹)

245 1504 281 1544 ι
319 1500 394 1545 se
440 1480 912 1543 considerabit.
963 1480 1060 1541 Tu
1108 1481 1333 1541 autem
1366 1478 1436 1538 in
1465 1479 1797 1539 nocturna
1826 1477 1939 1538 via
1972 1477 2212 1551 curris,
2250 1491 2330 1537 ac
2365 1490 2600 1536 manus
2635 1476 2789 1535 tuae
2821 1472 3159 1534 defectum
3190 1485 3346 1547 ope-

244 1607 282 1648 »
322 1590 576 1650 rantur.
611 1604 643 1644 »

1740 1684 1851 1745 111.

1457 1890 1657 1953 Verba
1696 1892 2137 1970 petulantiae.

329 2109 441 2172 12.
490 2105 793 2170 Secunda
839 2105 1065 2165 autem
1112 2101 1333 2178 imago
1380 2102 1457 2162 ut
1504 2101 1689 2162 canis
1737 2103 1918 2177 erat,
1953 2101 2070 2178 qui
2103 2102 2336 2162 venari
2370 2102 2562 2177 solet,
2598 2104 2666 2162 et
2699 2115 2901 2177 super
2932 2101 3342 2177 posteriores

234 2214 446 2292 pedes
495 2227 650 2273 suos
698 2209 954 2284 stabat,
1005 2206 1379 2268 anteriores
1428 2207 1654 2266 autem
1687 2221 1890 2281 super
1920 2204 2235 2266 baculum
2267 2222 2537 2266 sursum
2569 2209 2869 2267 erectum
2899 2207 3239 2281 posuerat,
3274 2206 3344 2266 et

237 2317 459 2379 cauda
505 2330 649 2391 sua,
699 2329 849 2375 eam
897 2310 1399 2385 commovendo,
1452 2310 1758 2385 ludebat,
1810 2313 1878 2371 et
1924 2310 2209 2371 dicebat:
2250 2329 2283 2370 t
2321 2310 2489 2383 Quid
2523 2311 2742 2372 oberit
2773 2310 3024 2371 homini
3059 2310 3336 2385 laetitia,

241 2442 277 2482 ι
315 2438 438 2499 per
484 2435 687 2498 quam
735 2415 996 2477 modice
1044 2416 1111 2476 in
1155 2415 1365 2475 risum
1397 2414 1781 2475 moveatur?
1812 2415 1978 2475 Nam
2010 2415 2153 2491 ipse
2186 2413 2543 2489 pulchrum
2576 2414 2987 2491 spiraculum
3018 2414 3087 2475 in
3119 2412 3344 2474 anima

241 2546 277 2586 ι
313 2527 451 2600 est,
503 2523 677 2584 unde
711 2521 916 2583 etiam
948 2519 1427 2596 symphonialis
1460 2533 1608 2579 esse
1643 2517 1860 2579 debet.
1896 2519 2056 2592 Quis
2090 2520 2194 2579 est
2227 2518 2422 2579 homo
2459 2519 2574 2595 qui
2608 2534 2874 2594 semper
2904 2517 3207 2580 mortalis
3239 2532 3343 2578 es-

238 2648 272 2689 »
310 2646 384 2692 se
420 2626 663 2705 possit?
694 2625 922 2687 Nem0.
960 2624 1379 2700 Quapropter
1413 2622 1728 2694 laetetur,
1764 2623 1925 2683 dum
1959 2623 2201 2684 laetari
2232 2625 2470 2698 potest.
2497 2641 2528 2680 ι»

1721 2832 1858 2894 1111.

1362 3040 1779 3120 Responsum
1824 3041 2240 3120 disciplinae.

332 3252 439 3316 13.
487 3251 570 3312 Et
615 3249 859 3311 iterum
904 3249 987 3310 de
1020 3249 1365 3325 praedicta
1397 3248 1664 3310 turbida
1696 3248 1871 3310 nube
1905 3249 2133 3309 audivi
2167 3266 2403 3311 vocem
2437 3249 2593 3310 huic
2625 3251 2902 3328 imagini
2936 3264 3334 3327 responsum

227 3357 525 3420 dantem:
582 3372 615 3413 t
666 3354 763 3414 Tu
811 3352 1317 3429 scelestissima,
1368 3353 1438 3413 in
1484 3353 1808 3430 squalidis
1857 3353 2157 3415 moribus
2199 3353 2643 3431 Joculantium
2676 3355 3018 3415 hominum
3052 3354 3338 3414 circum-

237 3480 271 3522 »
312 3459 500 3522 ssanti
532 3459 732 3519 vento
765 3456 1004 3517 similis
1037 3473 1141 3534 es,
1178 3473 1256 3517 ac
1288 3457 1358 3517 in
1387 3457 1717 3519 varietate
1752 3459 1868 3518 tua
1899 3458 2243 3518 vermibus
2280 3460 2533 3519 terram
2567 3458 3040 3521 effodientibus
3073 3459 3335 3520 assimi-

234 3583 270 3623 »
309 3563 495 3626 laris,
545 3561 713 3623 Nam
759 3576 912 3620 cum
961 3559 1263 3621 homines
1296 3563 1361 3622 te
1393 3561 1705 3636 viderint,
1745 3561 1865 3622 tibi
1898 3563 2353 3640 consentiunt,
2390 3563 2635 3640 quibus
2667 3567 2740 3625 tu
2773 3563 3075 3640 gaudens
3103 3578 3338 3623 occur-

235 3687 269 3729 »
309 3667 427 3743 τίς,
478 3666 654 3726 sicut
701 3680 843 3724 mos
891 3664 1075 3724 canis
1122 3667 1266 3741 est;
1319 3681 1398 3725 ac
1444 3666 1541 3726 eis
1591 3666 1717 3727 hoc
1764 3665 1958 3727 modo
1993 3669 2379 3744 persuadeS,
2415 3669 2492 3728 ut
2521 3670 2833 3744 exoptent
2863 3668 3188 3746 quidquid
3220 3682 3338 3727 vo-

234 3789 271 3831 »
309 3769 582 3833 luerint.
632 3766 758 3828 Sed
804 3770 873 3828 et
903 3769 1120 3830 otiosa
1152 3771 1220 3831 et
1250 3769 1624 3830 criminalia
1655 3771 1862 3831 verba
1895 3770 2180 3848 profers,
2218 3772 2464 3849 quibus
2494 3772 2694 3833 corda
2730 3773 3072 3835 hominum
3102 3774 3335 3835 vulne-

237 3893 271 3935 »
310 3891 447 3951 raS,
499 3887 577 3934 ac
626 3887 847 3932 mores
894 3875 1045 3933 tuos
1094 3874 1162 3934 in
1209 3874 1689 3936 consuetudine
1739 3874 1904 3951 legis
1953 3876 2075 3936 tibi
2125 3876 2500 3951 constituis,
2538 3877 2783 3953 quibus
2817 3878 3118 3939 homines
3153 3893 3331 3939 com-

232 3997 270 4038 ι
306 3976 686 4055 prebendis,
734 3975 870 4052 Ego
920 3979 1145 4038 autem
1191 3980 1531 4055 cingulum
1582 3979 1957 4040 sanctitatis
1991 3983 2059 4041 et
2089 3981 2366 4056 pallium
2400 3981 2767 4042 honestatis
2802 3998 2950 4042 sum
2962 4002 2979 4058 3
3017 3998 3096 4044 ac
3127 3983 3197 4043 in
3230 3997 3332 4042 re-

236 4101 272 4141 »
311 4081 575 4159 galibus
624 4079 872 4155 nuptiis
921 4080 1283 4142 honorifice
1329 4083 1643 4161 adjuncta
1692 4100 1863 4160 sum,
1912 4084 1980 4144 in
2014 4085 2259 4161 quibus
2292 4101 2444 4145 cum
2478 4086 2721 4162 gaudio
2754 4087 3017 4147 soboles
3046 4085 3097 4167 ²)
3132 4087 3331 4148 disci·-

235 4203 269 4245 »
304 4185 528 4263 plinae
560 4200 872 4261 appare0‚
896 4187 977 4246 -et
1005 4185 1074 4246 in
1107 4187 1349 4264 quibus
1383 4203 1535 4249 cum
1570 4189 1878 4250 omnibus
1914 4190 2321 4251 ornamentis
2351 4190 2651 4266 justitiae
2685 4206 3043 4252 corusco.»

1742 4398 1811 4458 V.

1462 4605 1660 4667 Verba
1692 4601 2127 4682 joculatricz's.

320 4810 426 4876 14.
476 4810 702 4875 Tertia
748 4829 909 4876 vero
959 4812 1179 4894 imago
1228 4815 1478 4878 homini
1528 4816 2060 4895 assimilabatur,
2112 4821 2387 4895 excepto
2435 4818 2614 4897 quod
2663 4821 3038 4882 tortuosum
3086 4837 3321 4884 nasum

230 4913 541 4993 habebat,
592 4919 660 4979 et
707 4919 884 4996 quod
932 4938 1168 4982 manus
1217 4922 1360 4998 ejus
1407 4924 1483 4983 ut
1529 4922 1730 4999 pedes
1778 4923 1916 4983 ursi
1966 4926 2179 4999 erant,
2230 4927 2298 4985 et
2329 4924 2506 5003 quod
2538 4924 2739 5000 pedes
2775 4926 2981 5000 ipsius
3015 4929 3088 4986 ut
3120 4927 3321 5002 pedes

231 5019 512 5097 grifonis
558 5028 1032 5098 apparuerunt.
1081 5026 1320 5103 Nigros
1367 5030 1592 5089 autem
1640 5027 1918 5103 capillos
1954 5027 2266 5100 habebat,
2301 5032 2369 5092 et
2399 5028 2646 5107 pallida
2681 5032 2865 5091 veste
2898 5028 3316 5091 induebatur.

305 5165 348 5236 ¹)
367 5174 658 5244 perspicax
680 5166 746 5228 A·
1735 5177 1748 5248 l
1810 5178 1857 5247 η
1881 5177 2080 5235 sobolis
2105 5176 2176 5242 A,
2203 5177 2296 5235 w.
