4036 6117
693 450 821 511 200
949 494 950 497 η
1842 461 1893 503 s,
1955 461 2511 509 111LDEGARD18

623 582 859 659 leoniS,
898 584 1057 659 quia
1105 585 1344 640 cuncta
1380 579 1664 653 vestigia
1717 594 1840 639 sua
1873 580 1954 639 ad
2006 581 2246 640 itinera
2285 581 2655 640 ferocitatis
2707 586 2772 639 et
2807 581 3215 665 praedarum·
3256 582 3508 659 dirigit,
3546 582 3710 642 nulli

620 704 924 766 parcenS,
962 686 1075 746 ubi
1108 684 1469 760 quicquam
1504 683 1586 742 ad
1623 683 2010 758 rapiendum
2052 684 2321 743 invenit.

704 793 810 853 44.
860 789 1098 851 Induta
1144 790 1369 847 autem
1417 793 1518 846 est
1569 788 1794 847 tunica
1839 789 2121 847 subalbo
2185 795 2253 848 et
2302 790 2621 864 subnigro
2679 791 2902 849 colore
2966 792 3380 852 commixtim
3431 793 3703 867 intexta,

614 896 931 974 quoniam
965 894 1095 953 sibi
1121 907 1352 952 omnes
1380 908 1838 967 quascumque
1872 896 2092 966 potest
2125 893 2422 965 divitiae,
2456 894 2598 953 sive
2628 893 2830 967 juste,
2870 895 3012 953 sive
3049 895 3295 970 inJuste
3329 896 3705 974 adquisitas

620 1005 829 1066 trahit
850 1001 922 1082 ¹),
952 1020 991 1063 a
1015 1002 1277 1062 nemine
1305 1016 1658 1076 quaerenS,
1688 1001 1859 1060 unde
1888 1002 2023 1060 sint
2051 1003 2156 1060 vel
2183 1002 2374 1077 cujus
2403 1003 2557 1076 sint;
2588 1018 2759 1077 quae
2793 1004 3104 1078 superius
3131 1004 3499 1065 constricta
3523 1005 3706 1065 vide-

612 1116 744 1182 tur,
783 1106 1062 1168 inferius
1098 1110 1343 1180 autern,
1382 1103 1640 1163 scilicet
1672 1103 1853 1163 circa
1886 1119 2107 1178 crura,
2149 1106 2213 1164 in
2242 1105 2678 1179 amplitudine
2712 1105 3027 1179 distenta,
3058 1107 3216 1181 quia
3243 1106 3418 1181 quod
3453 1124 3490 1165 a
3528 1107 3702 1183 rapi·
3734 1145 3744 1155 -

608 1214 715 1273 nis
751 1208 1160 1288 spiritalium
1206 1206 1552 1266 hominum
1599 1222 1722 1282 pro
1759 1207 2039 1265 coelesti
2090 1207 2627 1266 remuneratione
2662 1224 2734 1266 se
2769 1207 3127 1280 contineat,
3164 1224 3283 1283 per
3319 1209 3704 1268 simulatam

612 1315 1112 1377 simulationem
1159 1311 1515 1387 aliquando
1561 1311 1876 1385 ostendit,
1928 1312 2287 1383 cumjnter
2332 1312 2899 1387 saeculareS,'qui
2951 1318 3284 1373 terrenam
3336 1330 3564 1373 curam
3616 1313 3708 1374 fe-

616 1428 793 1496 runt,
831 1417 1089 1493 amplos
1123 1416 1312 1476 sinus
1346 1415 1427 1475 ad
1479 1413 1930 1490 diripiendum
1980 1416 2049 1474 in
2095 1416 2562 1475 aestimatione
2611 1432 2734 1475 sua
2780 1416 3039 1476 dilatat.
3089 1417 3168 1477 Et
3217 1434 3420 1493 super
3467 1424 3704 1493 pectus

607 1528 754 1603 ejus
787 1506 1015 1585 vultus
1049 1523 1225 1597 nigri
1258 1521 1507 1581 coloris
1543 1523 1848 1596 apparet,
1885 1521 2204 1596 quoniam
2254 1520 2730 1580 conscientiam
2769 1520 2983 1596 ipsius
3030 1523 3370 1582 voracitas
3405 1522 3708 1583 diversa-

610 1647 758 1691 rum
785 1628 1169 1702 rapinarum
1206 1626 1271 1684 in
1304 1624 1648 1699 nigredine
1683 1625 2002 1699 ingluviei
2041 1623 2239 1698 fovet3
2278 1625 2392 1700 qui
2428 1624 2631 1698 pedes
2660 1641 2819 1683 suos
2845 1625 3058 1685 eidem
3087 1626 3342 1702 pectori
3379 1643 3501 1686 suo
3526 1624 3576 1705 ²)
3606 1628 3702 1687 in-

611 1734 776 1809 figit,
805 1731 964 1807 quia
988 1730 1232 1789 itinera
1260 1744 1380 1787 sua
1407 1728 1488 1787 ad
1516 1728 1928 1787 voluntatem
1961 1728 2413 1787 conscientiae
2440 1743 2600 1787 suae
2627 1728 2877 1802 dirigit,
2908 1744 3059 1787 cum
3086 1728 3306 1787 omnia
3333 1744 3503 1804 quae
3529 1728 3707 1790 desi-

607 1838 797 1898 derat
847 1836 1029 1896 facit.
1068 1833 1192 1893 Sed
1224 1832 1500 1892 dorsum
1550 1849 1628 1891 ac
1660 1833 1942 1891 caudam
1993 1849 2187 1891 suam
2221 1832 2303 1893 ad
2352 1832 2653 1892 eamdem
2704 1833 3056 1908 imaginem
3106 1835 3332 1909 vertit,
3384 1837 3701 1911 quoniam

607 1944 909 2018 vigorem
940 1942 1009 2000 et
1055 1938 1566 2014 completionem
1595 1930 1645 2015 ³)
1699 1937 2127 2012 iniquitatum
2179 1952 2451 1996 suarum
2503 1936 2585 1995 ad
2621 1937 2975 1996 avaritiam
3023 1938 3338 2013 extendit,
3389 1939 3701 1999 omnibus

604 2045 823 2105 modis
858 2045 956 2103 illi
991 2041 1330 2102 insudans,

693 2150 800 2209 45.
837 2146 960 2207 Sed
995 2145 1172 2224 quod
1207 2161 1434 2206 coram
1470 2145 1616 2221 ipsa
1650 2146 1851 2206 arbor
1895 2148 2052 2220 stat,
2090 2163 2261 2220 quae
2287 2145 2628 2207 radicibus
2657 2148 2797 2207 suis
2828 2148 2890 2207 in
2917 2147 3287 2223 gehennam
3316 2148 3595 2222 radicat,
3629 2154 3698 2208 et

599 2255 794 2332 cujus
830 2252 1089 2313 fructus
1121 2251 1310 2325 picea
1344 2256 1411 2310 et
1445 2250 1807 2325 sulphurea
1841 2265 2040 2325 poma
2090 2255 2268 2324 sunt,
2311 2249 2436 2310 hoc
2469 2257 2573 2310 est
2618 2251 2794 2328 quod
2828 2252 3145 2312 cordibus
3180 2251 3543 2312 infidelium
3582 2252 3700 2311 ho-

598 2360 850 2419 minum
899 2354 1186 2417 avaritia
1236 2353 1752 2413 sollicitudinem
1799 2355 2061 2413 saeculi
2109 2353 2547 2429 demonstrat,
2601 2372 2773 2431 quae
2823 2357 2984 2415 totis
3019 2356 3278 2416 viribus
3314 2357 3458 2416 suis
3495 2357 3698 2417 inter-

595 2462 859 2523 necioni
886 2458 936 2541 ⁴)
973 2460 1312 2533 immersa,
1352 2457 1643 2518 fructum
1676 2458 2159 2533 inquinationis
2194 2458 2605 2535 pessimique
2656 2458 2933 2519 foetoris
2978 2461 3046 2520 in
3092 2461 3691 2522 circumvolutione

596 2565 1164 2643 nequissimarum
1213 2577 1529 2621 curarum
1576 2560 1855 2637 profert;
1894 2562 2007 2621 ubi
2058 2562 2239 2622 nulla
2289 2562 2633 2639 coelestia,
2687 2562 2804 2623 sed
2841 2580 3107 2640 semper
3155 2566 3509 2626 terrestria
3557 2582 3693 2627 me-

591 2670 866 2730 ditatur.
903 2670 981 2728 Et
1029 2666 1200 2727 hanc
1246 2666 1555 2725 arborem
1604 2663 1837 2724 eadem
1887 2666 2107 2741 imago
2155 2665 2672 2741 diligentissime
2725 2668 3042 2743 intuetur,
3094 2684 3174 2728 ac
3205 2668 3286 2727 de
3339 2668 3561 2729 fructu
3613 2669 3691 2728 il-

597 2779 730 2837 lius
779 2791 893 2835 ore
951 2791 1069 2834 suo
1120 2776 1387 2849 rapiens
1444 2772 1833 2832 avidissime
1881 2773 2201 2847 devorat,
2261 2775 2420 2849 quia
2471 2775 2762 2849 ineptam
2818 2776 3341 2835 sollicitudinem
3397 2776 3686 2836 avaritia

603 2883 890 2942 solerter
922 2878 1307 2955 inspicienS,
1345 2893 1423 2936 ea
1458 2892 1629 2952 quae
1682 2878 1745 2936 in
1779 2878 2067 2937 terrenis
2115 2878 2299 2937 curis
2333 2877 2497 2937 hacc
2545 2879 2777 2954 gignit,
2819 2880 3113 2939 mordaci
3161 2878 3351 2939 hiatu
3385 2895 3685 2953 compre-

595 2989 848 3061 hendit,
900 2993 967 3047 et
999 2986 1140 3047 sine
1188 2983 1644 3044 moderatione
1698 2985 1763 3043 in
1797 3001 1867 3043 se
1920 2984 2144 3044 trahit.
2196 2985 2546 3062 Nunquam
2589 2988 2765 3045 enim
2799 2985 3103 3045 homines
3139 2986 3294 3045 huic
3342 2986 3507 3046 vitio
3545 3002 3684 3046 ser—

592 3095 874 3168 vientes,
911 3091 1133 3152 securi
1167 3096 1346 3165 sunt,
1383 3105 1504 3149 nec
1536 3088 1671 3149 Deo
1706 3088 2067 3164 confidunt,
2105 3089 2220 3149 sed
2258 3105 2331 3148 se
2364 3095 2543 3150 totos
2578 3090 2805 3150 arduis
2840 3092 3041 3151 rebus
3076 3091 3388 3151 ardenter
3422 3092 3688 3154 immer-

587 3205 772 3276 gunt.
821 3197 1005 3258 Unde
1051 3196 1197 3272 ipsa
1245 3210 1513 3271 quoque
1564 3195 1794 3255 multis
1841 3201 1908 3253 et
1957 3193 2395 3254 horribilibus
2446 3195 2787 3255 vermibus
2837 3195 3312 3271 circumdatur,
3366 3197 3681 3272 quoniam

586 3303 874 3364 avaritia
931 3299 1492 3361 inenarrabilibus
1552 3304 1620 3359 et
1676 3299 2126 3358 monstruosis
2182 3297 2537 3358 diabolicis
2596 3299 2854 3358 artibus
2912 3299 3460 3361 circumvallatur
3481 3320 3496 3376 ;
3566 3304 3682 3378 qui

586 3407 822 3468 caudis
880 3405 1024 3467 suis
1072 3405 1357 3465 multum
1413 3404 1710 3464 sonitum
1764 3409 1832 3463 et
1880 3418 2193 3478 magnum
2251 3408 2506 3463 motum
2563 3405 2627 3462 in
2675 3403 2997 3480 praefatis
3048 3406 3342 3466 tenebris
3395 3406 3675 3484 faciunt,

583 3510 745 3587 quia
796 3507 1183 3569 fortitudine
1231 3511 1299 3566 et
1346 3506 1788 3580 completione
1838 3506 2214 3581 iniquitatis
2263 3522 2424 3566 suae
2460 3506 2784 3580 plurimos
2819 3508 3143 3582 strepitus
3186 3524 3264 3567 ac
3311 3508 3676 3571 immensas

586 3612 1082 3691 inquietudines
1132 3610 1200 3670 in
1234 3609 1527 3669 tenebris
1576 3609 1990 3668 infidelitatis
2040 3612 2481 3684 commovent,
2519 3624 2670 3669 cum
2719 3609 2975 3669 nullum
3010 3610 3077 3669 in
3110 3610 3333 3685 quiete
3383 3613 3678 3688 propriis

587 3719 790 3778 rebus
823 3717 965 3776 suis
1000 3714 1130 3775 frui
1180 3713 1599 3790 permittunt;
1651 3717 1718 3771 et
1751 3711 1880 3772 hoc
1912 3712 2119 3772 etiam
2166 3728 2287 3788 per
2320 3713 2581 3789 iniquos
2632 3713 2935 3773 homines
2970 3721 3199 3791 agunt,
3250 3716 3681 3792 quemadmo-

583 3822 743 3883 dum
792 3835 944 3879 cum
991 3818 1213 3894 pisces
1263 3815 1511 3877 ictibus
1561 3815 1924 3874 caudarum
1975 3831 2252 3874 suarum
2301 3831 2541 3891 aquam
2593 3822 3042 3892 commovent,
3096 3818 3354 3877 scilicet
3403 3834 3554 3877 cum
3607 3820 3672 3879 in

581 3928 722 3988 illis
747 3924 1160 4001 perversitas
1180 3937 1538 3998 pravorum
1558 3934 1834 3996 operum
1857 3919 2231 3978 confortata
2258 3927 2324 3979 et
2350 3923 2641 3995 peracta,
2664 3916 3090 4001 puritatem⁵)
3115 3922 3324 3982 bonae
3352 3923 3672 3983 scientiae

585 4034 649 4092 in
682 4031 898 4091 beatis
932 4027 1317 4088 hominibus
1365 4025 1723 4100 disturbat,
1775 4024 1869 4082 ita
1902 4023 2079 4099 quod
2131 4024 2296 4099 ipsis
2331 4039 2503 4100 quae
2539 4025 2837 4100 ipsorum
2871 4031 3026 4088 sunt
3073 4024 3407 4100 auferunt,
3444 4031 3511 4084 et
3544 4027 3673 4086 sibi

580 4152 661 4196 ea
709 4133 1145 4213 pertinaciter
1181 4135 1569 4206 congerunt,
1621 4129 1797 4188 sicut
1830 4134 1896 4187 et
1939 4129 2112 4187 idem
2147 4128 2385 4187 vitium
2421 4129 2486 4187 in
2520 4129 2853 4188 locutione
2889 4145 3008 4188 sua
3043 4131 3354 4205 superius
3390 4129 3665 4189 manife-

581 4245 740 4300 stat.
769 4238 889 4299 Cui
917 4252 1085 4313 pura
1116 4234 1522 4295 sufficientia
1556 4234 1909 4301 resistens,
1937 4237 2013 4290 ut
2038 4231 2347 4292 fidelibus
2381 4232 2552 4292 dona
2576 4233 2694 4292 Dei
2721 4232 3076 4308 sufficiant,
3114 4232 3512 4293 fiducialiter
3548 4233 3661 4294 ad-

580 4347 827 4416 monet,
863 4356 945 4400 ne
980 4341 1037 4401 si
1074 4340 1399 4399 avaritiae
1433 4337 1796 4398 insolenter
1834 4337 2169 4411 insistant,
2208 4336 2721 4396 amaritudinem
2771 4337 3053 4397 acerbae
3102 4338 3517 4399 infelicitatis
3570 4340 3668 4398 in-

579 4450 877 4520 currant;
922 4445 1108 4504 velut
1155 4444 1358 4503 etiam
1389 4441 1717 4503 Jeremias
1763 4441 1845 4501 de
1881 4439 2285 4518 quibusdam
2311 4440 2436 4500 hoc
2469 4441 2710 4501 vitium
2742 4441 3176 4517 diligentibus
3222 4446 3531 4518 testatur,
3570 4443 3668 4502 ‹li-

583 4568 764 4613 cens:

647 4785 692 4850 ¹)
728 4782 979 4840 adtrahit
1014 4780 1106 4835 W.
1148 4810 1219 4820 —
1253 4782 1299 4847 ²)
1325 4797 1422 4837 suo
1444 4794 1555 4836 om.
1586 4778 1655 4836 A.
1686 4810 1754 4820 -
1778 4779 1823 4845 ³)
1847 4781 2070 4853 comple-
2159 4782 2202 4846 ⁵)
2221 4783 2467 4853 puritate
2489 4778 2558 4836 A.

572 4877 798 4929 ctionem
821 4869 892 4932 A,
919 4867 1260 4940 completione
1283 4866 1375 4921 W.
1404 4897 1471 4906 —
1495 4865 1538 4934 ⁴)
1565 4869 1976 4923 internecionem
2000 4868 2065 4922 A.
