<?xml version="1.0" encoding="UTF-8"?>
<!DOCTYPE html PUBLIC "-//W3C//DTD XHTML 1.0 Transitional//EN"
    "http://www.w3.org/TR/xhtml1/DTD/xhtml1-transitional.dtd">
<html xmlns="http://www.w3.org/1999/xhtml" xml:lang="en" lang="en">
 <head>
  <title>
</title>
<meta http-equiv="Content-Type" content="text/html;charset=utf-8" />
  <meta name='ocr-system' content='tesseract 3.04.00' />
  <meta name='ocr-capabilities' content='ocr_page ocr_carea ocr_par ocr_line ocrx_word'/>
</head>
<body>
  <div class='ocr_page' id='page_1' title='image "analectasacrasp05pitrgoog_0154.png"; bbox 0 0 4036 6117; ppageno 0'>
   <div class='ocr_carea' id='block_1_1' title="bbox 679 477 2497 540">
    <p class='ocr_par' dir='ltr' id='par_1_1' title="bbox 679 477 2497 540">
     <span class='ocr_line' id='line_1_1' title="bbox 679 477 2497 540; baseline 0.001 -4"><span class='ocrx_word' id='word_1_1' title='bbox 679 477 808 536; x_wconf 83' lang='lat'>118</span> <span class='ocrx_word' id='word_1_2' title='bbox 1836 493 1887 537; x_wconf 81' lang='lat' dir='ltr'>s.</span> <span class='ocrx_word' id='word_1_3' title='bbox 1942 492 2497 540; x_wconf 64' lang='lat' dir='ltr'>mnnecAams</span> 
     </span>
    </p>
   </div>
   <div class='ocr_carea' id='block_1_2' title="bbox 1445 712 2873 997">
    <p class='ocr_par' dir='ltr' id='par_1_2' title="bbox 1445 712 2873 997">
     <span class='ocr_line' id='line_1_2' title="bbox 2007 712 2325 776; baseline 0.003 -3"><span class='ocrx_word' id='word_1_4' title='bbox 2007 712 2325 776; x_wconf 87' lang='lat' dir='ltr'>XXVIIII.</span> 
     </span>
     <span class='ocr_line' id='line_1_3' title="bbox 1445 925 2873 997; baseline 0.003 -16"><span class='ocrx_word' id='word_1_5' title='bbox 1445 926 1627 997; x_wconf 86' lang='lat' dir='ltr'>Quod</span> <span class='ocrx_word' id='word_1_6' title='bbox 1676 928 1860 985; x_wconf 78' lang='lat' dir='ltr'>homo</span> <span class='ocrx_word' id='word_1_7' title='bbox 1914 925 2289 985; x_wconf 82' lang='lat' dir='ltr'><strong><em>Creatorem</em></strong></span> <span class='ocrx_word' id='word_1_8' title='bbox 2340 932 2601 984; x_wconf 83' lang='lat' dir='ltr'>tentare</span> <span class='ocrx_word' id='word_1_9' title='bbox 2651 927 2873 985; x_wconf 83' lang='lat' dir='ltr'>audet.</span> 
     </span>
    </p>
   </div>
   <div class='ocr_carea' id='block_1_3' title="bbox 614 1129 3725 1729">
    <p class='ocr_par' dir='ltr' id='par_1_3' title="bbox 614 1129 3725 1729">
     <span class='ocr_line' id='line_1_4' title="bbox 701 1129 3719 1208; baseline -0.002 -15"><span class='ocrx_word' id='word_1_10' title='bbox 701 1134 808 1194; x_wconf 90' lang='lat'>37.</span> <span class='ocrx_word' id='word_1_11' title='bbox 861 1134 1025 1192; x_wconf 88' lang='lat' dir='ltr'>Nam</span> <span class='ocrx_word' id='word_1_12' title='bbox 1073 1133 1292 1192; x_wconf 87' lang='lat' dir='ltr'>omnis</span> <span class='ocrx_word' id='word_1_13' title='bbox 1326 1135 1637 1192; x_wconf 84' lang='lat' dir='ltr'>creatura</span> <span class='ocrx_word' id='word_1_14' title='bbox 1672 1131 1754 1192; x_wconf 91' lang='lat' dir='ltr'>ad</span> <span class='ocrx_word' id='word_1_15' title='bbox 1790 1132 2002 1207; x_wconf 90' lang='lat' dir='ltr'>illum,</span> <span class='ocrx_word' id='word_1_16' title='bbox 2042 1133 2157 1208; x_wconf 92' lang='lat' dir='ltr'>qui</span> <span class='ocrx_word' id='word_1_17' title='bbox 2191 1148 2340 1193; x_wconf 91' lang='lat' dir='ltr'>eam</span> <span class='ocrx_word' id='word_1_18' title='bbox 2392 1132 2728 1208; x_wconf 83' lang='lat' dir='ltr'>formavit,</span> <span class='ocrx_word' id='word_1_19' title='bbox 2768 1134 2834 1192; x_wconf 91' lang='lat' dir='ltr'>in</span> <span class='ocrx_word' id='word_1_20' title='bbox 2881 1129 3128 1193; x_wconf 77' lang='lat' dir='ltr'>officiis</span> <span class='ocrx_word' id='word_1_21' title='bbox 3179 1131 3328 1190; x_wconf 89' lang='lat' dir='ltr'>suis</span> <span class='ocrx_word' id='word_1_22' title='bbox 3379 1131 3614 1205; x_wconf 89' lang='lat' dir='ltr'>tendit;</span> <span class='ocrx_word' id='word_1_23' title='bbox 3651 1135 3719 1189; x_wconf 86' lang='lat' dir='ltr'>et</span> 
     </span>
     <span class='ocr_line' id='line_1_5' title="bbox 614 1232 3720 1313; baseline -0.001 -18"><span class='ocrx_word' id='word_1_24' title='bbox 614 1234 793 1312; x_wconf 89' lang='lat' dir='ltr'>quod</span> <span class='ocrx_word' id='word_1_25' title='bbox 845 1236 1031 1294; x_wconf 88' lang='lat' dir='ltr'>solus</span> <span class='ocrx_word' id='word_1_26' title='bbox 1078 1232 1255 1294; x_wconf 88' lang='lat' dir='ltr'>Deus</span> <span class='ocrx_word' id='word_1_27' title='bbox 1289 1249 1438 1294; x_wconf 89' lang='lat' dir='ltr'>eam</span> <span class='ocrx_word' id='word_1_28' title='bbox 1485 1234 1840 1310; x_wconf 83' lang='lat' dir='ltr'>creaverit,</span> <span class='ocrx_word' id='word_1_29' title='bbox 1876 1236 2247 1312; x_wconf 81' lang='lat' dir='ltr'>cognoscit,</span> <span class='ocrx_word' id='word_1_30' title='bbox 2300 1237 2457 1313; x_wconf 88' lang='lat' dir='ltr'>quia</span> <span class='ocrx_word' id='word_1_31' title='bbox 2502 1252 2674 1296; x_wconf 90' lang='lat' dir='ltr'>unus</span> <span class='ocrx_word' id='word_1_32' title='bbox 2723 1240 2830 1295; x_wconf 88' lang='lat' dir='ltr'>est</span> <span class='ocrx_word' id='word_1_33' title='bbox 2862 1235 2978 1311; x_wconf 90' lang='lat' dir='ltr'>qui</span> <span class='ocrx_word' id='word_1_34' title='bbox 3026 1234 3249 1295; x_wconf 90' lang='lat' dir='ltr'>omnia</span> <span class='ocrx_word' id='word_1_35' title='bbox 3287 1233 3465 1294; x_wconf 84' lang='lat' dir='ltr'>fecit.</span> <span class='ocrx_word' id='word_1_36' title='bbox 3504 1234 3720 1293; x_wconf 86' lang='lat' dir='ltr'>Homo</span> 
     </span>
     <span class='ocr_line' id='line_1_6' title="bbox 617 1340 3724 1417; baseline 0 -17"><span class='ocrx_word' id='word_1_37' title='bbox 617 1346 843 1401; x_wconf 88' lang='lat' dir='ltr'>autem</span> <span class='ocrx_word' id='word_1_38' title='bbox 874 1357 993 1417; x_wconf 88' lang='lat' dir='ltr'>per</span> <span class='ocrx_word' id='word_1_39' title='bbox 1027 1340 1274 1400; x_wconf 89' lang='lat' dir='ltr'>multas</span> <span class='ocrx_word' id='word_1_40' title='bbox 1308 1340 1641 1400; x_wconf 83' lang='lat' dir='ltr'><strong>vanitates</strong></span> <span class='ocrx_word' id='word_1_41' title='bbox 1668 1342 2078 1402; x_wconf 86' lang='lat' dir='ltr'>constrictus</span> <span class='ocrx_word' id='word_1_42' title='bbox 2111 1347 2179 1402; x_wconf 92' lang='lat' dir='ltr'>et</span> <span class='ocrx_word' id='word_1_43' title='bbox 2202 1343 2485 1417; x_wconf 81' lang='lat' dir='ltr'>divisuS,</span> <span class='ocrx_word' id='word_1_44' title='bbox 2525 1343 2911 1403; x_wconf 83' lang='lat' dir='ltr'>Creatorem</span> <span class='ocrx_word' id='word_1_45' title='bbox 2936 1340 3141 1403; x_wconf 87' lang='lat' dir='ltr'>etiam</span> <span class='ocrx_word' id='word_1_46' title='bbox 3169 1357 3366 1401; x_wconf 89' lang='lat' dir='ltr'>suum</span> <span class='ocrx_word' id='word_1_47' title='bbox 3390 1342 3724 1402; x_wconf 88' lang='lat' dir='ltr'>constrin-</span> 
     </span>
     <span class='ocr_line' id='line_1_7' title="bbox 616 1445 3717 1522; baseline -0 -17"><span class='ocrx_word' id='word_1_48' title='bbox 616 1462 772 1521; x_wconf 80' lang='lat' dir='ltr'>gere</span> <span class='ocrx_word' id='word_1_49' title='bbox 807 1451 1041 1520; x_wconf 88' lang='lat' dir='ltr'>tentat,</span> <span class='ocrx_word' id='word_1_50' title='bbox 1081 1461 1231 1505; x_wconf 92' lang='lat' dir='ltr'>cum</span> <span class='ocrx_word' id='word_1_51' title='bbox 1264 1459 1418 1505; x_wconf 89' lang='lat' dir='ltr'>eum</span> <span class='ocrx_word' id='word_1_52' title='bbox 1451 1445 1628 1505; x_wconf 87' lang='lat' dir='ltr'>ultra</span> <span class='ocrx_word' id='word_1_53' title='bbox 1660 1446 2025 1521; x_wconf 82' lang='lat' dir='ltr'>procedere</span> <span class='ocrx_word' id='word_1_54' title='bbox 2058 1462 2260 1522; x_wconf 91' lang='lat' dir='ltr'>posse</span> <span class='ocrx_word' id='word_1_55' title='bbox 2295 1446 2629 1506; x_wconf 89' lang='lat' dir='ltr'>interdum</span> <span class='ocrx_word' id='word_1_56' title='bbox 2664 1452 2955 1520; x_wconf 81' lang='lat' dir='ltr'>recusat,</span> <span class='ocrx_word' id='word_1_57' title='bbox 2993 1461 3072 1506; x_wconf 93' lang='lat' dir='ltr'>ac</span> <span class='ocrx_word' id='word_1_58' title='bbox 3104 1461 3259 1505; x_wconf 89' lang='lat' dir='ltr'>eum</span> <span class='ocrx_word' id='word_1_59' title='bbox 3293 1446 3362 1505; x_wconf 90' lang='lat' dir='ltr'>in</span> <span class='ocrx_word' id='word_1_60' title='bbox 3384 1445 3717 1521; x_wconf 89' lang='lat' dir='ltr'>plurimas</span> 
     </span>
     <span class='ocr_line' id='line_1_8' title="bbox 617 1546 3717 1625; baseline 0 -20"><span class='ocrx_word' id='word_1_61' title='bbox 617 1552 963 1606; x_wconf 88' lang='lat' dir='ltr'>creaturas</span> <span class='ocrx_word' id='word_1_62' title='bbox 1011 1546 1273 1621; x_wconf 88' lang='lat' dir='ltr'>dividit,</span> <span class='ocrx_word' id='word_1_63' title='bbox 1325 1546 1640 1622; x_wconf 91' lang='lat' dir='ltr'>quoniam</span> <span class='ocrx_word' id='word_1_64' title='bbox 1688 1562 1809 1624; x_wconf 89' lang='lat' dir='ltr'>per</span> <span class='ocrx_word' id='word_1_65' title='bbox 1855 1554 2129 1622; x_wconf 77' lang='lat' dir='ltr'>gustum</span> <span class='ocrx_word' id='word_1_66' title='bbox 2177 1549 2489 1625; x_wconf 89' lang='lat' dir='ltr'>propriae</span> <span class='ocrx_word' id='word_1_67' title='bbox 2521 1548 2891 1609; x_wconf 88' lang='lat' dir='ltr'>voluntatis</span> <span class='ocrx_word' id='word_1_68' title='bbox 2926 1563 3089 1609; x_wconf 86' lang='lat' dir='ltr'>suae</span> <span class='ocrx_word' id='word_1_69' title='bbox 3123 1547 3330 1607; x_wconf 91' lang='lat' dir='ltr'>Deum</span> <span class='ocrx_word' id='word_1_70' title='bbox 3363 1547 3446 1607; x_wconf 86' lang='lat' dir='ltr'>ad</span> <span class='ocrx_word' id='word_1_71' title='bbox 3482 1562 3717 1607; x_wconf 90' lang='lat' dir='ltr'>unam-</span> 
     </span>
     <span class='ocr_line' id='line_1_9' title="bbox 619 1648 3725 1729; baseline -0.001 -19"><span class='ocrx_word' id='word_1_72' title='bbox 619 1667 954 1727; x_wconf 87' lang='lat' dir='ltr'>quamque</span> <span class='ocrx_word' id='word_1_73' title='bbox 989 1667 1265 1712; x_wconf 89' lang='lat' dir='ltr'>causam</span> <span class='ocrx_word' id='word_1_74' title='bbox 1298 1653 1506 1729; x_wconf 87' lang='lat' dir='ltr'>ponit,</span> <span class='ocrx_word' id='word_1_75' title='bbox 1543 1667 1746 1728; x_wconf 88' lang='lat' dir='ltr'>quam</span> <span class='ocrx_word' id='word_1_76' title='bbox 1780 1651 2187 1728; x_wconf 83' lang='lat' dir='ltr'>sibimetipsi</span> <span class='ocrx_word' id='word_1_77' title='bbox 2223 1653 2288 1712; x_wconf 92' lang='lat' dir='ltr'>in</span> <span class='ocrx_word' id='word_1_78' title='bbox 2320 1652 2666 1712; x_wconf 87' lang='lat' dir='ltr'>voluntate</span> <span class='ocrx_word' id='word_1_79' title='bbox 2715 1668 2838 1711; x_wconf 90' lang='lat' dir='ltr'>sua</span> <span class='ocrx_word' id='word_1_80' title='bbox 2871 1651 3248 1724; x_wconf 88' lang='lat' dir='ltr'>constituit,</span> <span class='ocrx_word' id='word_1_81' title='bbox 3285 1651 3379 1710; x_wconf 92' lang='lat' dir='ltr'>ita</span> <span class='ocrx_word' id='word_1_82' title='bbox 3412 1648 3594 1725; x_wconf 89' lang='lat' dir='ltr'>quod</span> <span class='ocrx_word' id='word_1_83' title='bbox 3626 1648 3725 1707; x_wconf 90' lang='lat' dir='ltr'>di·</span> 
     </span>
    </p>
   </div>
   <div class='ocr_carea' id='block_1_4' title="bbox 623 1752 3723 1932">
    <p class='ocr_par' dir='ltr' id='par_1_4' title="bbox 623 1752 3723 1932">
     <span class='ocr_line' id='line_1_10' title="bbox 623 1752 3723 1831; baseline 0 -20"><span class='ocrx_word' id='word_1_84' title='bbox 623 1753 737 1827; x_wconf 88' lang='lat' dir='ltr'>cit,</span> <span class='ocrx_word' id='word_1_85' title='bbox 776 1755 933 1830; x_wconf 91' lang='lat' dir='ltr'>quia</span> <span class='ocrx_word' id='word_1_86' title='bbox 967 1753 1143 1815; x_wconf 88' lang='lat' dir='ltr'>Deus</span> <span class='ocrx_word' id='word_1_87' title='bbox 1192 1770 1344 1815; x_wconf 88' lang='lat' dir='ltr'>eum</span> <span class='ocrx_word' id='word_1_88' title='bbox 1388 1755 1486 1815; x_wconf 86' lang='lat' dir='ltr'>sic</span> <span class='ocrx_word' id='word_1_89' title='bbox 1534 1756 1888 1829; x_wconf 83' lang='lat' dir='ltr'>creaverit,</span> <span class='ocrx_word' id='word_1_90' title='bbox 1926 1755 2101 1831; x_wconf 91' lang='lat' dir='ltr'>quod</span> <span class='ocrx_word' id='word_1_91' title='bbox 2152 1762 2502 1831; x_wconf 87' lang='lat' dir='ltr'>peccatum</span> <span class='ocrx_word' id='word_1_92' title='bbox 2537 1754 2699 1814; x_wconf 86' lang='lat' dir='ltr'>illud</span> <span class='ocrx_word' id='word_1_93' title='bbox 2734 1753 2909 1830; x_wconf 89' lang='lat' dir='ltr'>quod</span> <span class='ocrx_word' id='word_1_94' title='bbox 2957 1753 3177 1816; x_wconf 86' lang='lat' dir='ltr'>facere</span> <span class='ocrx_word' id='word_1_95' title='bbox 3212 1754 3379 1830; x_wconf 86' lang='lat' dir='ltr'>vult,</span> <span class='ocrx_word' id='word_1_96' title='bbox 3416 1752 3723 1812; x_wconf 85' lang='lat' dir='ltr'>devitare</span> 
     </span>
     <span class='ocr_line' id='line_1_11' title="bbox 625 1858 3481 1932; baseline 0.007 -17"><span class='ocrx_word' id='word_1_97' title='bbox 625 1873 756 1915; x_wconf 89' lang='lat' dir='ltr'>non</span> <span class='ocrx_word' id='word_1_98' title='bbox 789 1858 1029 1932; x_wconf 89' lang='lat' dir='ltr'>possit.</span> <span class='ocrx_word' id='word_1_99' title='bbox 3472 1864 3481 1871; x_wconf 64' lang='grc'><strong><em>’</em></strong></span> 
     </span>
    </p>
   </div>
   <div class='ocr_carea' id='block_1_5' title="bbox 2069 1976 2284 2040">
    <p class='ocr_par' dir='ltr' id='par_1_5' title="bbox 2069 1976 2284 2040">
     <span class='ocr_line' id='line_1_12' title="bbox 2069 1976 2284 2040; baseline 0.005 -1"><span class='ocrx_word' id='word_1_100' title='bbox 2069 1976 2284 2040; x_wconf 88' lang='lat' dir='ltr'>XXX.</span> 
     </span>
    </p>
   </div>
   <div class='ocr_carea' id='block_1_6' title="bbox 1503 2174 2840 2252">
    <p class='ocr_par' dir='ltr' id='par_1_6' title="bbox 1503 2174 2840 2252">
     <span class='ocr_line' id='line_1_13' title="bbox 1503 2174 2840 2252; baseline -0.001 -19"><span class='ocrx_word' id='word_1_101' title='bbox 1503 2175 1686 2248; x_wconf 86' lang='lat' dir='ltr'>Quod</span> <span class='ocrx_word' id='word_1_102' title='bbox 1735 2175 2066 2252; x_wconf 75' lang='lat' dir='ltr'>sapientia</span> <span class='ocrx_word' id='word_1_103' title='bbox 2115 2175 2497 2250; x_wconf 82' lang='lat' dir='ltr'>Scripturas</span> <span class='ocrx_word' id='word_1_104' title='bbox 2546 2174 2840 2233; x_wconf 82' lang='lat' dir='ltr'>dictavit.</span> 
     </span>
    </p>
   </div>
   <div class='ocr_carea' id='block_1_7' title="bbox 623 2375 3729 2776">
    <p class='ocr_par' dir='ltr' id='par_1_7' title="bbox 623 2375 3729 2776">
     <span class='ocr_line' id='line_1_14' title="bbox 704 2375 3728 2461; baseline -0.003 -20"><span class='ocrx_word' id='word_1_105' title='bbox 704 2382 811 2441; x_wconf 89' lang='grc'>38.</span> <span class='ocrx_word' id='word_1_106' title='bbox 840 2382 964 2442; x_wconf 91' lang='lat' dir='ltr'>Sed</span> <span class='ocrx_word' id='word_1_107' title='bbox 989 2383 1149 2458; x_wconf 88' lang='lat' dir='ltr'>quid</span> <span class='ocrx_word' id='word_1_108' title='bbox 1172 2378 1218 2461; x_wconf 89' lang='lat'>¹)</span> <span class='ocrx_word' id='word_1_109' title='bbox 1250 2381 1485 2444; x_wconf 84' lang='lat' dir='ltr'>fecerit</span> <span class='ocrx_word' id='word_1_110' title='bbox 1509 2382 1915 2460; x_wconf 85' lang='lat' dir='ltr'>Scripturas,</span> <span class='ocrx_word' id='word_1_111' title='bbox 1947 2384 2012 2442; x_wconf 92' lang='lat' dir='ltr'>in</span> <span class='ocrx_word' id='word_1_112' title='bbox 2042 2383 2397 2458; x_wconf 88' lang='lat' dir='ltr'>multiplici</span> <span class='ocrx_word' id='word_1_113' title='bbox 2424 2383 2756 2458; x_wconf 88' lang='lat' dir='ltr'>sapientia</span> <span class='ocrx_word' id='word_1_114' title='bbox 2786 2381 3023 2455; x_wconf 83' lang='lat' dir='ltr'>scitur,</span> <span class='ocrx_word' id='word_1_115' title='bbox 3053 2380 3368 2456; x_wconf 87' lang='lat' dir='ltr'>quoniam</span> <span class='ocrx_word' id='word_1_116' title='bbox 3393 2375 3571 2436; x_wconf 89' lang='lat' dir='ltr'>Deus</span> <span class='ocrx_word' id='word_1_117' title='bbox 3605 2390 3728 2434; x_wconf 84' lang='lat' dir='ltr'>eas</span> 
     </span>
     <span class='ocr_line' id='line_1_15' title="bbox 623 2479 3725 2566; baseline -0.003 -21"><span class='ocrx_word' id='word_1_118' title='bbox 623 2487 802 2561; x_wconf 87' lang='lat' dir='ltr'>fecit,</span> <span class='ocrx_word' id='word_1_119' title='bbox 841 2488 998 2563; x_wconf 88' lang='lat' dir='ltr'>quia</span> <span class='ocrx_word' id='word_1_120' title='bbox 1045 2488 1271 2548; x_wconf 89' lang='lat' dir='ltr'>nullus</span> <span class='ocrx_word' id='word_1_121' title='bbox 1304 2487 1647 2549; x_wconf 90' lang='lat' dir='ltr'>hominum</span> <span class='ocrx_word' id='word_1_122' title='bbox 1695 2504 1812 2548; x_wconf 88' lang='lat' dir='ltr'>eas</span> <span class='ocrx_word' id='word_1_123' title='bbox 1846 2489 2145 2548; x_wconf 85' lang='lat' dir='ltr'>invenire</span> <span class='ocrx_word' id='word_1_124' title='bbox 2193 2494 2445 2566; x_wconf 90' lang='lat' dir='ltr'>posset,</span> <span class='ocrx_word' id='word_1_125' title='bbox 2483 2488 2542 2547; x_wconf 91' lang='lat' dir='ltr'>si</span> <span class='ocrx_word' id='word_1_126' title='bbox 2590 2485 2922 2564; x_wconf 83' lang='lat' dir='ltr'>sapientia</span> <span class='ocrx_word' id='word_1_127' title='bbox 2951 2484 3070 2544; x_wconf 88' lang='lat' dir='ltr'>Dei</span> <span class='ocrx_word' id='word_1_128' title='bbox 3106 2484 3259 2544; x_wconf 89' lang='lat' dir='ltr'>illas</span> <span class='ocrx_word' id='word_1_129' title='bbox 3291 2497 3422 2542; x_wconf 90' lang='lat' dir='ltr'>non</span> <span class='ocrx_word' id='word_1_130' title='bbox 3469 2479 3725 2539; x_wconf 85' lang='lat' dir='ltr'>dictas-</span> 
     </span>
     <span class='ocr_line' id='line_1_16' title="bbox 626 2583 3729 2675; baseline -0.002 -27"><span class='ocrx_word' id='word_1_131' title='bbox 626 2596 748 2649; x_wconf 89' lang='lat' dir='ltr'>set.</span> <span class='ocrx_word' id='word_1_132' title='bbox 787 2592 867 2650; x_wconf 90' lang='lat' dir='ltr'>Et</span> <span class='ocrx_word' id='word_1_133' title='bbox 902 2593 967 2651; x_wconf 89' lang='lat' dir='ltr'>in</span> <span class='ocrx_word' id='word_1_134' title='bbox 1002 2592 1136 2652; x_wconf 85' lang='lat' dir='ltr'>illis</span> <span class='ocrx_word' id='word_1_135' title='bbox 1173 2593 1404 2654; x_wconf 89' lang='lat' dir='ltr'>subtili</span> <span class='ocrx_word' id='word_1_136' title='bbox 1438 2610 1516 2654; x_wconf 88' lang='lat' dir='ltr'>ac</span> <span class='ocrx_word' id='word_1_137' title='bbox 1540 2595 1914 2671; x_wconf 87' lang='lat' dir='ltr'>perspicaci</span> <span class='ocrx_word' id='word_1_138' title='bbox 1949 2594 2385 2671; x_wconf 86' lang='lat' dir='ltr'>inquisitione</span> <span class='ocrx_word' id='word_1_139' title='bbox 2413 2591 2881 2675; x_wconf 89' lang='lat' dir='ltr'>inquirendum</span> <span class='ocrx_word' id='word_1_140' title='bbox 2906 2596 3031 2663; x_wconf 86' lang='lat' dir='ltr'>est,</span> <span class='ocrx_word' id='word_1_141' title='bbox 3062 2589 3213 2665; x_wconf 89' lang='lat' dir='ltr'>quis</span> <span class='ocrx_word' id='word_1_142' title='bbox 3240 2585 3573 2647; x_wconf 86' lang='lat' dir='ltr'>creaverit</span> <span class='ocrx_word' id='word_1_143' title='bbox 3606 2583 3729 2642; x_wconf 88' lang='lat' dir='ltr'>ho-</span> 
     </span>
     <span class='ocr_line' id='line_1_17' title="bbox 628 2694 2323 2776; baseline 0.004 -24"><span class='ocrx_word' id='word_1_144' title='bbox 628 2694 896 2769; x_wconf 90' lang='lat' dir='ltr'>minem,</span> <span class='ocrx_word' id='word_1_145' title='bbox 935 2699 1248 2772; x_wconf 79' lang='lat' dir='ltr'>quoniam</span> <span class='ocrx_word' id='word_1_146' title='bbox 1280 2698 1456 2758; x_wconf 89' lang='lat' dir='ltr'>Deus</span> <span class='ocrx_word' id='word_1_147' title='bbox 1489 2704 1593 2758; x_wconf 89' lang='lat' dir='ltr'>est</span> <span class='ocrx_word' id='word_1_148' title='bbox 1627 2700 1741 2775; x_wconf 88' lang='lat' dir='ltr'>qui</span> <span class='ocrx_word' id='word_1_149' title='bbox 1775 2715 1926 2759; x_wconf 90' lang='lat' dir='ltr'>eum</span> <span class='ocrx_word' id='word_1_150' title='bbox 1962 2700 2219 2759; x_wconf 83' lang='lat' dir='ltr'>creavit</span> <span class='ocrx_word' id='word_1_151' title='bbox 2249 2697 2323 2776; x_wconf 83' lang='lat'>²).</span> 
     </span>
    </p>
   </div>
   <div class='ocr_carea' id='block_1_8' title="bbox 2064 2922 2278 2982">
    <p class='ocr_par' dir='ltr' id='par_1_8' title="bbox 2064 2922 2278 2982">
     <span class='ocr_line' id='line_1_18' title="bbox 2064 2922 2278 2982; baseline 0.009 -2"><span class='ocrx_word' id='word_1_152' title='bbox 2064 2922 2278 2982; x_wconf 84' lang='lat' dir='ltr'>XXXI.</span> 
     </span>
    </p>
   </div>
   <div class='ocr_carea' id='block_1_9' title="bbox 1492 3114 2862 3176">
    <p class='ocr_par' dir='ltr' id='par_1_9' title="bbox 1492 3114 2862 3176">
     <span class='ocr_line' id='line_1_19' title="bbox 1492 3114 2862 3176; baseline -0.002 0"><span class='ocrx_word' id='word_1_153' title='bbox 1492 3117 1586 3176; x_wconf 80' lang='lat' dir='ltr'>De</span> <span class='ocrx_word' id='word_1_154' title='bbox 1636 3118 1962 3176; x_wconf 80' lang='lat' dir='ltr'>creaturis</span> <span class='ocrx_word' id='word_1_155' title='bbox 2011 3122 2073 3174; x_wconf 85' lang='lat' dir='ltr'>et</span> <span class='ocrx_word' id='word_1_156' title='bbox 2125 3133 2385 3175; x_wconf 82' lang='lat' dir='ltr'>summa</span> <span class='ocrx_word' id='word_1_157' title='bbox 2430 3114 2862 3174; x_wconf 81' lang='lat' dir='ltr'>beatitudine.</span> 
     </span>
    </p>
   </div>
   <div class='ocr_carea' id='block_1_10' title="bbox 617 3320 3733 4122">
    <p class='ocr_par' dir='ltr' id='par_1_10' title="bbox 617 3320 3733 4122">
     <span class='ocr_line' id='line_1_20' title="bbox 710 3320 3733 3404; baseline -0.002 -19"><span class='ocrx_word' id='word_1_158' title='bbox 710 3323 818 3385; x_wconf 87' lang='lat'>39.</span> <span class='ocrx_word' id='word_1_159' title='bbox 857 3325 1184 3395; x_wconf 88' lang='lat' dir='ltr'>Quamdiu</span> <span class='ocrx_word' id='word_1_160' title='bbox 1216 3327 1419 3386; x_wconf 88' lang='lat' dir='ltr'>etiam</span> <span class='ocrx_word' id='word_1_161' title='bbox 1443 3320 1492 3404; x_wconf 84' lang='lat'>⁸)</span> <span class='ocrx_word' id='word_1_162' title='bbox 1529 3331 1839 3386; x_wconf 90' lang='lat' dir='ltr'>creatura</span> <span class='ocrx_word' id='word_1_163' title='bbox 1873 3326 2228 3401; x_wconf 88' lang='lat' dir='ltr'>temporali</span> <span class='ocrx_word' id='word_1_164' title='bbox 2261 3326 2665 3386; x_wconf 87' lang='lat' dir='ltr'>necessitate</span> <span class='ocrx_word' id='word_1_165' title='bbox 2692 3323 3077 3384; x_wconf 88' lang='lat' dir='ltr'>hominibus</span> <span class='ocrx_word' id='word_1_166' title='bbox 3113 3323 3179 3381; x_wconf 91' lang='lat' dir='ltr'>in</span> <span class='ocrx_word' id='word_1_167' title='bbox 3213 3320 3456 3381; x_wconf 91' lang='lat' dir='ltr'>mundo</span> <span class='ocrx_word' id='word_1_168' title='bbox 3484 3320 3733 3380; x_wconf 87' lang='lat' dir='ltr'>subve-</span> 
     </span>
     <span class='ocr_line' id='line_1_21' title="bbox 622 3422 3725 3504; baseline -0.002 -17"><span class='ocrx_word' id='word_1_169' title='bbox 622 3427 836 3500; x_wconf 82' lang='lat' dir='ltr'>nienS,</span> <span class='ocrx_word' id='word_1_170' title='bbox 875 3445 953 3486; x_wconf 91' lang='lat' dir='ltr'>ea</span> <span class='ocrx_word' id='word_1_171' title='bbox 988 3444 1158 3503; x_wconf 88' lang='lat' dir='ltr'>quae</span> <span class='ocrx_word' id='word_1_172' title='bbox 1210 3429 1361 3487; x_wconf 89' lang='lat' dir='ltr'>usui</span> <span class='ocrx_word' id='word_1_173' title='bbox 1397 3427 1738 3488; x_wconf 88' lang='lat' dir='ltr'>hominum</span> <span class='ocrx_word' id='word_1_174' title='bbox 1773 3433 1927 3504; x_wconf 87' lang='lat' dir='ltr'>apta</span> <span class='ocrx_word' id='word_1_175' title='bbox 1963 3433 2140 3502; x_wconf 87' lang='lat' dir='ltr'>sunt,</span> <span class='ocrx_word' id='word_1_176' title='bbox 2177 3427 2489 3502; x_wconf 89' lang='lat' dir='ltr'>producit</span> <span class='ocrx_word' id='word_1_177' title='bbox 2564 3426 3087 3501; x_wconf 83' lang='lat' dir='ltr'>magnitudinem</span> <span class='ocrx_word' id='word_1_178' title='bbox 3138 3429 3205 3482; x_wconf 89' lang='lat' dir='ltr'>et</span> <span class='ocrx_word' id='word_1_179' title='bbox 3237 3422 3725 3499; x_wconf 81' lang='lat' dir='ltr'>perfectionem</span> 
     </span>
     <span class='ocr_line' id='line_1_22' title="bbox 624 3524 3728 3607; baseline -0.001 -20"><span class='ocrx_word' id='word_1_180' title='bbox 624 3535 1052 3589; x_wconf 88' lang='lat' dir='ltr'>aeternorum</span> <span class='ocrx_word' id='word_1_181' title='bbox 1085 3531 1484 3605; x_wconf 83' lang='lat' dir='ltr'>gaudiorum</span> <span class='ocrx_word' id='word_1_182' title='bbox 1517 3532 1714 3592; x_wconf 91' lang='lat' dir='ltr'>homo</span> <span class='ocrx_word' id='word_1_183' title='bbox 1748 3548 1878 3591; x_wconf 91' lang='lat' dir='ltr'>non</span> <span class='ocrx_word' id='word_1_184' title='bbox 1909 3531 2188 3605; x_wconf 81' lang='lat' dir='ltr'>videbit3</span> <span class='ocrx_word' id='word_1_185' title='bbox 2224 3532 2383 3607; x_wconf 87' lang='lat' dir='ltr'>quia</span> <span class='ocrx_word' id='word_1_186' title='bbox 2417 3532 2746 3591; x_wconf 89' lang='lat' dir='ltr'>elementa</span> <span class='ocrx_word' id='word_1_187' title='bbox 2780 3546 2933 3588; x_wconf 90' lang='lat' dir='ltr'>cum</span> <span class='ocrx_word' id='word_1_188' title='bbox 2966 3527 3371 3600; x_wconf 90' lang='lat' dir='ltr'>hominibus,</span> <span class='ocrx_word' id='word_1_189' title='bbox 3409 3531 3475 3585; x_wconf 89' lang='lat' dir='ltr'>et</span> <span class='ocrx_word' id='word_1_190' title='bbox 3508 3524 3728 3586; x_wconf 92' lang='lat' dir='ltr'>homi-</span> 
     </span>
     <span class='ocr_line' id='line_1_23' title="bbox 623 3629 3724 3711; baseline 0 -23"><span class='ocrx_word' id='word_1_191' title='bbox 623 3646 742 3689; x_wconf 88' lang='lat' dir='ltr'>nes</span> <span class='ocrx_word' id='word_1_192' title='bbox 777 3647 926 3689; x_wconf 90' lang='lat' dir='ltr'>cum</span> <span class='ocrx_word' id='word_1_193' title='bbox 963 3633 1106 3711; x_wconf 89' lang='lat' dir='ltr'>illis</span> <span class='ocrx_word' id='word_1_194' title='bbox 1149 3634 1215 3692; x_wconf 90' lang='lat' dir='ltr'>in</span> <span class='ocrx_word' id='word_1_195' title='bbox 1247 3632 1492 3695; x_wconf 88' lang='lat' dir='ltr'>mundo</span> <span class='ocrx_word' id='word_1_196' title='bbox 1540 3639 2043 3694; x_wconf 88' lang='lat' dir='ltr'>conversantur.</span> <span class='ocrx_word' id='word_1_197' title='bbox 2080 3635 2444 3711; x_wconf 86' lang='lat' dir='ltr'>Postquam</span> <span class='ocrx_word' id='word_1_198' title='bbox 2492 3637 2715 3694; x_wconf 86' lang='lat' dir='ltr'>autem</span> <span class='ocrx_word' id='word_1_199' title='bbox 2752 3633 2903 3694; x_wconf 83' lang='lat' dir='ltr'>finis</span> <span class='ocrx_word' id='word_1_200' title='bbox 2936 3631 3164 3692; x_wconf 91' lang='lat' dir='ltr'>mundi</span> <span class='ocrx_word' id='word_1_201' title='bbox 3216 3629 3583 3704; x_wconf 87' lang='lat' dir='ltr'>advenerit,</span> <span class='ocrx_word' id='word_1_202' title='bbox 3622 3630 3724 3689; x_wconf 82' lang='lat' dir='ltr'>ita</span> 
     </span>
     <span class='ocr_line' id='line_1_24' title="bbox 624 3732 3728 3811; baseline 0.001 -21"><span class='ocrx_word' id='word_1_203' title='bbox 624 3732 802 3808; x_wconf 89' lang='lat' dir='ltr'>quod</span> <span class='ocrx_word' id='word_1_204' title='bbox 837 3738 1145 3792; x_wconf 88' lang='lat' dir='ltr'>creatura</span> <span class='ocrx_word' id='word_1_205' title='bbox 1182 3735 1248 3793; x_wconf 92' lang='lat' dir='ltr'>in</span> <span class='ocrx_word' id='word_1_206' title='bbox 1279 3734 1669 3795; x_wconf 87' lang='lat' dir='ltr'>ariditatem</span> <span class='ocrx_word' id='word_1_207' title='bbox 1703 3737 2096 3811; x_wconf 88' lang='lat' dir='ltr'>temporalis</span> <span class='ocrx_word' id='word_1_208' title='bbox 2130 3736 2526 3796; x_wconf 86' lang='lat' dir='ltr'>defectionis</span> <span class='ocrx_word' id='word_1_209' title='bbox 2558 3735 2901 3809; x_wconf 89' lang='lat' dir='ltr'>ceciderit,</span> <span class='ocrx_word' id='word_1_210' title='bbox 2937 3739 3005 3793; x_wconf 91' lang='lat' dir='ltr'>et</span> <span class='ocrx_word' id='word_1_211' title='bbox 3040 3735 3180 3810; x_wconf 91' lang='lat' dir='ltr'>jam</span> <span class='ocrx_word' id='word_1_212' title='bbox 3213 3734 3728 3793; x_wconf 86' lang='lat' dir='ltr'>transmutatio-</span> 
     </span>
     <span class='ocr_line' id='line_1_25' title="bbox 617 3837 3711 3913; baseline 0 -16"><span class='ocrx_word' id='word_1_213' title='bbox 617 3851 771 3897; x_wconf 91' lang='lat' dir='ltr'>nem</span> <span class='ocrx_word' id='word_1_214' title='bbox 804 3853 995 3896; x_wconf 90' lang='lat' dir='ltr'>suam</span> <span class='ocrx_word' id='word_1_215' title='bbox 1029 3840 1339 3913; x_wconf 86' lang='lat' dir='ltr'>senserit,</span> <span class='ocrx_word' id='word_1_216' title='bbox 1375 3839 1571 3899; x_wconf 91' lang='lat' dir='ltr'>electi</span> <span class='ocrx_word' id='word_1_217' title='bbox 1605 3841 1990 3902; x_wconf 84' lang='lat' dir='ltr'>Creatorem</span> <span class='ocrx_word' id='word_1_218' title='bbox 2024 3858 2221 3901; x_wconf 89' lang='lat' dir='ltr'>suum</span> <span class='ocrx_word' id='word_1_219' title='bbox 2268 3848 2336 3900; x_wconf 92' lang='lat' dir='ltr'>et</span> <span class='ocrx_word' id='word_1_220' title='bbox 2370 3846 2940 3901; x_wconf 86' lang='lat' dir='ltr'>remuneratorem</span> <span class='ocrx_word' id='word_1_221' title='bbox 2975 3839 3301 3899; x_wconf 88' lang='lat' dir='ltr'>bonorum</span> <span class='ocrx_word' id='word_1_222' title='bbox 3352 3837 3711 3912; x_wconf 82' lang='lat' dir='ltr'>factorum,</span> 
     </span>
     <span class='ocr_line' id='line_1_26' title="bbox 625 3940 3723 4020; baseline 0.001 -22"><span class='ocrx_word' id='word_1_223' title='bbox 625 3941 692 3999; x_wconf 81' lang='lat' dir='ltr'>in</span> <span class='ocrx_word' id='word_1_224' title='bbox 723 3941 862 3999; x_wconf 88' lang='lat' dir='ltr'>vita</span> <span class='ocrx_word' id='word_1_225' title='bbox 912 3942 1332 4002; x_wconf 86' lang='lat' dir='ltr'>aeternitatis</span> <span class='ocrx_word' id='word_1_226' title='bbox 1380 3948 1450 4002; x_wconf 87' lang='lat' dir='ltr'>et</span> <span class='ocrx_word' id='word_1_227' title='bbox 1482 3944 1689 4003; x_wconf 88' lang='lat' dir='ltr'>totius</span> <span class='ocrx_word' id='word_1_228' title='bbox 1739 3943 1988 4020; x_wconf 81' lang='lat' dir='ltr'>gaudii,</span> <span class='ocrx_word' id='word_1_229' title='bbox 2029 3961 2183 4004; x_wconf 92' lang='lat' dir='ltr'>cum</span> <span class='ocrx_word' id='word_1_230' title='bbox 2232 3961 2493 4005; x_wconf 89' lang='lat' dir='ltr'>summa</span> <span class='ocrx_word' id='word_1_231' title='bbox 2542 3942 2955 4005; x_wconf 89' lang='lat' dir='ltr'>beatitudine</span> <span class='ocrx_word' id='word_1_232' title='bbox 3000 3940 3347 4017; x_wconf 86' lang='lat' dir='ltr'>videbunt,</span> <span class='ocrx_word' id='word_1_233' title='bbox 3399 3941 3723 4016; x_wconf 88' lang='lat' dir='ltr'>quoniam</span> 
     </span>
     <span class='ocr_line' id='line_1_27' title="bbox 629 4044 3717 4122; baseline -0 -19"><span class='ocrx_word' id='word_1_234' title='bbox 629 4051 771 4104; x_wconf 89' lang='lat' dir='ltr'>tum</span> <span class='ocrx_word' id='word_1_235' title='bbox 819 4046 1070 4105; x_wconf 89' lang='lat' dir='ltr'>nullam</span> <span class='ocrx_word' id='word_1_236' title='bbox 1119 4063 1351 4107; x_wconf 88' lang='lat' dir='ltr'>curam</span> <span class='ocrx_word' id='word_1_237' title='bbox 1397 4053 1465 4107; x_wconf 88' lang='lat' dir='ltr'>et</span> <span class='ocrx_word' id='word_1_238' title='bbox 1504 4048 1755 4107; x_wconf 89' lang='lat' dir='ltr'>nullam</span> <span class='ocrx_word' id='word_1_239' title='bbox 1803 4050 2279 4109; x_wconf 89' lang='lat' dir='ltr'>necessitatem</span> <span class='ocrx_word' id='word_1_240' title='bbox 2326 4050 2802 4109; x_wconf 90' lang='lat' dir='ltr'>elementorum</span> <span class='ocrx_word' id='word_1_241' title='bbox 2852 4051 2919 4106; x_wconf 89' lang='lat' dir='ltr'>et</span> <span class='ocrx_word' id='word_1_242' title='bbox 2968 4044 3439 4122; x_wconf 83' lang='lat' dir='ltr'>temporalium</span> <span class='ocrx_word' id='word_1_243' title='bbox 3488 4058 3717 4103; x_wconf 90' lang='lat' dir='ltr'>rerum</span> 
     </span>
    </p>
   </div>
   <div class='ocr_carea' id='block_1_11' title="bbox 627 4148 3720 4325">
    <p class='ocr_par' dir='ltr' id='par_1_11' title="bbox 627 4148 3720 4325">
     <span class='ocr_line' id='line_1_28' title="bbox 627 4148 3720 4227; baseline 0.001 -22"><span class='ocrx_word' id='word_1_244' title='bbox 627 4148 864 4206; x_wconf 90' lang='lat' dir='ltr'>amodo</span> <span class='ocrx_word' id='word_1_245' title='bbox 915 4148 1274 4226; x_wconf 89' lang='lat' dir='ltr'>habebunt,</span> <span class='ocrx_word' id='word_1_246' title='bbox 1311 4151 1470 4227; x_wconf 89' lang='lat' dir='ltr'>quia</span> <span class='ocrx_word' id='word_1_247' title='bbox 1505 4151 1570 4210; x_wconf 92' lang='lat' dir='ltr'>in</span> <span class='ocrx_word' id='word_1_248' title='bbox 1605 4153 2000 4213; x_wconf 85' lang='lat' dir='ltr'>aeternitate</span> <span class='ocrx_word' id='word_1_249' title='bbox 2036 4159 2212 4227; x_wconf 90' lang='lat' dir='ltr'>sunt,</span> <span class='ocrx_word' id='word_1_250' title='bbox 2249 4159 2315 4211; x_wconf 88' lang='lat' dir='ltr'>et</span> <span class='ocrx_word' id='word_1_251' title='bbox 2350 4151 2415 4212; x_wconf 93' lang='lat' dir='ltr'>in</span> <span class='ocrx_word' id='word_1_252' title='bbox 2447 4152 2643 4212; x_wconf 89' lang='lat' dir='ltr'>beata</span> <span class='ocrx_word' id='word_1_253' title='bbox 2674 4152 2815 4211; x_wconf 90' lang='lat' dir='ltr'>vita</span> <span class='ocrx_word' id='word_1_254' title='bbox 2846 4148 2980 4210; x_wconf 88' lang='lat' dir='ltr'>Deo</span> <span class='ocrx_word' id='word_1_255' title='bbox 3014 4148 3494 4223; x_wconf 83' lang='lat' dir='ltr'>adhaerebunt,</span> <span class='ocrx_word' id='word_1_256' title='bbox 3531 4148 3720 4208; x_wconf 84' lang='lat' dir='ltr'>velut</span> 
     </span>
     <span class='ocr_line' id='line_1_29' title="bbox 632 4250 1115 4325; baseline 0.004 -15"><span class='ocrx_word' id='word_1_257' title='bbox 632 4250 956 4325; x_wconf 83' lang='lat' dir='ltr'>scriptum</span> <span class='ocrx_word' id='word_1_258' title='bbox 989 4258 1115 4313; x_wconf 87' lang='lat' dir='ltr'>est:</span> 
     </span>
    </p>
   </div>
   <div class='ocr_carea' id='block_1_12' title="bbox 2058 4468 2301 4529">
    <p class='ocr_par' dir='ltr' id='par_1_12' title="bbox 2058 4468 2301 4529">
     <span class='ocr_line' id='line_1_30' title="bbox 2058 4468 2301 4529; baseline 0 -2"><span class='ocrx_word' id='word_1_259' title='bbox 2058 4468 2301 4529; x_wconf 85' lang='lat' dir='ltr'>xxxll.</span> 
     </span>
    </p>
   </div>
   <div class='ocr_carea' id='block_1_13' title="bbox 1529 4672 2848 4755">
    <p class='ocr_par' dir='ltr' id='par_1_13' title="bbox 1529 4672 2848 4755">
     <span class='ocr_line' id='line_1_31' title="bbox 1529 4672 2848 4755; baseline 0 -20"><span class='ocrx_word' id='word_1_260' title='bbox 1529 4672 1717 4736; x_wconf 81' lang='lat' dir='ltr'>Liber</span> <span class='ocrx_word' id='word_1_261' title='bbox 1769 4678 2155 4755; x_wconf 78' lang='lat' dir='ltr'>Sapientiae</span> <span class='ocrx_word' id='word_1_262' title='bbox 2205 4676 2290 4736; x_wconf 84' lang='lat' dir='ltr'>ad</span> <span class='ocrx_word' id='word_1_263' title='bbox 2337 4676 2638 4736; x_wconf 85' lang='lat' dir='ltr'>eamdem</span> <span class='ocrx_word' id='word_1_264' title='bbox 2686 4694 2848 4735; x_wconf 86' lang='lat' dir='ltr'>rem.</span> 
     </span>
    </p>
   </div>
   <div class='ocr_carea' id='block_1_14' title="bbox 635 4876 3731 5070">
    <p class='ocr_par' dir='ltr' id='par_1_14' title="bbox 635 4876 3731 5070">
     <span class='ocr_line' id='line_1_32' title="bbox 724 4876 3730 4965; baseline 0.001 -22"><span class='ocrx_word' id='word_1_265' title='bbox 724 4880 828 4943; x_wconf 77' lang='lat'>40.</span> <span class='ocrx_word' id='word_1_266' title='bbox 868 4881 926 4944; x_wconf 88' lang='lat' dir='ltr'><em>F</em></span> <span class='ocrx_word' id='word_1_267' title='bbox 924 4884 1234 4962; x_wconf 74' lang='lat' dir='ltr'>ulqebunt</span> <span class='ocrx_word' id='word_1_268' title='bbox 1253 4882 1429 4960; x_wconf 81' lang='lat' dir='ltr'>justi</span> <span class='ocrx_word' id='word_1_269' title='bbox 1464 4876 1779 4965; x_wconf 77' lang='lat' dir='ltr'>tanquam</span> <span class='ocrx_word' id='word_1_270' title='bbox 1814 4889 2146 4949; x_wconf 87' lang='lat' dir='ltr'>scintillae</span> <span class='ocrx_word' id='word_1_271' title='bbox 2181 4890 2253 4947; x_wconf 88' lang='lat' dir='ltr'>in</span> <span class='ocrx_word' id='word_1_272' title='bbox 2287 4889 2688 4947; x_wconf 85' lang='lat' dir='ltr'>arundineto</span> <span class='ocrx_word' id='word_1_273' title='bbox 2721 4885 3122 4947; x_wconf 80' lang='lat' dir='ltr'>discurrent.</span> <span class='ocrx_word' id='word_1_274' title='bbox 3161 4880 3562 4946; x_wconf 82' lang='lat' dir='ltr'>Judicabunt</span> <span class='ocrx_word' id='word_1_275' title='bbox 3609 4902 3730 4945; x_wconf 80' lang='lat' dir='ltr'>na-</span> 
     </span>
     <span class='ocr_line' id='line_1_33' title="bbox 635 4987 3731 5070; baseline 0.001 -22"><span class='ocrx_word' id='word_1_276' title='bbox 635 4991 867 5065; x_wconf 68' lang='lat' dir='ltr'>tiones»,</span> <span class='ocrx_word' id='word_1_277' title='bbox 898 4997 957 5049; x_wconf 90' lang='lat' dir='ltr'>et</span> <span class='ocrx_word' id='word_1_278' title='bbox 987 4992 1505 5052; x_wconf 80' lang='lat' dir='ltr'>dominabuntur</span> <span class='ocrx_word' id='word_1_279' title='bbox 1526 4993 1791 5070; x_wconf 81' lang='lat' dir='ltr'>populis</span> <span class='ocrx_word' id='word_1_280' title='bbox 1819 5000 1878 5051; x_wconf 89' lang='lat' dir='ltr'>et</span> <span class='ocrx_word' id='word_1_281' title='bbox 1909 4992 2202 5070; x_wconf 82' lang='lat' dir='ltr'>re9nabit</span> <span class='ocrx_word' id='word_1_282' title='bbox 2234 4994 2407 5053; x_wconf 87' lang='lat' dir='ltr'>Deus</span> <span class='ocrx_word' id='word_1_283' title='bbox 2432 4993 2706 5053; x_wconf 82' lang='lat' dir='ltr'>illorum</span> <span class='ocrx_word' id='word_1_284' title='bbox 2731 4995 2804 5051; x_wconf 84' lang='lat' dir='ltr'>in</span> <span class='ocrx_word' id='word_1_285' title='bbox 2824 4996 3231 5070; x_wconf 81' lang='lat' dir='ltr'>perpetuum</span> <span class='ocrx_word' id='word_1_286' title='bbox 3251 4987 3321 5068; x_wconf 72' lang='lat'>⁴).</span> <span class='ocrx_word' id='word_1_287' title='bbox 3346 4990 3551 5066; x_wconf 83' lang='lat' dir='ltr'>Cujus</span> <span class='ocrx_word' id='word_1_288' title='bbox 3581 5006 3731 5050; x_wconf 85' lang='lat' dir='ltr'>sen-</span> 
     </span>
    </p>
   </div>
   <div class='ocr_carea' id='block_1_15' title="bbox 611 5138 3709 5218">
    <p class='ocr_par' dir='ltr' id='par_1_15' title="bbox 611 5138 3709 5218">
     <span class='ocr_line' id='line_1_34' title="bbox 611 5138 3709 5218; baseline -0.003 -13"><span class='ocrx_word' id='word_1_289' title='bbox 611 5194 620 5205; x_wconf 61' lang='lat'>„</span> <span class='ocrx_word' id='word_1_290' title='bbox 713 5142 752 5207; x_wconf 80' lang='grc' dir='ltr'>Ι)</span> <span class='ocrx_word' id='word_1_291' title='bbox 782 5142 815 5197; x_wconf 84' lang='lat' dir='ltr'>s.</span> <span class='ocrx_word' id='word_1_292' title='bbox 845 5149 983 5216; x_wconf 73' lang='lat' dir='ltr'>quis.</span> <span class='ocrx_word' id='word_1_293' title='bbox 1011 5148 1132 5211; x_wconf 77' lang='lat'><em>——2)</em></span> <span class='ocrx_word' id='word_1_294' title='bbox 1162 5146 1305 5202; x_wconf 69' lang='lat' dir='ltr'>Deus</span> <span class='ocrx_word' id='word_1_295' title='bbox 1330 5165 1447 5202; x_wconf 79' lang='lat' dir='ltr'>eum</span> <span class='ocrx_word' id='word_1_296' title='bbox 1471 5151 1691 5203; x_wconf 81' lang='lat' dir='ltr'>creavit.</span> <span class='ocrx_word' id='word_1_297' title='bbox 1727 5144 1814 5200; x_wconf 83' lang='lat' dir='ltr'>W.</span> <span class='ocrx_word' id='word_1_298' title='bbox 1839 5146 1960 5211; x_wconf 81' lang='lat'>—³)</span> <span class='ocrx_word' id='word_1_299' title='bbox 1989 5147 2253 5218; x_wconf 76' lang='lat' dir='ltr'>quamdiu</span> <span class='ocrx_word' id='word_1_300' title='bbox 2281 5150 2421 5202; x_wconf 77' lang='lat' dir='ltr'>enim</span> <span class='ocrx_word' id='word_1_301' title='bbox 2444 5143 2537 5201; x_wconf 86' lang='lat' dir='ltr'>W.</span> <span class='ocrx_word' id='word_1_302' title='bbox 2559 5146 2681 5211; x_wconf 74' lang='lat'>—⁴)</span> <span class='ocrx_word' id='word_1_303' title='bbox 2703 5144 2828 5217; x_wconf 86' lang='lat' dir='ltr'>Sap.</span> <span class='ocrx_word' id='word_1_304' title='bbox 2854 5142 2961 5209; x_wconf 86' lang='lat'>111.</span> <span class='ocrx_word' id='word_1_305' title='bbox 2987 5148 3037 5200; x_wconf 88' lang='grc'>7.</span> <span class='ocrx_word' id='word_1_306' title='bbox 3065 5142 3373 5218; x_wconf 70' lang='lat' dir='ltr'>Futqebunt</span> <span class='ocrx_word' id='word_1_307' title='bbox 3393 5146 3599 5213; x_wconf 65' lang='lat' dir='ltr'>etjam</span> <span class='ocrx_word' id='word_1_308' title='bbox 3616 5138 3709 5197; x_wconf 84' lang='lat' dir='ltr'>W.</span> 
     </span>
    </p>
   </div>
  </div>
 </body>
</html>
