4036 6117
618 410 752 473 184

1251 657 1830 764 INCIPIT
1906 656 2478 782 QUINTA
2549 657 2923 763 PARS

1079 981 1193 1038 DE
1247 982 1456 1040 VIRO
1510 983 1678 1040 PER
1727 984 2020 1042 TOTUM
2076 985 2367 1042 ORBEM
2423 985 3089 1042 PROSPICIEN'I'E.

1816 1542 1881 1681 Γ
1910 1587 2049 1648 vidi
2115 1587 2291 1665 quod
2345 1588 2731 1663 praedictus
2794 1587 2900 1649 vir
2953 1601 3074 1664 per
3126 1589 3337 1649 totum
3392 1587 3624 1650 orbem

1816 1708 2065 1753 rrarum
2112 1692 2585 1770 prospiciebat.
2620 1693 2700 1753 Et
2733 1708 2949 1770 aquae
2990 1694 3240 1770 abyssi,
3277 1693 3345 1754 in
3376 1692 3626 1771 quibus

1816 1812 1900 1857 im
1934 1796 2042 1857 vir
2073 1813 2111 1857 a
2144 1796 2326 1857 suris
2358 1794 2675 1857 deorsum
2708 1796 2791 1856 ad
2824 1798 3092 1874 plantas
3126 1814 3284 1858 suas
3325 1797 3492 1871 erat,
3530 1796 3626 1857 ita

1816 1898 1903 1960 od
1936 1898 2141 1962 etiam
2175 1914 2380 1974 supra
2412 1899 2729 1975 abyssum
2756 1900 3002 1976 stabat,
3038 1901 3233 1977 quasi
3261 1900 3468 1961 robur
3489 1899 3625 1959 vir-

1816 2005 1888 2064 :is
1921 2004 2220 2081 eJusdem
2255 2005 2387 2066 viri
2416 2003 2704 2067 fuerunt:
2740 2006 3054 2083 quoniam
3086 2006 3313 2067 omnia
3346 2020 3622 2082 recupe-

1816 2112 1892 2183 it,
1936 2107 2159 2168 omnia
2208 2107 2589 2185 purificant,
2631 2109 2856 2171 omnia
2903 2109 3345 2184 sanctificant,
3396 2109 3620 2169 omnia

1816 2211 2085 2286 atinent,
2112 2211 2336 2271 omnia
2359 2213 2650 2288 portant,
2669 2206 2714 2291 ¹)
2745 2227 2822 2272 ac
2839 2212 3152 2288 quoniam
3179 2225 3410 2272 omnes
3436 2225 3623 2271 crea-

1816 2330 1905 2377 ·as
1955 2315 2202 2377 sudore
2266 2316 2690 2378 humiditatis
2755 2332 2919 2381 suae
2971 2316 3380 2394 perfundunt
3401 2363 3418 2391 ‚
3476 2331 3618 2376 om-

1816 2416 1899 2498 32)
1926 2420 2274 2482 creaturas
2300 2421 2613 2497 solidant,
2642 2422 2830 2482 velut
2854 2421 3075 2483 anima
3101 2437 3346 2498 corpus
3372 2421 3613 2482 firmat.

1816 2523 1835 2583 1
1886 2529 1956 2584 et
2002 2524 2290 2600 abyssus
2338 2525 2536 2603 quasi
2585 2525 2805 2591 virtus
2858 2525 3333 2600 possibilitatis
3391 2525 3609 2601 ipsius

1839 2625 1992 2703 fert,
2020 2632 2089 2688 et
2112 2629 2272 2706 quia
2303 2628 2578 2689 eaedem
2600 2628 3063 2689 institutiones
3091 2627 3187 2688 illi
3215 2627 3611 2700 innituntur,

520 2739 591 2792 et
618 2732 823 2792 etiam
854 2731 1040 2792 velut
1087 2730 1343 2792 fabrica
1388 2730 1637 2792 summi
1687 2730 2116 2793 fabricatoris
2163 2733 2416 2807 existit,
2467 2732 2535 2791 in
2575 2747 2708 2808 qua
2742 2731 3058 2791 utensilia
3092 2730 3394 2807 ejusdem
3431 2728 3605 2791 fabri

521 2840 699 2898 sunt.
746 2836 830 2897 Et
874 2851 1031 2899 ecce
1076 2836 1160 2896 de
1206 2835 1520 2898 cruribus
1566 2835 1865 2914 ejusdem
1912 2837 2044 2896 viri
2101 2852 2218 2897 aer
2263 2837 2537 2914 quidam
2584 2852 2737 2896 cum
2787 2835 3034 2896 sudore
3066 2836 3319 2914 exiens,
3372 2849 3605 2896 omnes

517 2953 734 3015 aquas
782 2938 1011 3017 abyssi
1056 2937 1327 3001 diverso
1373 2937 1571 3000 modo
1614 2938 1945 3000 movebat.
1980 2939 2134 3015 Ipse
2167 2955 2437 3018 quoque
2466 2939 2649 3002 vires
2682 2938 3167 3002 elementorum
3200 2953 3374 3017 quae
3404 2953 3612 3014 supra

520 3046 774 3106 terram
803 3049 872 3106 et
899 3044 974 3106 in
1006 3049 1188 3106 terra
1218 3058 1301 3106 ac
1333 3042 1576 3107 subtus
1609 3047 1861 3106 terram
1895 3048 2109 3120 erant,
2146 3044 2431 3122 pedibus
2465 3043 2611 3106 suis
2645 3043 3084 3122 deprimebat.

2037 3272 2084 3332 1.

1468 3465 1670 3528 Verba
1711 3469 1844 3527 viri
1890 3464 2111 3526 orbem
2156 3467 2653 3546 prospicientis.

602 3674 667 3735 2.
715 3670 797 3734 Et
837 3670 1025 3734 dixit:
1063 3690 1099 3731 a
1134 3669 1503 3736 Audientes
1536 3672 1761 3735 audite
1792 3677 1862 3735 et
1909 3672 2286 3749 intelligite.
2335 3673 2822 3736 poenitentiam
2852 3673 3056 3751 agite,
3093 3672 3254 3751 quia
3297 3671 3481 3735 Deus
3530 3689 3605 3735 se

510 3795 547 3839 ι
584 3772 843 3857 vobis¹)
871 3777 971 3839 sic
995 3775 1309 3837 ostendit.
1338 3775 1519 3849 Quod
1548 3776 1608 3836 si
1632 3792 1764 3838 non
1790 3775 2110 3852 feceritiS,
2138 3778 2370 3854 virgae
2393 3793 2582 3845 meae
2605 3778 2987 3856 purgabunt
3010 3794 3154 3840 vos‚
3180 3777 3600 3841 Poenitentia

510 3900 546 3945 n
583 3897 742 3960 ergo
792 3882 861 3943 in
905 3880 1174 3945 homine
1204 3880 1314 3941 sit.
1351 3896 1387 3938 2
1439 3910 1527 3925 —
1558 3879 1804 3941 Deinde
1846 3881 1915 3941 in
1958 3880 2265 3958 praefata
2311 3881 2578 3957 nebula,
2616 3882 2683 3943 in
2724 3898 2857 3959 qua
2905 3880 3302 3942 multimoda
3348 3896 3597 3955 genera

500 3989 822 4048 vitiorum
856 3985 1147 4061 fuerunt,
1184 3990 1259 4045 ut
1291 4000 1496 4062 supra
1528 3986 1875 4047 ostensum
1906 3990 2035 4059 est,
2071 3986 2276 4046 etiam
2308 3986 2418 4048 hic
2450 3986 2747 4063 quinque
2779 3986 2848 4045 in
2880 3983 3265 4061 hujusmodi
3293 3984 3598 4059 imagini-

505 4089 634 4151 bus
658 4090 906 4165 aspexi.
940 4090 1103 4150 Nam
1136 4088 1424 4163 primam
1457 4088 1816 4165 imaginem
1845 4089 1984 4150 vidi
2011 4106 2049 4150 a
2083 4090 2337 4151 vertice
2369 4090 2613 4166 capitis
2636 4088 2723 4149 ad
2747 4089 3010 4150 lumbos
3043 4104 3204 4149 suos
3231 4086 3595 4163 iuvenilem

509 4195 794 4258 formam
841 4194 1131 4256 hominis
1180 4192 1565 4269 habentem,
1615 4210 1657 4254 a
1704 4193 1951 4256 lumbis
2000 4196 2226 4254 autem
2272 4193 2587 4253 deorsum
2620 4192 2905 4255 formam
2938 4192 3189 4267 cancri,
3234 4193 3309 4252 ut
3353 4205 3594 4251 cancer

502 4317 544 4361 a
590 4299 810 4377 capite
854 4298 1170 4360 deorsum
1220 4298 1547 4360 formatus
1594 4298 1718 4358 est.
1750 4297 1832 4357 Et
1877 4298 2108 4374 nigros
2141 4297 2423 4375 capillos
2456 4297 2699 4374 capitis
2733 4295 3042 4371 habebat,
3079 4312 3158 4356 ac
3190 4300 3332 4356 toto
3358 4309 3593 4369 corpo-

504 4418 577 4463 re
608 4401 787 4463 nuda
822 4401 965 4462 fuit.

2000 4534 2080 4599 ΙΙ.

1684 4744 1884 4808 Verba
1934 4746 2401 4809 scurrilitatis,

581 4954 645 5029 3,
678 4953 758 5016 Et
779 4953 966 5016 dixit:
1008 4974 1041 5014 α
1077 4954 1214 5032 Ego
1246 4955 1471 5019 omnia
1494 4956 1799 5035 dispone,
1837 4962 1904 5018 et
1937 4955 2158 5018 omnia
2205 4955 2542 5033 discerno,
2579 4963 2646 5020 et
2678 4975 2810 5036 quo
2846 4955 3146 5039 qualibet
3179 4972 3288 5018 res
3323 4954 3579 5017 cecide-

565 5105 843 5181 ¹)portent
866 5109 936 5174 A,
965 5108 1056 5165 W.
1089 5108 1161 5166 cs.
1195 5125 1250 5167 n.
1282 5114 1372 5176 2¹,
1402 5114 1488 5169 29.
1520 5143 1586 5150 —-
1611 5112 1656 5179 ²)
1682 5117 1730 5167 et
1755 5127 1928 5168 omnes
1953 5109 2023 5173 Α.
2054 5109 2145 5167 W.
2176 5142 2240 5150 —
2270 5110 2314 5180 ³)
2340 5111 2493 5168 nobis
2515 5112 2584 5170 A.
