4036 6117
1500 564 1733 613 mnan
1788 563 1989 613 vrrAE
2044 562 2507 612 unum-onum
3390 540 3481 602 27

1858 788 2115 854 XLIIII.

1364 1000 1654 1064 Joannes
1701 1003 1776 1061 in
1824 1001 2220 1080 Apocalypsi
2266 996 2348 1061 de
2382 999 2628 1061 eodem.

533 1210 641 1275 57.
681 1230 714 1273 α
735 1211 1012 1273 Domine
1043 1210 1219 1273 Deus
1250 1211 1696 1287 omnipotens,
1730 1225 1894 1270 vera
1926 1212 1994 1271 et
2020 1209 2203 1286 Justa
2229 1208 2480 1285 judicia
2515 1210 2630 1269 tua
2665 1209 2840 1269 sunt.
2865 1225 2898 1265 ι
2938 1205 3141 1284 Cujus
3174 1221 3417 1268 sensus
3443 1209 3542 1268 ta·-

428 1315 528 1378 lis
553 1323 677 1378 est.
711 1314 765 1377 Ο
797 1316 1084 1393 domine,
1114 1319 1185 1376 tu
1214 1331 1336 1392 per
1368 1315 1678 1376 timorem
1718 1333 1750 1374 ‹
1777 1313 2120 1389 Dominus,
2152 1330 2184 1371 »
2222 1328 2342 1390 per
2388 1328 2681 1373 amorem
2715 1331 2747 1372 ‹
2769 1312 2966 1387 Deus,
3000 1329 3033 1370 »
3072 1326 3192 1389 per
3239 1324 3540 1387 compre·

434 1419 831 1482 hensionem
880 1419 1176 1481 omnium
1205 1438 1241 1479 α
1263 1417 1694 1494 Omnipotens
1718 1437 1749 1476 ι
1795 1418 2060 1480 diceris
2087 1417 2270 1478 Unde
2308 1435 2340 1476 ‹
2363 1432 2526 1477 vera
2549 1421 2616 1478 et
2642 1417 2826 1493 justa
2854 1415 3107 1493 judicia
3141 1418 3256 1476 tua
3289 1418 3466 1490 sunt,
3500 1431 3532 1471 ι

429 1524 759 1601 quoniam
778 1539 978 1584 verus
1003 1524 1204 1584 timor
1228 1530 1383 1584 tuus
1417 1539 1646 1583 omnes
1673 1523 1949 1583 timores
1974 1521 2287 1595 destruit,
2308 1528 2376 1581 et
2392 1537 2594 1581 verus
2620 1537 2809 1581 amor
2833 1527 2991 1581 tuus
3015 1533 3248 1580 omncs
3275 1533 3542 1579 amores

422 1626 693 1702 alligat,
721 1642 801 1687 ac
824 1643 988 1688 vera
1015 1627 1496 1703 omnipotentia
1522 1629 1637 1686 tua
1664 1641 1896 1686 omnes
1921 1627 2293 1702 potestates
2320 1625 2654 1701 deprimit.
2682 1625 2846 1684 Nam
2874 1640 3024 1684 cum
3053 1623 3250 1683 homo
3278 1624 3346 1682 in
3378 1638 3533 1699 pro-

434 1730 775 1806 positione
824 1747 950 1791 sua
997 1731 1265 1790 sibimet
1312 1731 1527 1806 legem
1576 1731 1674 1790 ita
1719 1730 1926 1806 ponit,
1977 1730 2163 1789 velut
2209 1730 2353 1804 ipse
2389 1729 2658 1789 sibimet
2688 1729 2867 1789 Deus
2901 1729 3012 1803 sit,
3050 1733 3190 1787 tum
3226 1728 3287 1786 ei
3322 1732 3388 1786 te
3420 1740 3541 1802 per

422 1834 625 1910 justa
649 1833 902 1910 judicia
932 1836 1050 1895 tua
1080 1833 1402 1909 ostendiS‚
1441 1837 1515 1895 ut
1547 1834 1716 1894 sciat
1746 1834 1906 1909 quia
1936 1837 2172 1893 contra
2204 1837 2269 1892 te
2301 1832 2468 1892 nibil
2501 1833 2738 1908 possit.
2777 1833 2940 1893 Cum
2989 1832 3191 1893 etiam
3240 1845 3538 1890 amorem

434 1937 667 1997 carnis
700 1952 863 1997 suae
891 1937 1075 2014 justo
1109 1938 1325 1997 amori
1359 1940 1470 1999 tuo
1506 1938 1893 2014 praeponit,
1930 1943 2090 1997 tunc
2123 1951 2417 1996 amorem
2452 1936 2642 1996 illum
2678 1936 2744 1995 in
2779 1936 2922 2013 ipso
2957 1952 3110 1996 cum
3157 1933 3547 1996 amaritudi-

432 2052 527 2100 ne
559 2039 861 2100 dolorum
896 2041 996 2100 sic
1030 2041 1407 2115 conculcat,
1444 2041 1623 2117 quod
1654 2054 2018 2117 numquam
2053 2040 2185 2100 nisi
2218 2055 2337 2116 per
2368 2044 2433 2099 te
2467 2040 2946 2101 consolabitur.
2983 2036 3108 2100 Sed
3141 2042 3211 2101 et
3241 2053 3392 2100 cum
3425 2038 3544 2100 ho-

434 2154 553 2205 mo
586 2144 652 2204 in
682 2144 1327 2220 praevaricationem
1357 2138 1403 2224 ¹)
1437 2150 1949 2222 praeceptorum
1985 2146 2252 2205 tuorum
2285 2144 2696 2220 pervenerit,
2736 2144 2893 2204 item
2944 2145 3121 2220 quod
3170 2145 3537 2205 simulacra

432 2258 564 2324 pro
610 2248 877 2308 nomine
923 2248 1039 2310 tuo
1085 2248 1268 2324 colit,
1319 2254 1480 2308 tunc
1521 2248 1704 2324 justo
1746 2248 1998 2326 jndicio
2048 2250 2281 2309 contra
2326 2248 2670 2308 inimicum
2704 2250 2889 2309 tuum
2922 2248 3279 2324 praeliavit
3307 2246 3386 2328 ²),
3421 2250 3539 2327 qui

430 2364 479 2411 a
527 2352 743 2428 prima
787 2336 1165 2429 inceptione
1214 2366 1340 2414 sua
1371 2352 1624 2414 homini
1655 2354 2014 2430 persuasit,
2052 2352 2230 2431 quod
2262 2359 2329 2413 te
2365 2366 2485 2428 pro
2514 2352 2726 2413 nihilo
2754 2355 3113 2428 computet.
3147 2350 3227 2414 Et
3260 2359 3419 2414 tunc
3467 2353 3536 2414 in

432 2456 687 2515 terram
717 2449 768 2535 ⁸)
808 2456 1074 2532 fulgura
1107 2459 1174 2517 et
1207 2458 1505 2517 tonitrua
1537 2457 1771 2533 mittiS,
1807 2464 1876 2517 et
1907 2474 1987 2518 ex
2020 2458 2215 2534 aquis
2247 2457 2572 2517 diluvium
2611 2456 2864 2533 fundiS‚
2901 2472 2981 2517 ac
3014 2457 3084 2518 in
3116 2463 3299 2518 terra
3345 2460 3541 2519 steri-

432 2556 695 2618 litatem
728 2574 881 2620 esse
910 2560 1133 2638 jubes,
1168 2567 1236 2622 et
1266 2562 1472 2621 etiam
1504 2562 1775 2622 morbos
1807 2566 1876 2622 et
1921 2562 2180 2639 praelia
2225 2560 2608 2622 hominibus
2656 2560 2944 2636 induciS,
2992 2567 3069 2622 ut
3116 2562 3332 2625 sciant
3378 2563 3538 2639 quia

431 2660 573 2723 ista
615 2677 737 2739 per
780 2664 1036 2725 nullum
1086 2665 1218 2728 nisi
1265 2672 1388 2742 per
1435 2671 1501 2725 te
1550 2666 1695 2726 fieri
1742 2672 2051 2743 possunt,
2101 2668 2177 2726 ut
2209 2671 2276 2725 et
2303 2665 2559 2742 judicia
2592 2671 2709 2725 tua
2739 2679 2904 2726 vera
2933 2671 3002 2727 et
3028 2665 3214 2742 justa
3245 2679 3398 2728 esse
3430 2680 3539 2727 co·-

434 2767 784 2841 gnoscant.

1880 2870 2069 2937 XLV.

1191 3083 1367 3144 Deus
1415 3083 1491 3143 ab
1538 3084 1790 3162 anyelis
1837 3087 1901 3143 et
1951 3083 2319 3145 hominibus
2370 3086 2768 3147 laudandus.

530 3284 637 3347 58.
670 3287 1022 3349 Multitudo
1053 3304 1319 3366 quoque
1352 3290 1742 3366 angelorum
1775 3290 1949 3351 bona
1981 3306 2186 3368 opera
2219 3292 2560 3353 hominum
2590 3292 2848 3367 laudat,
2884 3297 2952 3353 et
2986 3298 3269 3370 propter
3290 3292 3521 3354 eadem

425 3403 638 3466 opera
682 3406 805 3450 nec
853 3390 1037 3453 horis
1083 3408 1208 3452 nec
1254 3396 1608 3455 momentis
1641 3410 1682 3454 a
1715 3395 2025 3455 laudibus
2059 3401 2310 3471 cessat,
2350 3396 2466 3457 sed
2501 3398 2569 3457 in
2601 3398 2702 3457 eis
2737 3396 3123 3476 frequenter
3154 3398 3367 3471 sonat3
3402 3412 3528 3457 nec

432 3491 512 3552 in
544 3491 650 3552 his
681 3493 875 3554 finem
912 3495 1089 3558 facit.
1122 3494 1300 3557 Deus
1334 3509 1626 3575 namque
1674 3499 1759 3559 ab
1806 3500 2065 3575 angens
2116 3499 2376 3560 laudari
2422 3501 2599 3576 vult,
2651 3507 2983 3577 quatenus
3031 3516 3261 3563 eorum
3311 3501 3528 3579 gloria
3636 3540 3639 3543 -

418 3597 934 3674 multiplicetur,
969 3605 1037 3660 et
1070 3599 1195 3660 hoc
1228 3601 1358 3662 sibi
1391 3603 1631 3678 placet.
1665 3602 1848 3664 Unde
1882 3604 2084 3665 etiam
2119 3605 2265 3665 vult
2297 3607 2372 3664 ut
2403 3620 2607 3681 opera
2639 3613 3025 3668 sanctorum
3059 3605 3148 3670 ab
3168 3607 3424 3682 angelis
3449 3606 3519 3669 in

423 3698 740 3760 laudibus
789 3702 919 3763 sibi
965 3703 1353 3766 deferantur
1399 3708 1467 3768 et
1512 3705 2048 3783 manifestentur,
2085 3709 2246 3785 quia
2279 3708 2475 3769 homo
2509 3725 2683 3786 opus
2711 3709 2795 3770 ad
2828 3710 3184 3786 imaginem
3216 3716 3286 3771 et
3318 3710 3403 3771 ad
3438 3711 3529 3771 si·-

418 3803 869 3866 militudinem
915 3805 1035 3868 Dei
1080 3813 1207 3884 est;
1257 3814 1325 3869 ct
1357 3810 1442 3871 ob
1475 3810 1600 3871 hoc
1632 3813 1833 3872 etiam
1866 3813 2012 3873 vult
2045 3816 2120 3873 ut
2152 3813 2329 3874 bona
2359 3825 2563 3890 opera
2597 3814 2884 3875 hominis
2918 3829 3142 3875 coram
3177 3829 3255 3875 eo
3288 3815 3373 3874 ab
3406 3830 3521 3874 an-

416 3909 596 3984 gelis
644 3907 1019 3971 laudentur.
1069 3910 1194 3972 Sed
1242 3914 1403 3991 quia
1448 3913 1646 3976 homo
1699 3931 1820 3992 per
1852 3917 2260 3993 adjutorium
2293 3917 2413 3977 Dei
2446 3923 2885 3994 sustentatur,
2923 3918 3071 3979 ideo
3102 3919 3307 3979 etiam
3338 3917 3516 3978 Deus

420 4011 518 4076 ab
548 4011 953 4089 hominibusi,
990 4015 1165 4076 sicut
1200 4016 1286 4077 ab
1319 4019 1599 4094 angelis,
1637 4019 1899 4109 laudari
1928 4024 2098 4096 vult,
2133 4027 2210 4081 ut
2242 4026 2308 4080 et
2341 4036 2573 4081 eorum
2610 4022 2824 4097 gloria
2855 4022 3338 4097 magnificetur.

1860 4224 2080 4288 XLVI.

1352 4435 1618 4496 Arcana
1664 4435 1785 4495 Dei
1832 4435 2081 4496 homini
2129 4436 2605 4498 inscrutabilia.

513 4637 623 4700 59.
676 4637 783 4699 Sic
828 4637 1004 4701 Deus
1052 4642 1274 4703 omnia
1324 4649 1504 4703 recte
1551 4643 1921 4706 constituit.
1952 4644 2136 4704 Istud
2170 4647 2390 4704 autem
2426 4646 2507 4705 de
2540 4647 2842 4706 arcarnis
2873 4647 3022 4723 Dei,
3059 4662 3230 4724 quae
3261 4647 3331 4709 in
3364 4664 3518 4710 con-

418 4751 661 4819 spectu
709 4743 858 4819 ejus
907 4747 1354 4822 resplendent,
1405 4747 1657 4807 dictum
1706 4753 1832 4822 est,
1884 4763 2057 4824 quae
2105 4750 2427 4810 scientiae
2461 4750 2750 4811 hominis
2785 4752 3299 4814 innumerabilia
3331 4759 3511 4831 sunt;

410 4843 684 4907 scilicet
734 4848 799 4907 in
846 4849 1124 4925 angelis,
1174 4847 1243 4909 in
1292 4849 1664 4926 spiritibuS,
1714 4851 1783 4911 in
1830 4851 2159 4913 ministris
2205 4849 2278 4933 ⁴),
2329 4854 2398 4914 in
2444 4855 3000 4930 vociferantibuS,
3052 4861 3119 4915 et
3168 4857 3231 4915 in
3265 4857 3509 4932 gaudio

403 4949 908 5027 gaudentibu53
943 4955 1010 5012 et
1041 4969 1212 5029 quae
1247 4955 1564 5015 scientiae
1596 4955 1742 5016 eius
1780 4956 2116 5032 incognita
2148 4964 2324 5034 sunt,
2361 4959 2474 5035 qui
2508 4964 2574 5018 et
2607 4961 2841 5036 quales
2876 4959 3030 5033 sint,
3068 4965 3133 5019 et
3181 4961 3512 5036 quomodo

498 5133 544 5200 ¹)
573 5141 1053 5210 praevaricatione
1086 5139 1153 5196 A.
1198 5141 1329 5209 -²)
1360 5139 1596 5213 Aliquid
1622 5140 1930 5200 desiderari
2002 5149 2160 5202 ωἰηια
2180 5148 2514 5218 conceptione
2536 5163 2638 5203 ma
2662 5145 2730 5202 A.
2756 5178 2825 5187 —
2849 5145 2895 5215 ³)
2922 5151 2982 5204 in
3006 5152 3153 5202 terra
3172 5145 3264 5202 W.
3296 5175 3362 5186 —
3389 5145 3433 5214 ⁴)
3458 5153 3509 5201 et

424 5218 657 5276 videtur
684 5222 781 5280 bic
808 5226 866 5279 ct
894 5222 953 5278 in
973 5225 1231 5298 proxime
1252 5227 1644 5300 sequentibus.
1672 5261 1735 5270 -
1756 5246 1791 5286 α
1802 5248 1930 5304 pro-
2006 5236 2068 5288 in
2091 5235 2357 5288 ministris
2382 5233 2472 5287 W.
