4036 6117
1358 453 1826 500 amsi-omnum
1877 453 2058 501 Nova
2108 455 2355 501 sames.
3195 436 3325 499 549

294 576 587 640 Verbum
633 577 751 638 Dei
790 578 1203 637 incarnatum
1256 582 1383 651 est,
1440 577 1689 637 invenit
1740 577 2159 637 rationalitas
2208 593 2327 651 per
2375 575 2794 651 sapientiam,
2848 576 2922 634 ut
2968 572 3272 634 homines
3323 570 3389 631 in

296 684 514 745 alieno
562 684 888 759 sanguine
937 684 1472 759 conjunctionem
1524 684 1867 758 haberent,
1904 699 1984 743 ne
2021 684 2268 759 aliquis
2317 682 2535 757 possit
2581 681 2825 742 dicere:
2861 682 2956 741 Tu
2990 696 3065 740 es
3114 678 3390 756 sanguis

294 806 509 864 meus3
546 791 627 850 de
663 797 776 850 tuo
813 791 1136 865 sanguine
1172 789 1570 864 concipiam,
1606 792 1674 849 et
1707 790 1964 865 pariam
1998 789 2194 849 filios.
2231 789 2352 847 Isti
2388 788 2615 863 itaque
2650 786 2978 860 homines,
3013 785 3128 863 qui
3166 784 3231 845 in
3263 782 3389 842 hac

293 896 836 969 transgressione
889 895 1058 970 legis
1107 894 1560 967 inveniuntur,
1614 894 1814 953 alieni
1850 894 2283 953 nominantur
2332 892 2399 952 in
2433 892 2661 968 aliqua
2715 890 3056 951 felicitate.
3104 888 3185 948 Et
3231 887 3391 965 quia

294 996 752 1059 Samaritanus
790 1000 853 1058 in
887 999 1019 1058 alia
1054 998 1163 1058 via
1198 999 1404 1073 venit,
1445 998 1590 1058 ideo
1626 1005 1891 1074 oportet
1926 998 2092 1058 haec
2129 999 2220 1058 ita
2254 997 2419 1057 fieri.
2472 997 2729 1072 Mulier,
2768 1012 2940 1074 quae
2981 994 3239 1073 prolem
3272 991 3389 1052 ha·-

294 1101 540 1176 buerit,
590 1119 722 1162 non
754 1109 976 1178 potest
1025 1120 1062 1163 a
1095 1104 1242 1163 viro
1279 1120 1401 1163 suo
1436 1104 1823 1178 abscedere,
1860 1104 1990 1163 nisi
2026 1104 2350 1180 plangens
2384 1120 2512 1162 vox
2543 1098 2882 1164 Ecclesiae
2914 1100 3000 1163 ad
3035 1101 3222 1163 illum
3257 1099 3391 1159 cla-

295 1213 456 1282 met,
492 1208 742 1268 dicens:
779 1208 944 1279 Quia
983 1213 1117 1268 tam
1154 1208 1560 1268 criminosus
1593 1223 1690 1282 eS,
1729 1207 1979 1269 idcirco
2015 1224 2145 1267 non
2171 1209 2440 1283 oportet
2475 1211 2538 1266 te
2567 1221 2841 1266 uxorem
2867 1202 3137 1280 habere,
3172 1217 3387 1279 neque

298 1314 473 1375 filios
509 1329 884 1388 procreare.

1735 1480 1947 1540 XCVI.

1341 1674 1619 1737 Quidam
1651 1672 1862 1733 abbati
1898 1672 2340 1751 Hildeyardis.

371 1862 575 1918 Contra
607 1862 775 1920 salsos
804 1869 1058 1936 pastores
1088 1862 1486 1920 mercenarios.

386 2005 723 2081 Sapientia
769 2007 951 2069 dicit:
988 2008 1220 2067 Nullus
1269 2006 1466 2067 homo
1516 2006 1826 2066 nebulam
1876 2006 1944 2066 et
1992 2012 2289 2064 terrores
2340 2010 2817 2081 tempestatum
2867 2008 3091 2082 potest
3123 2006 3385 2067 coelum

290 2112 659 2172 nominare.
697 2111 836 2171 Hoc
869 2119 992 2172 est:
1028 2112 1151 2184 Qui
1194 2112 1261 2171 in
1294 2111 1568 2188 propria
1616 2111 1960 2170 voluntate
1995 2126 2120 2170 sua
2152 2115 2221 2169 et
2257 2109 2323 2168 in
2355 2110 2583 2169 avaris
2615 2108 2998 2185 desideriiS,
3038 2109 3216 2171 sicut
3251 2110 3380 2184 fur,

291 2216 701 2290 pastoralem
750 2232 981 2276 curam
1016 2217 1215 2292 rapit,
1265 2216 1448 2276 nullo
1485 2217 1677 2277 modo
1712 2223 1904 2292 pater
1935 2215 2340 2290 nominatur;
2389 2215 2505 2274 sed
2543 2214 2705 2275 facit
2745 2215 2923 2276 sicut
2954 2213 3382 2289 Samaritani,

289 2321 404 2394 qui
441 2321 507 2379 in
552 2320 812 2380 duabus
847 2321 1177 2397 partibus,
1228 2321 1489 2380 scilicet
1521 2337 1675 2381 cum
1727 2320 1923 2380 idolis
1966 2323 2034 2380 et
2068 2321 2279 2380 veteri
2330 2320 2499 2396 Lege
2530 2320 2733 2381 divisi
2770 2324 2979 2383 erant.
3031 2321 3201 2382 Huic
3235 2318 3380 2400 (t'ol.

292 2422 405 2503 87)
443 2425 586 2484 sine
633 2441 822 2485 mora
859 2424 1243 2501 fugiendum
1290 2431 1416 2499 est,
1454 2431 1524 2485 et
1556 2424 1641 2487 ad
1688 2425 2007 2500 parvulos
2043 2424 2159 2484 Dei
2194 2439 2269 2483 se
2319 2425 2638 2501 implicet,
2689 2430 2757 2485 et
2804 2423 2970 2485 haec
3016 2422 3223 2486 verba
3268 2439 3384 2484 no-

291 2529 488 2589 tanda
525 2536 696 2589 sunt.

1717 2696 1959 2760 XCVII.

1086 2892 1364 2955 Cuidam
1397 2895 1712 2952 monacho
1744 2893 1822 2951 de
1851 2892 2035 2976 ‘Ebra
2068 2884 2582 2977 [Hildeqardis]

367 3092 681 3148 Levitatem
711 3091 862 3147 inter
887 3099 945 3148 et
970 3091 1305 3149 charitatem
1333 3108 1665 3165 suspensum
1695 3095 2032 3151 monachum
2059 3095 2128 3151 ad
2156 3095 2386 3152 meliora
2412 3096 2749 3153 charismata
2776 3096 2996 3167 dirigit.

377 3228 550 3289 Deus
591 3237 654 3290 te
702 3229 1070 3306 praevidet,
1107 3234 1174 3291 et
1220 3231 1546 3307 praefecit
1579 3232 1645 3291 in
1678 3232 1939 3294 duabus
1987 3235 2322 3310 partibuS‚
2359 3235 2619 3295 scilicet
2652 3235 2719 3294 in
2751 3237 2942 3310 parte
2984 3251 3113 3296 una
3147 3235 3385 3297 levita-

284 3335 381 3394 tis
416 3337 483 3394 et
518 3336 582 3393 in
631 3336 842 3395 altera
877 3342 1065 3412 parte
1099 3336 1454 3396 charitatis
1490 3338 1742 3413 plenae.
1780 3336 1905 3398 Sed
1943 3339 2006 3398 in
2039 3345 2232 3416 parte
2267 3339 2562 3400 levitatis
2587 3340 2779 3399 dolor
2813 3346 2971 3401 tuus
3002 3340 3385 3418 aliquantu-

288 3439 425 3500 lum
462 3440 745 3516 desiciet,
799 3441 916 3501 sed
952 3449 1174 3502 tamen
1206 3442 1315 3502 via
1365 3442 1724 3502 anxietatis
1763 3443 1827 3501 in
1862 3443 1986 3505 hac
2035 3444 2174 3506 vita
2213 3444 2334 3505 tibi
2382 3460 2512 3505 non
2544 3445 2778 3506 deerit.
2825 3447 2899 3506 In
2930 3449 3122 3524 parte
3154 3450 3378 3507 autem

288 3542 642 3604 charitatis
695 3545 761 3604 in
808 3549 1085 3621 aspectu
1135 3545 1477 3606 hominum
1527 3545 1735 3607 habes
1772 3547 1947 3623 quod
1981 3549 2209 3624 populi
2262 3554 2327 3607 te
2360 3565 2492 3608 non
2540 3548 2878 3624 abjicient,
2932 3546 3049 3609 sed
3088 3546 3265 3625 quod
3314 3553 3383 3608 te

294 3654 628 3716 amabunt.
667 3655 742 3715 Et
774 3655 950 3717 Deus
985 3655 1273 3717 animam
1306 3662 1487 3716 tuam
1524 3657 1689 3716 vult.

1699 3865 1971 3926 XCVIII.

1032 4059 1412 4137 Maneyoldo
1444 4057 1655 4119 abbati
1689 4059 1767 4118 de
1803 4060 2163 4138 Hirsauyia
2196 4060 2639 4138 Hildeqardis.

363 4259 535 4328 Quasi
564 4260 633 4316 ad
661 4259 867 4318 incitas
892 4260 1153 4317 adactum
1181 4261 1445 4318 abbatem
1475 4260 1534 4316 in
1564 4262 1686 4317 loco
1713 4277 1815 4316 suo
1842 4261 2072 4319 retinet.

349 4399 631 4476 Mystica
663 4400 780 4462 Dei
829 4401 1085 4463 dicunt:
1119 4401 1297 4462 Deus
1330 4404 1476 4462 vult
1525 4407 1600 4462 ut
1632 4403 1893 4462 coelum
1928 4403 2364 4463 sustineatur.
2418 4403 2793 4475 Quomodo?
2822 4403 3042 4480 Pater,
3094 4406 3211 4481 qui
3242 4406 3385 4467 ovi-

285 4504 352 4566 le
383 4504 466 4565 ad
499 4504 907 4582 pascendum
941 4507 1264 4582 suscepit,
1301 4506 1410 4567 hic
1444 4508 1702 4567 coelum
1740 4513 1866 4580 est;
1897 4508 2056 4583 quia
2091 4507 2267 4568 sicut
2300 4508 2559 4568 coelum
2593 4509 2817 4570 omnia
2851 4508 3209 4570 luminaria
3241 4509 3380 4586 dat,

284 4609 382 4671 ita
415 4615 609 4685 pater
642 4610 769 4670 iste
805 4618 1164 4685 praecepta
1196 4610 1314 4670 Dei
1350 4610 1512 4669 ovili
1547 4625 1669 4670 suo
1703 4609 2020 4685 ostendit,
2059 4626 2137 4670 ac
2173 4609 2467 4671 toedium
2519 4613 2935 4689 negligenter
2982 4613 3229 4676 habere
3276 4615 3383 4676 de-

287 4713 424 4788 bet,
460 4729 542 4774 ne
587 4713 898 4773 dominus
934 4730 1100 4773 suus
1147 4714 1209 4773 ei
1243 4713 1446 4773 dicat:
1481 4712 1685 4774 Serve
1733 4729 2044 4790 nequam,
2081 4731 2290 4791 quare
2338 4732 2501 4776 oves
2534 4732 2722 4778 meas
2754 4717 3076 4779 dimittis?
3123 4718 3246 4781 Sed
3279 4720 3395 4780 do-

288 4819 511 4878 minus
560 4833 726 4877 suus
773 4818 833 4876 ei
869 4816 1070 4877 dicat:
1122 4818 1324 4895 Euqe,
1377 4837 1558 4877 serve
1605 4816 1786 4878 bone.
1834 4817 1915 4878 Et
1963 4819 2028 4877 in
2063 4835 2210 4879 mea
2258 4820 2581 4880 memoria
2628 4836 2788 4881 oves
2846 4822 2929 4883 ad
2977 4822 3385 4898 pascendum

283 4921 515 4997 duceS,
568 4922 892 4999 quamdiu
925 4922 1101 4982 ovile
1151 4937 1281 4982 non
1313 4922 1495 4983 dicit:
1547 4923 1871 4983 Nolumus
1905 4926 2082 4985 hunc
2128 4943 2407 5002 reynare
2442 4944 2644 5003 super
2689 4943 2826 4987 nos,
2877 4926 3061 4998 Quod
3099 4928 3157 4987 si
3205 4928 3384 4988 ovile

285 5024 418 5088 hoc
462 5026 650 5101 dicit,
703 5028 862 5087 tunc
910 5026 1424 5102 relinquendum
1473 5033 1599 5102 est,
1637 5027 1814 5087 sicut
1859 5028 2064 5087 etiam
2096 5027 2289 5089 Jesus
2325 5029 2704 5089 incredulos
2748 5030 3036 5091 Judaeos
3085 5033 3379 5108 reliquit.

286 5129 474 5212 Nunc
510 5136 733 5192 autem
771 5137 870 5202 tu,
910 5129 1130 5206 hom0‚
1169 5130 1234 5189 in
1268 5137 1616 5191 aeternum
1653 5131 1718 5191 in
1751 5131 1884 5192 Deo
1919 5133 2369 5210 permanebis,
2406 5138 2475 5193 et
2508 5136 2687 5195 recte
2722 5135 2943 5196 omnia
2976 5134 3309 5213 prospice.
