4036 6117
561 434 689 493 186
1701 450 1752 493 s.
1816 444 2369 494 mmm-:ciamus

489 585 519 623 2>
562 566 673 626 ria.
713 566 807 626 Tu
852 583 979 626 vox
1014 566 1356 640 vanitatis,
1397 571 1469 625 tu
1519 573 1832 641 aspectus
1882 567 2284 643 iniquitatiS,
2336 582 2457 626 nec
2505 562 2765 626 cribras
2816 564 3019 629 verba
3071 570 3570 644 rationalitatis;

486 688 516 725 >2
558 670 676 729 sed
725 669 901 730 sicut
951 670 1212 730 locusta
1264 669 1671 730 instabiliter
1720 671 2003 745 incedis,
2059 670 2229 731 unde
2277 672 2484 731 etiam
2533 671 2711 730 sicut
2756 671 2892 746 nix,
2943 687 3062 746 per
3107 672 3378 736 diversa
3427 676 3572 736 loca

490 792 519 831 n
561 775 925 850 spargeris
962 775 1127 834 Nam
1177 776 1402 834 cibum
1451 775 1820 850 sapientiae
1869 792 1999 834 non
2044 776 2429 850 manducaS,
2481 792 2605 835 nec
2637 782 2869 851 potum
2909 776 3336 838 discretionis
3369 778 3569 852 bibis,

485 896 517 935 2>
558 879 675 938 sed
708 879 919 939 vitam
968 880 1315 938 volucrum
1353 879 1662 953 imitaris,
1700 879 1815 954 qui
1851 879 2100 938 nullam
2137 879 2577 939 stabilitatem
2611 881 2678 939 in
2716 880 3124 940 habitaculis
3166 880 3432 942 habent.
3470 882 3577 942 Ci-

452 986 513 1039 '12
554 983 662 1041 nis
695 982 873 1042 enim
906 989 974 1042 et
1006 982 1288 1059 putredo
1322 998 1419 1056 eS,
1457 998 1580 1042 nec
1613 984 1819 1042 ullam
1855 983 2159 1058 requiem
2193 982 2493 1043 habebis,
2532 1001 2566 1040 n

570 1086 629 1146 8.
666 1086 791 1147 Sed
818 1087 1018 1147 tertia
1054 1088 1272 1162 imago
1309 1092 1509 1161 caput
1543 1087 1681 1162 lupi
1716 1089 1782 1146 et
1814 1087 2028 1146 cauda
2062 1087 2275 1146 leonis
2309 1087 2622 1162 habebat,
2659 1104 2737 1148 ac
2772 1089 3107 1165 reliquum
3140 1106 3387 1168 corpus
3420 1091 3568 1166 eius

479 1193 628 1252 cani
652 1188 698 1272 ¹)
729 1192 1254 1253 assimilabatur.
1281 1192 1361 1251 Et
1397 1191 1560 1251 haec
1586 1207 1737 1250 cum
1773 1192 2115 1264 praedicta
2144 1192 2433 1267 imagine
2459 1192 2731 1251 ludebat
2755 1192 3006 1254 dicens:
3048 1214 3081 1253 α
3109 1195 3242 1255 Nos
3271 1196 3337 1255 in
3361 1196 3572 1255 omni-

476 1295 602 1355 bus
631 1310 832 1355 unum
861 1310 1115 1355 sumus,
1141 1312 1172 1351 2)
1198 1293 1322 1353 Sed
1347 1299 1414 1353 et
1441 1293 1664 1369 magni
1691 1293 2013 1367 strepitus
2042 1294 2391 1352 ventorum
2420 1294 2486 1352 in
2512 1310 2709 1354 aures
2738 1294 2952 1369 ipsius
2979 1302 3369 1371 sonuerunt,
3397 1312 3568 1372 quos

475 1401 621 1476 ipsa
655 1400 1011 1474 diligenter
1044 1399 1476 1473 excribravit,
1507 1398 1896 1458 auscultans
1923 1397 2039 1472 qui
2065 1399 2313 1470 essent,
2345 1403 2412 1456 et
2437 1397 2609 1457 unde
2636 1404 2886 1472 essent3
2916 1414 3065 1458 cum
3094 1399 3339 1475 quibus
3364 1401 3569 1459 etiam

473 1503 839 1578 exultabat,
877 1502 1073 1578 quasi
1105 1502 1199 1562 dii
1233 1502 1336 1561 sui
1371 1507 1612 1561 essent.
1648 1500 1895 1559 Deinde
1922 1500 2231 1559 dextrum
2258 1502 2661 1562 anteriorem
2690 1501 2924 1576 pedem
2950 1501 3263 1574 elevavit,
3291 1507 3359 1560 et
3383 1517 3567 1560 eum-

469 1609 621 1667 dem
654 1608 736 1668 ad
772 1623 1084 1681 magnum
1119 1612 1417 1679 ventum,
1455 1606 1569 1682 qui
1604 1606 1687 1666 ab
1723 1607 2051 1682 Aquilone
2084 1606 2268 1666 venit
2318 1605 2620 1680 tetendit,
2659 1622 2736 1665 ac
2771 1605 3046 1665 sinistro
3084 1605 3419 1665 anteriore
3452 1620 3565 1681 pe-

465 1711 546 1772 de
591 1711 872 1771 flabrum
906 1714 1259 1771 ventorum
1295 1709 1377 1769 ab
1411 1710 1759 1769 elementis
1794 1710 1876 1769 ad
1911 1726 1983 1769 se
2022 1709 2351 1769 trahebat.

1965 1934 2065 1992 VI.

1731 2124 1928 2185 Verba
1980 2126 2304 2205 Maleficii.

558 2338 620 2398 9.
655 2338 734 2398 Et
766 2337 950 2397 dixit:
995 2354 1025 2393 «x
1062 2333 1154 2395 De
1187 2333 1515 2394 Mercurio
1549 2338 1617 2393 et
1648 2332 1730 2392 de
1765 2333 1919 2394 aliis
1951 2332 2375 2408 philosophis
2410 2334 2620 2394 multa
2668 2333 2912 2410 dicam,
2949 2335 3064 2410 qui
3099 2334 3555 2397 sciscitatione

475 2462 506 2500 >›
547 2459 667 2503 sua
716 2442 1046 2502 elementa
1094 2438 1221 2498 hoc
1267 2438 1463 2498 modo
1505 2436 1861 2512 jugabant,
1913 2436 2091 2512 quod
2139 2451 2679 2514 unamquamque
2728 2454 2869 2498 rem
2918 2454 3120 2514 quam
3167 2439 3553 2514 voluerunt,

472 2563 505 2601 2>
544 2544 922 2604 certissime
974 2542 1408 2617 reperierunt..
1447 2540 1625 2599 Haec
1676 2539 2032 2599 fortissimi
2080 2542 2149 2601 et
2181 2541 2663 2615 sapientissimi
2712 2542 2840 2601 viri
2875 2559 2955 2601 ex
3003 2549 3191 2617 parte
3226 2560 3264 2602 a
3311 2542 3445 2602 Deo
3479 2544 3548 2602 et

466 2665 498 2705 2>
538 2663 618 2706 ex
665 2652 855 2723 parte
889 2663 926 2704 a
979 2645 1286 2720 malignis
1321 2644 1672 2720 spiritibus
1714 2644 2216 2704 adinvenerunt.
2252 2644 2334 2703 Et
2381 2643 2541 2720 quid
2575 2645 2699 2705 hoc
2733 2646 2983 2706 obfuit‘?
3016 2646 3095 2705 Et
3128 2647 3226 2706 sic
3261 2662 3333 2706 se
3365 2647 3551 2723 ipsos

462 2772 496 2810 ι»
534 2753 839 2828 planetas
887 2750 1419 2823 nominaverunt,
1460 2748 1775 2824 quoniam
1808 2748 1889 2808 de
1939 2748 2081 2807 sole
2130 2747 2313 2808 etde
2362 2749 2517 2808 luna
2550 2752 2618 2809 et
2663 2750 2745 2808 de
2787 2751 3005 2810 stellis
3054 2750 3410 2826 plurimam
3433 2766 3555 2810 ,sa-

458 2874 490 2913 2>
531 2856 852 2932 pientiam
901 2870 979 2914 ac
1010 2854 1260 2913 multas
1298 2853 1766 2929 inquisitiones
1800 2858 2222 2927 acceperunt.
2256 2851 2392 2927 Ego
2436 2859 2662 2913 autem
2695 2854 3101 2931 ubicumque
3141 2856 3439 2931 voluer0,
3478 2856 3549 2919 in

455 2976 487 3016 ι)
527 2958 787 3019 artibus
823 2956 973 3018 istis
1007 2972 1211 3032 regno
1246 2962 1315 3017 et
1346 2956 1675 3029 dominor,
1714 2956 1973 3016 scilicet
2005 2956 2074 3014 in
2124 2955 2568 3016 luminaribus
2616 2957 2810 3032 coeli,
2857 2957 2924 3018 in
2971 2958 3328 3019 arboribus
3375 2962 3442 3019 et
3476 2960 3546 3021 in

451 3083 483 3121 1>
525 3063 752 3124 herbis
800 3066 867 3123 et
902 3064 967 3122 in
1002 3062 1310 3122 omnibus
1357 3062 1733 3122 virentibus
1767 3053 2010 3134 terrae,
2054 3066 2121 3120 et
2153 3060 2221 3120 in
2253 3060 2491 3121 bestiis
2524 3067 2592 3121 et
2625 3062 2691 3121 in
2731 3064 3139 3124 animalibus
3170 3080 3372 3141 super
3406 3066 3542 3126 ter-

451 3185 481 3224 »
522 3183 689 3242 ram,
728 3183 804 3227 ac
841 3169 907 3228 in
940 3167 1283 3227 vermibus
1319 3183 1521 3242 super
1555 3172 1803 3226 terram
1853 3172 1921 3226 et
1954 3167 2196 3226 subtus
2231 3172 2500 3227 terram.
2534 3166 2615 3227 Et
2664 3168 2730 3226 in
2773 3169 3126 3229 itineribus
3178 3171 3346 3230 meis
3380 3172 3534 3247 quis

451 3288 483 3327 >³
525 3270 687 3330 mihi
737 3270 1044 3331 resistet?
1073 3270 1251 3331 Deus
1283 3272 1504 3330 omnia
1539 3272 1815 3344 creavit,
1866 3270 2038 3329 unde
2072 3270 2139 3328 in
2172 3270 2431 3329 artibus
2483 3269 2633 3330 istis
2668 3271 2767 3331 illi
2804 3272 3056 3332 nullam
3093 3273 3403 3348 inJ’uriam
3441 3273 3535 3333 fa-

448 3397 480 3435 »
522 3379 646 3438 cio,
684 3378 833 3453 Ipse
865 3379 1040 3437 enim
1073 3378 1243 3449 vult,
1279 3384 1356 3437 ut
1390 3378 1455 3435 in
1496 3377 1851 3451 scripturis
1887 3392 1964 3435 ac
2002 3376 2067 3435 in
2099 3376 2316 3451 plenis
2350 3377 2666 3450 operibus
2702 3379 2846 3437 suis
2880 3379 3221 3454 probetur.
3262 3379 3342 3437 Et
3374 3378 3531 3454 quid

452 3501 483 3538 »
524 3482 899 3558 prodesset,
938 3483 995 3541 si
1032 3496 1237 3556 opera
1269 3481 1417 3556 ejus
1467 3483 1602 3540 tam
1637 3495 1837 3541 caeca
1868 3485 2120 3554 essent,
2156 3477 2333 3555 quod
2368 3480 2552 3541 nulla
2595 3496 2800 3542 causa
2837 3482 2902 3541 in
2935 3483 3035 3542 eis
3079 3481 3534 3542 considerare·-

449 3605 479 3644 ιο
519 3585 661 3647 tur‘?
693 3585 868 3646 Nihil
902 3583 1254 3645 conferret.
1296 3600 1328 3640 ›>

1821 3791 1951 3851 VII.

1450 3999 1864 4076 Responsum
1911 4002 2051 4058 veri
2091 4000 2320 4060 Cultus
2371 4001 2514 4060 Dei.

522 4212 627 4271 10.
663 4210 743 4270 Et
792 4210 1034 4270 iterum
1067 4208 1149 4267 de
1196 4207 1501 4284 praefata
1539 4205 1800 4266 turbida
1847 4206 2022 4266 nube
2056 4207 2284 4268 audivi
2317 4223 2549 4268 vocem
2601 4208 2756 4268 huic
2792 4209 3065 4285 imagini
3117 4211 3521 4285 responden-

437 4323 589 4375 tem:
631 4335 662 4373 «
700 4315 936 4373 Utrum
972 4313 1186 4388 magis
1223 4311 1542 4386 placitum
1574 4316 1679 4369 est
1712 4309 1868 4383 De0,
1923 4311 2141 4384 ipsum
2193 4311 2497 4386 adorare,
2551 4329 2633 4372 an
2680 4328 2885 4388 opera
2932 4312 3114 4389 eJus‘?
3159 4313 3518 4375 Creaturae

437 4439 468 4477 ))
508 4434 681 4494 quae
715 4417 796 4476 de
831 4418 976 4490 ipso
1011 4415 1402 4491 procedunt,
1440 4414 1605 4473 nulli
1637 4415 1845 4472 vitam
1879 4413 2041 4472 dare
2091 4417 2390 4489 possunt.
2425 4415 2506 4474 Et
2539 4432 2709 4491 quae
2759 4422 2864 4475 est
2906 4417 3047 4476 vita
3096 4431 3296 4492 quam
3343 4416 3519 4478 Deus

438 4543 470 4581 »
509 4523 658 4582 dat‘?
708 4520 974 4580 Scilicet
1023 4518 1199 4594 quod
1251 4518 1450 4578 homo
1499 4517 1849 4576 rationalis
1884 4522 2010 4591 est,
2049 4522 2116 4576 et
2164 4519 2339 4593 quod
2390 4519 2649 4594 reliqua
2696 4525 3005 4579 creatura
3056 4520 3122 4578 in
3168 4520 3518 4582 elementis

430 4647 460 4686 J>
501 4627 838 4688 subsistit.
878 4622 1256 4696 Quomodo?
1300 4623 1511 4681 Homo
1563 4622 1628 4681 in
1660 4622 1894 4697 pennis
1946 4622 2427 4684 rationalitatis
2475 4624 2703 4683 vitalis
2737 4631 2860 4699 est,
2905 4627 2973 4686 et
3006 4641 3199 4686 omne
3241 4626 3517 4686 volatile

427 4753 457 4791 »
500 4748 578 4793 ac
613 4732 852 4807 reptile
899 4746 979 4789 ex
1011 4728 1363 4788 elementis
1414 4728 1581 4788 vivit
1613 4733 1680 4786 et
1712 4732 2037 4787 movetur.
2073 4727 2153 4787 Et
2187 4728 2383 4788 homo
2418 4745 2651 4789 sonum
2688 4730 2754 4788 in
2797 4731 3250 4792 rationalitate
3286 4733 3505 4807 habet3

429 4857 459 4894 »
502 4837 763 4912 reliqua
810 4841 1034 4895 autem
1068 4838 1377 4893 creatura
1427 4837 1612 4891 muta
1660 4838 1786 4905 est,
1823 4827 1872 4908 ²)
1909 4845 2030 4889 nec
2062 4846 2134 4890 se
2179 4833 2416 4906 ipsam,
2465 4848 2586 4891 nec
2620 4834 2790 4894 alios
2814 4813 3065 4910 'juvare
3097 4840 3342 4911 potest,
3393 4833 3511 4895 sed

428 4960 460 4999 n
501 4941 796 5002 officium
845 4955 1042 5000 suum
1076 4938 1355 5014 perficit.
1393 4936 1489 4996 Tu
1525 4939 1770 5011 autem,
1806 4951 1845 4996 o
1878 4951 1990 4997 ars
2025 4937 2308 5012 magica,
2347 4937 2673 4997 circulum
2705 4938 2960 5015 absque
2996 4945 3240 5015 puncto
3278 4938 3506 4999 habes,

491 5111 533 5176 ¹)
561 5113 777 5183 corpori
794 5112 922 5165 cani
949 5107 1040 5171 W,
1070 5105 1170 5162 ubi
1198 5125 1310 5169 cor.
1340 5104 1603 5162 mendose
1628 5102 1924 5174 scriptum,
1951 5102 2201 5173 margine
2224 5102 2283 5157 in
2304 5103 2624 5161 absolvitur
2644 5110 2902 5179 'cor-pori.
2928 5136 2997 5146 --
3018 5108 3281 5174 2)·mutua
3304 5114 3382 5163 eat
3406 5107 3497 5162 W.
