4036 6117
759 497 806 532 t)

807 471 891 532 216

1878 490 1928 533 S.
1997 486 2542 537 HILDEGARDIS

1080 621 1179 657 om.
1218 600 1347 657 inde

1081 687 1174 743 sed
1201 685 1467 757 quamvis
2576 691 2640 746 D.

2443 779 2549 829 ⁴:33
2573 773 2642 831 Α.

2443 862 2549 913 434
2573 858 2641 916 Α.

967 774 1025 829 C.
1073 772 1486 845 poenitentiam
1518 773 1662 829 hanc
1691 788 1824 830 cum

1082 861 1142 915 in
1170 859 1536 930 semetipsum
1565 858 1844 932 respicere

1081 945 1142 1000 in
1168 951 1407 1001 mortem
1438 944 1552 1000 ibit

2683 603 2740 659 in
2769 592 3084 676 praeceptis
3107 604 3211 660 Dei

2682 689 2831 756 Quid
2844 695 2932 746 est
2945 691 3083 747 hoc?
3099 694 3202 749 nec
3219 692 3292 748 Pa
3301 696 3449 747 trem
3467 707 3565 747 nec
3580 692 3753 748 filium

2686 776 2745 848 in
2775 777 3067 834 voluntate
3093 794 3338 851 superna

2686 860 2847 917 illius
2872 862 3187 934 sapientiae

2684 963 2795 1003 non
2824 949 3184 1005 transcendat

1590 1173 1893 1245 QUINTA
1940 1172 2154 1233 VISIO
2202 1172 2510 1234 PRIMAE
2558 1174 2876 1236 PARTIS.

845 1376 952 1429 433
975 1374 1039 1431 Β.
1082 1376 1470 1446 sanguineam.
1499 1376 1648 1434 circa
1677 1377 1843 1450 pedes

1086 1462 1278 1518 oculos
1321 1468 1509 1519 autem
1549 1478 1664 1518 non
1702 1463 1948 1519 habebat
1998 1476 2203 1517 manus

1162 1563 1292 1603 vcro
1317 1563 1445 1604 suas
1471 1564 1515 1605 s.
1547 1564 1596 1605 a.
1629 1566 1674 1605 s.
1705 1554 1971 1620 posuerat

1089 1649 1155 1690 ac
1182 1633 1243 1689 in
1269 1639 1465 1691 ventre
1491 1633 1672 1707 ipsius
1879 1704 1886 1709 .

1084 1720 1572 1793 pulchritudinem
1598 1721 1886 1778 Ecclesiae
1917 1718 2199 1775 admiran-
2572 1721 2633 1779 B.

1158 1814 1262 1865 tes.
1295 1809 1420 1880 Ipsa
1451 1824 1580 1864 vero

1085 1892 1274 1964 aliqua
1302 1892 1478 1949 turris
1502 1890 1750 1963 alicujus
1775 1890 2033 1948 civitatis
2059 1894 2148 1946 est

977 1978 1036 2036 C.
1080 1978 1259 2042 dedit,
1287 1978 1388 2034 ubi
1413 1979 1570 2050 jugo,
1601 1979 1720 2035 cod.
1748 1979 1795 2048 s.
1827 1979 1927 2033 28.

1089 2064 1191 2121 Dei
1235 2062 1488 2120 existens
1528 2067 1588 2119 et
1627 2063 1701 2118 ab
1745 2060 1918 2118 initio
1962 2074 2195 2130 surgen-

1165 2150 1310 2205 tium

1094 2237 1191 2293 illa
1217 2241 1408 2293 autem
1435 2236 1684 2292 rutilans

1088 2330 1146 2381 et
1183 2324 1265 2382 sic
1303 2324 1364 2380 in
1391 2322 1552 2380 Cant.
1593 2322 1947 2381 canticorum
1974 2323 2043 2379 de
2073 2322 2195 2394 ipsa
2572 2323 2631 2381 C.

1055 2446 1060 2453 ·
1167 2410 1382 2468 dicens:

991 2500 1055 2555 D.
1098 2499 1317 2555 deserta
1347 2510 1694 2571 paganorum

857 2587 961 2639 434
987 2586 1050 2641 Β.
1094 2585 1388 2642 abundans
1414 2601 1481 2642 ac

1095 2676 1236 2727 etse
1261 2687 1473 2742 ponens
2578 2668 2645 2724 D.

1098 2757 1413 2814 virtutihus
1442 2758 1599 2828 viget
1649 2750 1650 2753 ’

1097 2843 1411 2914 scripturae
1435 2842 1690 2897 abundat

1100 2927 1238 2984 liliis
1285 2927 1538 2999 ejusdem
1593 2942 1767 2984 novae
1813 2943 2047 3000 sponsae
2100 2943 2201 2999 per

1167 3014 1410 3070 multam
2362 3010 2369 3015 ’
2581 3009 2642 3068 Β.

1098 3101 1158 3157 in
1185 3117 1345 3157 servo
1370 3116 1494 3159 meo
1533 3101 1678 3159 lsaia
1706 3101 1976 3174 propbeta
2005 3101 2088 3158 sic
2116 3100 2201 3157 di-

1166 3188 1267 3245 cit:
1296 3188 1442 3244 Sunt
1469 3186 1566 3244 isti
1593 3187 1693 3259 qui
1717 3187 1776 3243 in
1801 3186 2096 3243 mentibus

1101 3273 1170 3329 de
1201 3272 1442 3329 terrenis

988 3359 1046 3417 C.
1089 3378 1191 3416 om.
1224 3356 1417 3430 itaque
1440 3366 1562 3432 poet
1588 3373 1868 3432 synagoga

1097 3444 1166 3500 de
1192 3442 1444 3501 Ecclesia
1467 3443 1749 3514 quomodo
1775 3460 1833 3501 se
1859 3443 1950 3500 bis
1978 3442 2207 3499 virtuti-

1170 3531 1278 3585 bus
1317 3529 1398 3584 ita
1429 3529 1710 3586 munitam
1755 3545 1868 3585 non
1912 3527 2204 3599 cognovit.
2581 3530 2641 3588 C.

1177 3614 1327 3671 sicut
1353 3614 1511 3670 illam
1535 3613 1817 3687 praevidit

1104 3700 1365 3756 diabolus
1391 3699 1632 3756 dilaniet

863 3794 967 3846 434
991 3790 1049 3847 C.
1093 3805 1271 3861 usque
1296 3787 1365 3843 ad
1392 3789 1939 3847 consummationem
1961 3806 2095 3847 suae
2115 3807 2211 3847 ex-

1106 3874 1383 3931 tensionis
1403 3872 1489 3930 eis

1101 3962 1384 4020 sordidam
1412 3978 1642 4019 suorum
1667 3982 1770 4021 om.
1802 3965 1977 4023 fuisse

1104 4059 1164 4110 et
1186 4052 1532 4125 voluptatem
1553 4052 1739 4109 carnis
1760 4069 1893 4111 suae
1913 4061 2106 4112 secuta
2126 4060 2214 4112 est

1103 4138 1411 4211 sanguinea
1438 4138 1587 4195 circa
1614 4140 1781 4211 pedes

1099 4225 1649 4284 consummationem
1679 4225 1901 4297 accepit

866 4320 972 4372 435
997 4314 1063 4372 Α.
1110 4320 1390 4370 terrarum
1415 4310 1683 4366 dilatavit
2588 4313 2653 4368 D,

1105 4399 1213 4457 Sed
1238 4397 1430 4455 eadem
1460 4396 1645 4467 imago
1669 4398 1866 4453 oculos
1901 4413 2012 4453 non
2044 4398 2217 4454 habet

1179 4500 1379 4541 manus
1400 4499 1530 4540 vero
1550 4499 1680 4540 suas
1700 4484 1807 4539 sub
1833 4485 2067 4541 ascellas
2086 4501 2215 4541 suas

1182 4570 1347 4642 ponit

1113 4657 1218 4712 sub
1247 4655 1429 4712 taedio
1462 4655 1729 4728 pigritiae
1769 4673 1900 4712 suae
1931 4661 2213 4729 torporem

1154 4775 1157 4779 *
1183 4759 1220 4795 8·
1240 4759 1297 4796 SC

2682 1378 2775 1434 sed
2803 1394 2866 1434 ea
2900 1379 3075 1435 velut.

2680 1472 2835 1522 stans
2855 1468 3023 1539 juxta

2674 1550 2929 1608 exterius
2954 1553 3187 1623 quidem
3218 1552 3408 1617 novit,
3437 1553 3533 1609 sed
3556 1569 3667 1609 eam

2676 1652 2848 1708 quam
2873 1637 3139 1709 diligeret

2681 1723 2740 1779 in
2770 1729 2966 1780 ventre
2994 1724 3177 1795 ipsius

2678 1808 3168 1881 pulchritudinem
3255 1810 3543 1868 Ecclesiae
3614 1808 3758 1864 admi·

2755 1900 2948 1952 rantes

2672 1979 2947 2037 miracula
2976 1982 3312 2055 prophetiae

2677 2068 3073 2137 generositatis
3100 2085 3277 2125 novae
3300 2085 3541 2142 sponsae

2675 2153 2865 2225 aliqua
2896 2150 3071 2210 turris
3095 2154 3342 2227 alicujus
3366 2154 3623 2212 civitatis

2675 2237 2810 2309 quia
2841 2239 3015 2296 etiam
3045 2240 3107 2296 in
3132 2246 3262 2297 ortu

2677 2324 2777 2381 Dei
2808 2324 3194 2397 praesignavit
3264 2314 3274 2323 ’

2680 2415 3001 2480 sequuntur
3027 2411 3508 2483 praemonstravit

2686 2493 2745 2550 in
2772 2495 2960 2566 primo
2986 2512 3151 2553 mane

2685 2580 2825 2653 quid
2850 2586 2940 2637 est
2966 2583 3073 2639 hoc
3097 2585 3259 2651 (bisff

2687 2668 2958 2739 quoniam
2986 2674 3051 2724 ut
3078 2668 3167 2724 illi
3196 2669 3257 2725 in
3287 2685 3403 2726 uno

2688 2769 2817 2810 cum
2845 2754 3021 2810 etiam
3047 2753 3107 2810 in
3135 2754 3453 2811 novissimo
3576 2803 3583 2808 .

2694 2845 2759 2895 ut
2785 2839 3050 2897 Ezechiel
3077 2843 3196 2898 eod.
3225 2841 3327 2913 sol.
3359 2842 3465 2897 29.

2687 2929 2748 2981 et
2774 2924 3060 2995 ingressus
3084 2939 3212 2981 sum
3239 2932 3472 2997 pactum

2680 3010 2907 3069 scilicet
2933 3016 2999 3067 ut
3024 3012 3357 3071 Samsonem

2682 3104 2980 3171 postquam
3008 3101 3214 3158 deinde

2685 3183 2835 3240 idem
2860 3185 3043 3243 Filius
3069 3188 3172 3244 Dei

2687 3277 2850 3328 natos
2878 3272 3037 3330 illius
3062 3276 3468 3334 exhaeredavit

2686 3374 2786 3430 per
2799 3373 3042 3430 paganos
3057 3359 3236 3416 Deum
3260 3360 3585 3431 ignorantes
3602 3362 3653 3420 in
3668 3360 3763 3417 zelo

2684 3449 2744 3500 et
2769 3460 2898 3502 cum
2927 3446 3520 3522 praevaricationibus

2685 3531 2991 3603 conjuncta
3021 3539 3144 3588 erat

2636 3645 2639 3648 ·
2686 3616 2989 3673 Diabolum
3015 3625 3210 3674 secuta
3240 3619 3434 3676 tuerat

2690 3702 2853 3761 illius
2878 3709 3144 3776 rapuerat

2692 3791 2979 3849 erroribus
3001 3791 3312 3849 tradiderat

2698 3878 2857 3934 velut
2883 3877 3019 3933 Saul

2699 3964 3035 4022 interfectus
3060 3963 3379 4037 exspiravit

2695 4051 2779 4109 sic
2815 4049 2993 4108 etiam
3029 4049 3188 4107 filius
3225 4049 3557 4124 iniquitatis
3590 4049 3761 4110 Filium

2772 4150 2960 4193 meum
2986 4134 3045 4192 in
3073 4136 3273 4193 electis
3301 4138 3424 4194 suis

2697 4229 2834 4280 tunc
2865 4222 3015 4279 idem
3042 4222 3225 4279 Filius

2697 4310 2850 4367 sicut
2873 4313 2931 4364 et
2960 4307 3140 4364 David

2697 4410 2827 4453 cum
2856 4395 2918 4451 in
2943 4393 3258 4450 novissimo

2697 4487 2756 4538 et
2782 4481 2850 4536 ad
2879 4480 3029 4537 viam
3056 4478 3259 4537 salutis

2698 4570 3140 4640 praecucurrant

2701 4670 2814 4710 non
2845 4651 3225 4715 transcendat,
3257 4653 3353 4707 sed
