4036 6117
685 418 815 478 230
1840 431 1894 476 s.
1943 429 2480 478 nxnnecAnms

611 556 748 610 tam
800 566 872 609 se
919 548 1147 625 vertit,
1188 548 1348 608 facit
1383 554 1456 609 ut
1489 547 1706 608 bestia
1740 561 1913 623 quae
1946 546 2030 607 ad
2064 546 2401 607 hominem
2435 547 2668 607 currit.
2706 544 2812 605 Sic
2847 545 3044 607 homo
3082 546 3148 607 in
3181 559 3381 606 carne
3415 560 3535 605 sua
3567 560 3694 605 om-

611 654 725 715 nia
757 658 1004 730 portat,
1042 669 1195 713 curn
1229 658 1468 712 cuncta
1503 658 1765 711 terrena
1802 653 1867 711 in
1900 653 2266 726 semetipso
2302 656 2609 726 superat,
2648 650 2819 710 unde
2854 650 3056 709 etiam
3092 656 3158 710 et
3190 650 3509 709 vexillum
3559 664 3697 706 coe-

620 757 816 818 lestis
864 757 1251 818 harmoniae
1301 757 1367 816 in
1413 756 1691 815 coelesti
1739 755 2025 816 victoria
2072 758 2373 830 vocatur,
2427 756 2539 816 ubi
2580 754 2932 815 Diabolum
2980 771 3130 815 cum
3181 755 3364 814 curis
3413 753 3704 812 saecula-

614 862 792 923 rium
839 862 1207 922 conculcat.
1260 860 1366 920 Sic
1414 876 1619 937 opera
1667 859 1954 936 Spiritus
2001 859 2225 920 Sancti
2275 860 2454 919 vires
2504 861 2984 920 elementorum
3029 859 3096 919 in
3137 858 3404 919 homine
3439 857 3700 917 demon·

615 966 853 1027 strant.

2059 1098 2273 1159 XXIV.

619 1276 803 1350 Quod
828 1280 996 1340 sicut
1023 1278 1256 1338 nullus
1282 1284 1556 1340 aeterna
1577 1279 1842 1357 qaudia,
1872 1280 1963 1339 sic
1996 1278 2366 1356 infernales
2391 1279 2695 1337 miserias
2721 1277 2953 1337 nullus
2980 1278 3414 1354 manifestare
3441 1275 3696 1335 valebit.

707 1473 812 1533 25.
866 1473 1283 1549 Quapropter
1331 1473 1528 1533 homo
1576 1473 1692 1550 qui
1741 1476 2038 1533 tartarea
2088 1473 2419 1532 tormenta
2467 1468 2752 1530 evadere
2797 1468 3154 1543 studuerit,
3203 1467 3557 1528 Diabolum
3608 1466 3703 1527 fu-

617 1575 778 1651 giat,
815 1578 883 1636 et
915 1577 1382 1652 suggestiones
1418 1576 1599 1636 illius
1633 1576 1714 1636 de
1750 1593 1822 1635 se
1858 1575 2161 1652 repellat3
2200 1574 2397 1635 fidem
2432 1574 2624 1649 igniti
2660 1572 2885 1648 fontiS,
2922 1587 3124 1648 quam
3157 1572 3272 1632 ille
3305 1572 3555 1647 attulit,
3591 1572 3699 1647 qui

615 1679 759 1738 sine
792 1685 1064 1755 peccato
1098 1680 1307 1751 venit,
1344 1679 1692 1756 suscipiat,
1729 1695 1807 1739 ac
1840 1696 1987 1739 eam
2015 1679 2220 1755 ,iustis
2268 1679 2585 1755 operibus
2634 1675 2993 1751 custodiat,
3031 1681 3361 1753 quatenus
3412 1674 3495 1735 ad
3544 1691 3699 1751 gau-

614 1782 724 1842 dia
759 1783 874 1842 illa
904 1784 1272 1859 perveniat,
1309 1800 1479 1861 quae
1513 1783 1946 1860 diligentibus
1978 1782 2187 1843 Deum
2222 1787 2622 1859 praeparata
2672 1787 2847 1842 sunt.
2898 1777 3023 1839 Sed
3074 1783 3146 1840 ut
3177 1778 3413 1839 eadem
3460 1777 3702 1854 gaudia

614 1885 797 1944 nulla
851 1886 1152 1946 mortalis
1202 1886 1426 1963 lingua
1475 1888 1808 1962 explicare
1841 1887 2113 1963 poterit,
2151 1887 2249 1946 sic
2285 1886 2488 1945 etiam
2521 1901 2644 1946 nec
2677 1883 3040 1944 infernales
3074 1883 3387 1943 miserias
3422 1883 3558 1943 ulla
3591 1882 3706 1941 hu-

619 2005 819 2049 mana
867 1990 1146 2050 scientia
1195 1991 1626 2051 manifestare
1673 1990 1943 2052 valebit.
1995 1990 2175 2050 Haec
2224 1995 2447 2050 autem
2496 1988 2578 2049 de
2626 1988 2781 2047 viva
2829 2003 2993 2048 voce
3042 1986 3335 2047 viventis
3381 1991 3449 2046 et
3483 1985 3704 2045 indefi-

628 2093 867 2153 cientis
916 2094 1087 2154 lucis
1134 2095 1395 2171 prolata
1441 2099 1509 2154 et
1554 2093 1734 2154 dicta
1767 2099 1944 2168 sunt,
1981 2100 2049 2154 et
2098 2093 2321 2154 fidelia
2354 2097 2532 2167 sunt,
2569 2097 2637 2153 et
2671 2091 2891 2151 fidelis
2925 2089 3034 2150 bis
3067 2089 3393 2164 attendat,
3427 2094 3496 2148 et
3528 2103 3607 2149 ea
3642 2088 3701 2147 in

623 2198 1017 2257 memoriam
1049 2198 1260 2259 bonae
1295 2199 1617 2259 scientiae
1651 2203 2023 2275 componat.
2058 2193 2106 2276 ¹)

2074 2422 2257 2484 XXV.

1289 2605 1382 2666 De
1433 2603 1814 2666 coelestibus
1860 2606 2122 2683 qaudiis
2183 2606 2631 2666 saecularium
2677 2605 3038 2667 hominum.

710 2780 816 2841 26.
865 2780 946 2840 Et
978 2780 1116 2841 vidi
1150 2797 1457 2857 magnam
1490 2789 1559 2842 et
1601 2783 1992 2843 immensam
2043 2783 2447 2857 claritatem,
2492 2782 2685 2859 cujus
2718 2782 3035 2858 splendor
3067 2787 3294 2842 tantus
3327 2787 3496 2858 erat,
3532 2781 3702 2860 quod

626 2899 752 2947 nec
786 2885 851 2944 in
886 2886 1121 2960 ipsam,
1158 2901 1279 2946 nec
1311 2903 1391 2946 ea
1422 2903 1594 2964 quae
1626 2887 1694 2946 in
1742 2888 1889 2964 ipsa
1940 2887 2226 2963 fuerunt,
2279 2888 2408 2947 nisi
2459 2889 2644 2947 velut
2677 2903 2795 2964 per
2840 2888 3186 2963 speculum
3233 2887 3478 2948 intueri
3529 2888 3703 2946 vale·-

621 2986 814 3064 bam,
869 2989 934 3048 in
982 3005 1117 3068 qua
1164 3006 1356 3050 omne
1390 3006 1599 3067 genus
1634 2992 2062 3052 amoenitatis
2110 2991 2319 3052 totius
2367 2992 2751 3052 floriditatis
2801 3008 2879 3051 ac
2927 2991 3404 3051 suavissimum
3440 2990 3704 3050 odorem

626 3093 1048 3155 diversorum
1083 3101 1458 3155 aromatum
1492 3112 1643 3157 cum
1678 3097 1986 3172 plurimis
2030 3097 2289 3158 deliciis
2330 3113 2481 3158 esse
2531 3096 2855 3172 sciebam;
2908 3098 2974 3157 in
3021 3113 3154 3174 qua
3202 3097 3407 3157 etiam
3453 3096 3704 3156 animas

622 3197 1062 3272 quorumdam
1098 3197 1470 3274 beatorum,
1500 3200 1616 3276 qui
1663 3199 1821 3260 dum
1855 3200 1922 3260 in
1969 3199 2222 3260 caduco
2274 3201 2541 3262 saeculo
2590 3201 2914 3275 viverent,
2960 3199 3170 3260 Deum
3199 3198 3402 3276 justis
3449 3198 3706 3274 gemiti-

620 3298 747 3360 bus
796 3301 1174 3378 tetigerant,
1226 3304 1442 3380 etqui
1489 3319 1638 3364 eum
1684 3304 1888 3380 justis
1937 3305 2253 3381 operibus
2288 3305 2655 3379 coluerant,
2694 3305 2760 3363 in
2792 3305 3101 3365 omnibus
3150 3304 3257 3364 his
3299 3303 3699 3364 suavissima

625 3401 871 3475 gaudia
901 3402 1224 3465 habentes
1257 3421 1403 3466 esse
1439 3407 1829 3468 sentiebam.

719 3505 825 3565 27.
859 3504 952 3566 Ex
1006 3507 1113 3567 his
1162 3509 1510 3585 quosdam,
1546 3511 1662 3586 qui
1695 3527 1925 3571 omnes
1980 3512 2167 3571 velut
2213 3511 2691 3571 candidissima
2736 3517 2926 3571 veste
2984 3510 3450 3584 induebantur,
3510 3508 3701 3585 quasi

627 3623 748 3684 per
796 3611 1142 3685 speculum
1187 3612 1494 3673 videbam
1511 3632 1527 3688 ;
1588 3630 1874 3690 quorum
1923 3615 2039 3674 alii
2087 3616 2412 3675 circulum
2462 3617 2647 3676 velut
2702 3631 3016 3676 auroram
3065 3616 3132 3674 in
3178 3614 3515 3691 capitibus
3563 3615 3703 3675 suis

628 3710 990 3788 fulgentem
1040 3713 1396 3789 habebant,
1455 3717 1928 3778 calceamentis
1976 3733 2212 3778 eorum
2269 3735 2473 3795 supra
2534 3720 2756 3779 nivem
2811 3718 3117 3779 candidis
3182 3717 3696 3794 apparentibus3

619 3814 736 3875 alii
806 3831 966 3875 vero
1038 3817 1364 3877 circulum
1440 3820 1635 3895 quasi
1691 3835 1770 3878 ex
1833 3837 1996 3880 auro
2054 3821 2124 3880 in
2178 3822 2514 3898 capitibus
2577 3823 2723 3881 suis
2783 3821 3170 3897 gestabant,
3237 3820 3710 3880 calceamentis

626 3918 928 3995 ipsorum
983 3934 1064 3979 ex
1120 3921 1472 3997 smaragdo
1534 3922 1977 3999 fulgentibus,
2039 3925 2319 4001 reliquis
2376 3926 2787 3986 ornamentis
2843 3931 2912 3985 et
2968 3926 3237 3985 illorum
3284 3929 3353 3984 et
3402 3926 3704 3997 istorum,

630 4038 802 4099 quae
835 4023 1122 4098 plurima
1160 4023 1447 4101 fuerunt,
1502 4027 1665 4086 mihi
1715 4029 2093 4089 occultatis.
2143 4029 2308 4088 Nam
2366 4032 2522 4105 quia
2571 4045 2802 4089 omnes
2850 4029 2942 4104 hi,
2995 4029 3155 4088 dum
3203 4029 3268 4087 in
3317 4028 3710 4104 corporibus

631 4127 776 4188 suis
826 4125 1132 4205 fuissent,
1184 4145 1302 4205 per
1349 4130 1544 4190 fidem
1576 4130 1852 4192 Diabolo
1892 4133 2547 4208 abrenuntiaverant,
2585 4139 2652 4193 et
2700 4133 2858 4209 quia
2905 4132 3207 4192 eamdem
3241 4131 3439 4192 fidem
3480 4133 3576 4192 illi
3619 4130 3714 4191 di-

627 4248 757 4308 gna
789 4233 1218 4310 poenitentia,
1257 4235 1369 4296 isti
1409 4240 1633 4297 autem
1668 4237 1817 4296 aliis
1851 4236 2047 4297 bonis
2080 4237 2397 4314 operibus
2446 4243 3098 4312 consummaverant,
3137 4237 3203 4296 in
3236 4236 3540 4312 praefata
3574 4235 3705 4294 cla-

629 4336 829 4396 ritate
872 4336 1163 4412 quietem
1217 4346 1626 4416 receperant,
1661 4343 1728 4400 et
1761 4341 1828 4400 in
1859 4343 2263 4402 amoenitate
2300 4347 2366 4401 et
2403 4342 2470 4401 in
2516 4341 2777 4401 deliciis
2826 4340 3128 4416 eJusdem
3175 4340 3510 4399 claritatis
3558 4353 3714 4414 gau-

631 4437 897 4500 debant.
934 4438 1058 4499 Sed
1091 4443 1158 4501 et
1190 4443 1507 4518 quoniam
1540 4444 1739 4504 iidem
1769 4446 1952 4506 beati
1999 4448 2274 4522 peccata
2322 4446 2689 4506 deserendo
2738 4447 2805 4505 et
2837 4445 3012 4505 bona
3063 4460 3266 4520 opera
3313 4441 3711 4519 perficiendo

630 4550 990 4619 praecepta
1022 4543 1139 4604 Dei
1174 4544 1565 4622 dilexerant,
1602 4549 1881 4609 candida
1913 4555 2126 4624 veste,
2165 4566 2297 4626 qua
2330 4550 2538 4610 Adam
2574 4556 2811 4610 exutus
2844 4554 3012 4622 erat,
3053 4547 3523 4608 induebantur.

726 4646 831 4707 28.
897 4649 1190 4720 Quorum
1237 4652 1384 4727 alii,
1438 4653 1755 4729 quoniam
1801 4669 1920 4729 per
1967 4655 2441 4730 poenitentiam
2506 4656 2946 4715 salvationem
3010 4651 3517 4729 redemptionis,
3587 4668 3715 4728 qua

632 4752 810 4815 Deus
866 4753 1202 4814 hominem
1254 4757 1556 4832 redemit,
1616 4759 1950 4818 mentibus
2005 4759 2149 4818 suis
2201 4758 2589 4834 infixerant,
2644 4760 2755 4819 ubi
2807 4757 3202 4833 poenitendo
3262 4762 3542 4832 peccata
3597 4772 3716 4815 sua

537 4897 542 4903 -
632 4858 1048 4934 planxerant,
1101 4860 1450 4936 circulum,
1517 4863 1701 4923 velut
1748 4880 2062 4925 auroram
2098 4865 2164 4923 in
2195 4864 2528 4939 capitibus
2577 4866 2721 4926 suis
2780 4865 3174 4940 fulgentem,
3226 4862 3586 4936 habebant;
3650 4868 3716 4921 et

595 4964 937 5047 ‚quoniam
988 4965 1056 5024 in
1106 4965 1309 5026 rectis
1365 4967 1739 5043 itineribus,
1797 4984 1915 5043 per
1961 4969 2140 5027 viam
2190 4969 2427 5029 salutis
2477 4968 2558 5029 ad
2607 4971 2848 5045 vitam,
2889 4969 3199 5046 quamvis
3247 4969 3460 5043 tarde,
3498 4967 3709 5028 redie-

699 5117 740 5186 ¹)
769 5117 833 5172 In
864 5124 1101 5190 utroque
1129 5119 1318 5177 codice
1348 5135 1613 5177 numerus
1640 5120 1878 5195 capituli
1908 5120 2197 5193 sequentis
2223 5120 2591 5179 desideratur.
