4036 6117
732 520 861 578 268
1879 539 1928 581 S.
1983 536 2542 583 annectimus

660 655 857 716 homo
895 655 1111 716 factus
1148 663 1274 731 est,
1310 656 1514 733 plebis
1553 663 1704 715 tuae
1743 657 1972 732 Israel,
2029 658 2288 717 scilicet
2324 657 2615 717 omnium
2655 656 2766 730 qui
2803 670 2952 713 eum
2995 655 3056 712 in
3109 653 3230 713 fide
3268 654 3597 730 inspicere
3634 670 3746 712 vo-

665 759 827 819 lunt.

2170 972 2244 1029 11.

2009 1182 2155 1240 Alio
2203 1180 2408 1238 modo,

755 1389 1106 1465 Postquam
1152 1390 1408 1466 impleti
1445 1396 1620 1463 sunt,
1677 1390 1738 1449 id
1774 1397 1878 1449 est
1913 1391 2164 1465 peracti
2203 1396 2359 1449 sunt
2407 1389 2547 1448 dies
2585 1390 2646 1447 in
2681 1388 2989 1461 veritate,
3035 1386 3453 1464 purqationis
3505 1384 3750 1445 Mariae

673 1491 766 1549 ita
799 1496 872 1548 ut
903 1497 1187 1566 purgata
1224 1492 1312 1550 sit
1344 1492 1427 1550 ab
1463 1495 1638 1552 omni
1691 1494 2084 1568 contagione
2120 1493 2469 1552 muliebris
2504 1492 2805 1567 copulae,
2860 1491 3120 1550 scilicet
3153 1489 3329 1566 quod
3378 1489 3568 1564 virgo
3600 1503 3749 1563 per-

658 1594 927 1667 mansit,
965 1597 1328 1655 secundum
1368 1598 1629 1672 Leyem,
1680 1598 1993 1657 videlicet
2032 1605 2104 1656 ut
2137 1598 2242 1656 vir
2276 1602 2341 1655 et
2378 1597 2615 1655 mulier
2650 1595 2960 1669 conjungi
2996 1595 3234 1668 solent,
3275 1593 3501 1670 Moysi,
3538 1590 3651 1666 qui
3684 1594 3752 1648 et

662 1700 744 1759 de
778 1702 956 1759 terra
990 1707 1057 1760 et
1090 1701 1169 1759 de
1205 1718 1378 1777 aqua
1428 1703 1636 1761 creati
1674 1709 1850 1775 sunt;
1905 1705 2234 1776 tulerunt,
2286 1703 2399 1777 qui
2436 1700 2894 1775 virginitatem
2931 1703 3171 1757 vovent
3204 1698 3377 1757 hono
3426 1694 3751 1771 exemp10‚

655 1802 904 1877 Jesum,
959 1804 1023 1863 id
1070 1810 1176 1863 est
1221 1804 1699 1881 virginitatem,
1753 1809 1822 1865 in
1874 1806 2324 1880 Hierusalem,
2378 1805 2636 1863 scilicet
2686 1803 2767 1862 ad
2817 1802 3147 1862 visionem
3196 1816 3396 1860 verae
3445 1799 3630 1875 pacis
3678 1801 3746 1856 et

660 1909 924 1984 salutiS,
976 1915 1048 1966 ut
1083 1911 1419 1980 sisterent,
1471 1909 1784 1969 videlicet
1819 1916 1889 1969 ut
1939 1910 2401 1984 adimplerent,
2442 1927 2617 1984 eum,
2663 1906 2923 1966 scilicet
2962 1905 3441 1981 virginitatem,
3481 1903 3756 1962 Domino

657 2030 856 2090 quarn
909 2021 1255 2075 voverunt.
1295 2017 1475 2076 Sicut
1527 2019 1848 2093 seriptum
1884 2021 2002 2089 est,
2043 2015 2107 2073 id
2141 2021 2245 2073 est
2296 2014 2659 2073 secundum
2696 2012 2872 2090 quod
2908 2012 3280 2088 exemplum
3333 2009 3644 2083 habebat,
3680 2012 3749 2067 in

664 2120 831 2194 Le9e
882 2119 1176 2189 Domini,
1229 2120 1488 2179 scilicet
1522 2120 1602 2179 de
1655 2121 2112 2181 incarnatione
2145 2118 2430 2192 Domini,
2468 2134 2638 2194 quae
2673 2118 2817 2176 sine
2867 2118 3127 2176 macula
3164 2115 3311 2190 fuit,
3362 2118 3520 2192 quia
3566 2132 3751 2174 omne

652 2225 1102 2284 masculinum
1149 2226 1545 2301 adaperiens
1593 2226 1881 2293 vulvam,
1936 2225 2029 2283 ita
2065 2230 2136 2283 ut
2185 2224 2456 2283 vulvam
2504 2223 2766 2297 aperire
2815 2223 3057 2298 possit,
3111 2223 3166 2281 si
3202 2221 3387 2295 velit,
3441 2220 3558 2279 sed
3607 2235 3749 2279 eam

653 2329 947 2388 viriliter
982 2329 1323 2402 clauserit;
1372 2335 1672 2388 sanetum
1723 2330 1997 2389 Domino
2048 2327 2398 2402 vocabitur,
2451 2328 2608 2403 quia
2661 2328 3009 2401 virginitas
3058 2327 3361 2385 virtuosa
3409 2332 3477 2385 et
3526 2331 3751 2385 sancta

657 2431 792 2491 Deo
829 2434 952 2491 est.
989 2433 1069 2491 Ει
1105 2438 1177 2490 ut
1213 2432 1446 2490 darent
1482 2434 1784 2506 hostiam,
1824 2432 1886 2489 id
1923 2437 2028 2490 est
2061 2431 2325 2489 laudem
2359 2431 2706 2505 victoriae,
2750 2430 3113 2489 secundum
3148 2430 3320 2506 quod
3352 2428 3604 2488 dictum
3635 2433 3749 2502 est,

663 2538 923 2597 scilicet
949 2538 1378 2612 promissum,
1401 2539 1470 2595 in
1503 2538 1667 2613 Le9e
1698 2537 1990 2607 Domini,
2020 2535 2334 2595 videlicet
2363 2536 2427 2594 in
2456 2535 2909 2596 incarnatione
2935 2533 3218 2608 Domini,
3234 2552 3362 2610 par
3386 2538 3749 2605 turturum,

660 2640 728 2701 id
762 2645 866 2698 est
904 2639 1342 2698 innocentiam
1379 2645 1445 2698 et
1478 2640 1884 2714 castitatem,
1922 2645 2037 2698 aut
2073 2640 2233 2697 duos
2260 2639 2483 2715 pullos
2518 2638 2989 2713 columbarum,
3036 2637 3295 2697 scilicet
3342 2642 3575 2696 sancta
3610 2650 3761 2710 ope-⁷

675 2763 773 2820 ra,
826 2761 896 2804 se
933 2745 1026 2804 ita
1073 2745 1584 2818 martyrizantes
1622 2744 1684 2802 in
1734 2744 2041 2802 conflictu
2078 2744 2417 2804 vitiorum.
3584 2746 3587 2749 ’

758 2849 837 2908 Et
874 2866 1016 2907 ecce
1052 2850 1264 2916 homo,
1302 2826 1415 2923 {lui
1467 2848 1530 2905 in
1565 2847 1950 2920 virginitate
1985 2847 2141 2906 talis
2177 2862 2325 2905 esse
2359 2847 2576 2921 debet,
2614 2852 2754 2906 erat
2790 2853 2861 2906 in
2896 2846 3338 2920 Hierusalem,
3374 2845 3632 2904 scilicet
3664 2845 3755 2904 vi-

663 2952 849 3012 sione
892 2951 1153 3026 salutis,
1192 2954 1298 3012 cui
1330 2970 1568 3011 nomen
1621 2953 1912 3021 Simeon,
1963 2952 2277 3011 videlicet
2322 2953 2688 3027 speculum,
2731 2953 2794 3011 in
2827 2969 2957 3028 quo
2993 2968 3065 3010 se
3118 2952 3336 3028 ipsum
3383 2952 3753 3011 consideret

669 3060 737 3116 et
770 3056 1128 3129 custodiat,
1166 3073 1247 3115 ne
1283 3056 1603 3133 accipiter
1651 3073 1851 3133 super
1884 3073 2036 3116 eum
2086 3057 2318 3116 irruat.
2372 3057 2454 3116 Et
2490 3061 2673 3116 homo
2721 3060 2844 3116 iste
2875 3055 3105 3132 justus
3157 3057 3223 3115 in
3272 3057 3475 3116 rectis
3513 3055 3754 3117 itineri-

670 3164 820 3238 buS,
861 3164 952 3223 ita
1002 3179 1082 3222 ne
1117 3162 1446 3222 interdum
1498 3162 1744 3237 inJ‘uste
1777 3168 1954 3221 amet
2005 3163 2340 3237 spiritum,
2380 3162 2711 3221 interdum
2747 3162 2991 3238 injuste
3024 3177 3314 3235 carnem,
3354 3161 3470 3219 sed
3509 3167 3750 3220 rectam

662 3268 840 3326 viam
895 3267 959 3326 in
995 3267 1134 3326 sole
1185 3267 1652 3341 amplectatur,
1704 3273 1765 3325 et
1801 3270 2177 3338 timoratuS,
2227 3282 2311 3326 ne
2347 3282 2661 3325 coronam
2711 3265 3082 3325 honestatis
3130 3281 3328 3341 quam
3380 3265 3584 3341 capiti
3634 3281 3747 3325 suo

663 3370 1006 3444 imposuit,
1059 3368 1354 3445 abjiciat,
1406 3375 1762 3446 eaeJJeetans
1812 3370 1877 3428 in
1911 3370 2245 3429 desiderio
2296 3370 2803 3428 consolationem
2844 3369 3075 3442 Israel,
3128 3367 3191 3427 id
3228 3372 3331 3427 est
3365 3368 3609 3427 laetam
3655 3368 3747 3426 vi·
3820 3397 3825 3404 -

663 3479 802 3531 tam
852 3489 1024 3548 quae
1058 3478 1123 3530 et
1157 3473 1530 3532 confitenda
1578 3480 1644 3532 et
1679 3474 2010 3533 laudanda
2045 3481 2165 3533 est.
2221 3475 2301 3534 Et
2342 3476 2631 3551 Spiritus
2671 3475 2952 3534 Sanctus
2985 3474 3051 3533 in
3088 3472 3281 3533 donis
3330 3473 3472 3533 suis
3506 3479 3648 3533 erat
3682 3475 3747 3532 in

663 3595 757 3648 eo,
797 3578 952 3651 quia
989 3577 1151 3636 vitia
1189 3594 1224 3636 a
1260 3594 1331 3636 se
1367 3578 1638 3651 expulit.
1676 3580 1758 3637 Et
1811 3596 2201 3654 responsum
2237 3579 2302 3637 in
2336 3581 2535 3653 gustu
2571 3594 2692 3638 suo
2731 3585 3096 3656 acceperat,
3150 3579 3406 3638 scilicet
3440 3578 3521 3638 ad
3558 3595 3630 3638 se
3664 3578 3750 3637 in-

664 3685 958 3737 trorsum
994 3679 1218 3752 traxit,
1270 3697 1311 3737 a
1346 3681 1604 3755 Spiritu
1642 3681 1880 3739 Sancto
1928 3698 2061 3739 non
2095 3683 2392 3738 visurum
2444 3681 2507 3739 in
2543 3681 2908 3740 coscientia
2944 3697 3088 3754 sua,
3126 3700 3191 3740 se
3223 3686 3501 3739 mortem
3550 3681 3618 3739 in
3648 3679 3751 3738 de-

670 3781 868 3854 fectu,
907 3780 1020 3838 sed
1055 3786 1129 3839 ut
1179 3781 1270 3839 ita
1304 3781 1670 3840 virtutibus
1708 3783 2102 3858 repleretur,
2156 3799 2236 3841 ne
2274 3783 2337 3842 in
2376 3783 2546 3842 same
2582 3783 2868 3858 deficiat,
2908 3799 3079 3859 quae
3112 3784 3353 3843 bonum
3391 3799 3511 3842 nec
3544 3783 3747 3858 novit,

669 3901 789 3944 nec
825 3890 1073 3958 gustat:
1107 3886 1242 3942 nisi
1285 3887 1478 3961 prius
1514 3885 1594 3943 de
1628 3886 1876 3945 virtute
1915 3887 1980 3945 in
2029 3887 2350 3946 virtutem
2401 3887 2741 3961 ascendat,
2798 3889 3048 3946 videret
3089 3889 3418 3948 Christum
3468 3887 3750 3959 Domini,

672 3988 934 4045 scilicet
967 3985 1251 4046 videndo
1290 3987 1653 4061 Christum,
1693 3989 1784 4047 ita
1822 3995 1892 4047 ut
1925 3990 2073 4064 ejus
2106 3989 2453 4049 dulcedine
2494 3991 2784 4049 saturari
2819 4007 2950 4049 non
2982 3991 3218 4066 possit.

757 4091 838 4150 Et
889 4092 1067 4149 venit
1103 4093 1174 4149 in
1223 4094 1468 4167 spiritu
1504 4092 1727 4151 cordis
1763 4094 1867 4152 sui
1918 4095 1990 4153 in
2026 4095 2374 4171 templum,
2427 4092 2491 4152 id
2541 4102 2645 4152 est
2696 4095 2761 4152 in
2796 4095 3198 4154 suavitatem
3250 4099 3568 4169 aspectus
3613 4092 3748 4167 Dei,

673 4195 765 4253 ita
815 4197 887 4253 ut
940 4193 1147 4252 Deum
1206 4211 1408 4270 super
1464 4197 1686 4255 omnia
1741 4197 1997 4272 diligat.
2059 4198 2140 4257 Et
2200 4216 2350 4258 cum
2404 4199 2796 4258 inducerent
2854 4199 3021 4258 hene
3079 4198 3412 4275 operando
3463 4217 3752 4275 puerum

670 4297 924 4367 Jesum,
978 4298 1235 4357 scilicet
1285 4300 1737 4374 virginitatem
1772 4318 1942 4376 quae
1976 4317 2146 4377 pura
2193 4318 2343 4361 esse
2390 4296 2436 4379 ¹)
2471 4302 2689 4376 debet,
2735 4309 3050 4380 parentes
3084 4302 3246 4378 ejus,
3297 4303 3610 4362 videlicet
3643 4303 3755 4362 bo·

670 4417 755 4458 na
789 4402 1090 4476 exempla
1137 4403 1456 4477 parandO,
1494 4411 1566 4463 ut
1598 4408 1898 4482 facerent
1933 4409 2296 4467 secundum
2338 4409 2903 4484 consuetudinem,
2942 4410 3005 4468 id
3040 4416 3146 4470 est
3180 4410 3501 4469 honorem
3538 4411 3745 4488 Leqis,

667 4505 927 4563 scilicet
968 4506 1447 4566 incarnationis
1480 4508 1765 4585 Domini,
1818 4527 2021 4586 quam
2056 4512 2123 4570 in
2154 4512 2541 4587 virginitate
2593 4513 2961 4588 imitantur,
2991 4532 3116 4591 pro
3149 4533 3244 4590 eo,
3281 4515 3347 4574 in
3397 4515 3751 4575 sanctitate

672 4606 989 4667 etlaude.

759 4713 840 4772 Et
892 4715 1031 4790 ipse
1066 4717 1316 4790 accepit
1367 4715 1939 4791 comprehedendo
1989 4738 2143 4779 eum
2176 4722 2248 4779 in
2282 4721 2479 4780 ulnas
2513 4739 2693 4791 suaS,
2744 4721 3057 4781 videlicet
3092 4722 3267 4797 pleni
3301 4719 3641 4795 desiderii,
3687 4726 3748 4778 et

666 4816 1026 4891 benedixit,
1079 4819 1238 4894 quia
1274 4819 1338 4877 in
1373 4825 1644 4879 aeterna
1692 4822 1831 4881 vita
1874 4823 2282 4899 gaudebunt,
2336 4826 2448 4901 qui
2486 4826 2550 4884 in
2579 4828 2846 4886 saeculo
2897 4827 2977 4887 ad
3012 4826 3223 4886 Deum
3269 4826 3643 4901 plorabant,
3689 4829 3749 4883 et

679 4923 851 4982 discit
891 4923 957 4981 in
991 4922 1312 4982 oratione:

749 5193 789 5256 ¹)
818 5195 860 5258 2)
890 5203 1013 5246 essct
1042 5194 1159 5246 cod.
1197 5209 1318 5246 mox
1351 5196 1587 5265 exempla
1623 5203 1677 5247 ut
1705 5197 1941 5264 facerent
1968 5198 2231 5266 parando.
