4036 6117
724 482 853 543 114
1881 502 1931 547 S.
1987 501 2523 549 tunm-:ommis

655 633 684 670 ι
726 617 1048 691 sanguine
1083 614 1332 677 Christi
1367 615 1885 690 confundemini,
1923 627 1988 679 et
2030 622 2091 680 in
2126 620 2338 697 Alpha
2374 630 2437 680 ct
2473 622 2719 695 Omega
2753 609 2797 696 ¹¹)
2842 621 3175 696 peribitiS‚
3214 619 3527 697 quoniam
3566 633 3753 682 mors

655 725 687 772 ἰ
728 719 1023 792 pessima
1057 720 1245 779 estis.
1295 738 1324 775 ι

2090 933 2305 993 XVIII.

1411 1141 1718 1200 Diabolus
1751 1142 2032 1217 qloriam
2067 1142 2189 1201 Dei
2221 1161 2551 1202 evacuare
2584 1161 2713 1202 non
2744 1149 2982 1219 potest.

740 1349 844 1411 26.
879 1351 959 1411 Et
993 1351 1236 1410 iterum
1263 1348 1489 1408 audivi
1516 1365 1749 1408 vocem
1777 1349 1858 1407 de
1886 1350 2072 1408 coelo
2110 1349 2273 1408 mihi
2306 1349 2658 1408 dicentem:
2701 1369 2731 1406 α
2765 1349 3066 1423 Creator,
3101 1347 3214 1426 qui
3243 1349 3562 1409 mundum
3589 1365 3747 1411 con-

649 1473 681 1510 »
722 1454 966 1528 stituit,
1002 1453 1352 1512 elementis
1390 1467 1545 1511 eum
1579 1452 1920 1527 solidavit,
1958 1468 2037 1511 ac
2072 1467 2312 1527 magno
2347 1458 2585 1512 ornatu
2613 1468 2766 1510 eum
2801 1452 3174 1526 decoravit,
3204 1467 3358 1510 curn
3393 1452 3615 1528 ipsum
3646 1451 3749 1511 di·-

645 1575 680 1613 )
720 1556 940 1617 versis
973 1556 1304 1615 creaturis
1357 1556 1423 1614 in
1474 1555 1872 1613 servitutem
1920 1553 2214 1612 hominis
2251 1554 2556 1630 replevit;
2595 1553 2774 1630 quod
2812 1553 3115 1613 invidens
3141 1553 3488 1628 DiaboluS,
3525 1554 3744 1614 homi-

645 1677 680 1719 )
719 1675 871 1719 nem
902 1660 1208 1720 eumdem
1246 1659 1682 1736 nequissimis
1709 1658 1897 1717 vitiis
1924 1658 2191 1717 irretire
2225 1674 2354 1716 non
2387 1664 2634 1733 cessat,
2662 1664 2996 1734 quatenus
3025 1658 3122 1717 illi
3149 1658 3379 1718 datum
3413 1657 3741 1718 honorem

651 1781 682 1821 ι
722 1763 988 1824 omnino
1040 1763 1339 1837 auferat,
1390 1761 1508 1821 sed
1558 1766 1781 1821 tamen
1828 1762 2114 1837 gloriam
2162 1760 2280 1820 Dei
2328 1776 2657 1821 evacuare
2689 1779 2817 1821 non
2852 1762 3123 1838 poterit,
3173 1759 3743 1837 quemadmodum

647 1887 677 1925 ›
716 1870 921 1927 etiam
957 1869 1022 1927 in
1056 1867 1391 1943 praesenti
1429 1865 1689 1925 visione
1723 1865 1847 1925 tibi
1879 1865 2403 1926 demonstratur.
2444 1885 2473 1922 ι»

2062 2087 2312 2148 XVIIII.

1137 2288 1307 2345 Deus
1341 2285 1746 2342 demonstrat
1797 2284 2049 2342 homini
2082 2301 2165 2339 ne
2200 2284 2270 2341 in
2307 2283 2691 2359 confusione
2721 2284 2978 2359 peccati
3013 2285 3223 2344 cadat.

731 2496 836 2555 27.
873 2495 1037 2554 Nam
1073 2492 1249 2568 quod
1284 2490 1498 2565 vides,
1550 2489 1730 2566 quod
1780 2489 2170 2565 praedictus
2220 2491 2326 2549 vir
2362 2490 2444 2550 ad
2480 2490 3011 2567 Septentrionem
3048 2506 3119 2550 se
3153 2492 3380 2567 vertit,
3434 2492 3527 2551 ita
3560 2491 3743 2568 quod

640 2606 705 2660 et
738 2598 1271 2676 Septentrionem
1305 2602 1372 2654 et
1405 2594 1744 2654 Orientem
1779 2594 2074 2670 inspicit,
2126 2594 2251 2653 hoc
2299 2602 2405 2655 est
2436 2595 2615 2671 quod
2663 2594 2838 2654 Deus
2874 2595 3125 2655 homini
3158 2595 3598 2669 demonstrat,
3648 2611 3738 2654 ne

641 2706 706 2764 in
740 2702 1201 2764 confusionem
1233 2699 1584 2758 coecitatis
1618 2703 1685 2756 et
1718 2704 2149 2773 peccatorum
2183 2698 2416 2775 cadat,
2468 2704 2537 2758 et
2584 2699 2762 2776 quod
2799 2700 2982 2759 illam
3017 2705 3288 2760 strenue
3334 2699 3613 2775 devitat,
3664 2708 3739 2759 et

635 2803 812 2883 quod
847 2804 929 2865 ad
964 2804 1282 2864 honorem
1318 2818 1518 2861 verae
1554 2802 1726 2860 lucis
1761 2817 1834 2860 se
1868 2807 2251 2877 praeparet,
2288 2803 2605 2878 quoniam
2641 2802 2813 2863 bona
2845 2809 2913 2862 et
2949 2805 3123 2863 mala
3168 2805 3448 2863 scientia
3485 2804 3552 2863 in
3587 2804 3745 2878 ipso

636 2917 758 2971 est:
803 2910 999 2970 homo
1035 2910 1212 2968 enim
1249 2909 1313 2966 in
1351 2914 1495 2967 rota
1533 2908 1854 2967 scientiae
1889 2909 2316 2968 considerare
2350 2910 2600 2984 poterit
2635 2910 2713 2969 ad
2752 2925 2951 2986 quarn
2987 2916 3247 2986 partem
3280 2910 3592 2970 declinet.

2116 3133 2244 3193 XX.

1295 3330 1642 3389 Elementa
1675 3328 2027 3387 ostendunt
2067 3328 2237 3404 quod
2269 3332 2454 3388 homo
2485 3330 2763 3405 qloriam
2799 3331 2929 3389 Deo
2961 3332 3092 3390 del.

727 3541 832 3602 28.
867 3540 946 3600 Et
979 3542 1160 3599 venti
1194 3545 1261 3599 et
1293 3555 1409 3599 aer
1443 3556 1519 3598 ac
1553 3540 1864 3598 viriditas
1892 3539 2145 3614 mundi,
2174 3556 2345 3615 quae
2373 3541 2497 3600 sub
2526 3541 2940 3600 firmamento
2975 3543 3144 3601 coeli
3173 3548 3351 3615 sunt,
3392 3543 3456 3601 in
3481 3543 3738 3618 quibus

633 3651 699 3705 et
734 3646 908 3706 idem
941 3646 1046 3705 vir
1082 3662 1120 3704 a
1156 3644 1526 3703 femoribus
1564 3659 1778 3719 usque
1812 3644 1894 3702 ad
1929 3659 2145 3718 genua
2182 3662 2302 3704 sua
2337 3652 2464 3719 est,
2502 3645 2717 3704 eidem
2766 3647 2913 3705 viro
2949 3664 2986 3704 a
3023 3646 3388 3705 femoribus
3442 3648 3586 3706 suis
3620 3664 3738 3709 u&

634 3767 765 3827 que
801 3750 884 3811 ad
919 3765 1133 3826 genua
1170 3764 1292 3808 sua
1325 3748 1520 3823 quasi
1556 3763 1676 3822 pro
1710 3748 2113 3808 vestimento
2149 3755 2325 3825 sunt,
2377 3750 2533 3825 quia
2581 3751 2849 3810 volatus
2896 3756 2964 3810 et
3012 3750 3295 3810 latitudo
3342 3757 3727 3828 ventorum,

628 3872 708 3914 ac
742 3856 973 3916 suavis
1008 3853 1374 3914 humiditas
1409 3851 1611 3925 aeriS,
1648 3857 1716 3909 et
1748 3857 1945 3910 acuta
1978 3851 2290 3911 viriditas
2326 3853 2644 3913 arborum
2679 3871 2757 3913 ac
2791 3854 3174 3929 herbarum,
3226 3872 3400 3931 quae
3435 3857 3501 3915 in
3538 3856 3733 3918 forti-

632 3957 858 4020 tudine
893 3956 1318 4034 superiorum
1354 3954 1799 4028 continentur,
1840 3955 1906 4013 in
1938 3954 2185 4029 quibus
2220 3955 2422 4014 etiam
2456 3956 2630 4016 Deus
2664 3973 2784 4031 per
2816 3958 3321 4033 productionem
3354 3965 3422 4018 et
3463 3966 3737 4020 susten-

633 4064 953 4125 tationem
986 4058 1374 4141 eorumdem
1408 4063 1748 4134 operatur,
1789 4058 1917 4132 ipsi
1969 4057 2035 4116 in
2082 4057 2314 4116 eodem
2348 4074 2673 4132 processu
2715 4067 2783 4119 et
2819 4060 2882 4118 in
2916 4061 3147 4119 eadem
3181 4062 3527 4121 evectione
3571 4078 3721 4133 sua,

627 4169 913 4242 gloriam
946 4165 1281 4239 exhibent,
1320 4179 1471 4223 curn
1513 4162 1578 4221 in
1611 4161 1922 4221 omnihus
1956 4167 2023 4219 et
2056 4161 2342 4236 pleniter
2375 4163 2713 4224 obediunt.
2764 4165 2926 4223 Nam
2960 4164 3136 4225 Deus
3172 4182 3291 4242 per
3322 4146 3725 4241 mysterium

631 4278 1097 4332 creaturarum
1129 4261 1568 4344 glorificatur,
1620 4266 1806 4324 velut
1854 4264 2053 4323 homo
2102 4280 2253 4323 curn
2302 4267 2704 4326 vestimento
2739 4268 3062 4343 operitur,
3115 4269 3502 4329 honoratur.
3543 4270 3732 4343 Ignis

627 4394 894 4456 quoque
928 4383 993 4436 et
1028 4377 1138 4434 lux
1172 4375 1350 4433 aeris
1383 4370 1637 4431 eisdem
1673 4370 2096 4430 vestimentis
2146 4387 2266 4446 pro
2314 4377 2555 4430 ornatu
2605 4378 2782 4444 sunt,
2835 4373 3151 4447 quoniam
3186 4374 3362 4448 ignis
3404 4373 3719 4433 diversas

629 4488 978 4542 creaturas
1011 4479 1234 4538 calore
1271 4492 1393 4537 suo
1432 4474 1828 4547 fomentanS,
1865 4478 1933 4532 et
1967 4474 2079 4532 lux
2114 4475 2473 4533 suavitatis
2508 4491 2625 4534 eas
2661 4475 3068 4550 illuminan8‚
3105 4475 3313 4535 Deum
3361 4474 3720 4550 honorant,

630 4585 825 4661 quasi
857 4598 1008 4642 eum
1044 4582 1110 4641 in
1147 4579 1368 4640 officio
1405 4595 1524 4638 suo
1558 4583 1900 4650 exornent,
1939 4593 2093 4635 cum
2129 4577 2272 4653 ipse
2318 4594 2438 4653 per
2489 4578 2601 4638 illa
2648 4580 3099 4654 cognoscitur,
3150 4586 3218 4638 et
3251 4596 3403 4641 cum
3435 4597 3555 4657 per
3603 4581 3721 4643 illa

624 4674 1047 4762 omnipotens
1081 4684 1486 4754 nominatur,
1539 4679 2101 4757 quemadmodum
2149 4695 2268 4754 per
2320 4679 2648 4755 fulgorem
2682 4682 3068 4742 vestimenti
3103 4684 3209 4742 sui
3243 4689 3310 4742 et
3343 4700 3465 4760 per
3494 4685 3722 4747 diade-

626 4809 734 4852 ma
767 4791 1011 4866 capitis
1053 4790 1182 4862 sui,
1222 4788 1416 4846 homo
1451 4785 1760 4844 dominus
1795 4789 1862 4842 et
1897 4799 2011 4842 rex
2046 4784 2445 4860 appellatur3
2484 4787 2583 4844 sic
2615 4786 2818 4845 etiarn
2851 4802 2971 4862 per
2998 4786 3182 4862 justa
3217 4803 3419 4864 opera
3454 4791 3721 4853 animae

622 4883 1270 4969 Deusgloriflca'tur,
1308 4889 1464 4966 quia
1501 4894 1572 4947 ut
1604 4888 1786 4946 vires
1821 4893 2288 4947 creaturarum
2323 4894 2502 4963 sunt,
2541 4890 2633 4948 ita
2667 4890 2870 4948 etiarn
2905 4895 2971 4949 et
3005 4891 3186 4950 vires
3231 4893 3491 4952 animae
3539 4902 3717 4957 sunt.

625 4999 789 5060 Nam
826 4996 1112 5072 inceptio
1141 4996 1479 5069 justorum
1512 4990 2000 5049 desideriorum
2040 4989 2104 5048 in
2138 4991 2357 5049 anima
2394 4993 2587 5067 quasi
2625 4997 2864 5051 ventus
2900 4993 3105 5066 volat,
3136 4999 3201 5052 et
3227 5000 3470 5068 gustus
3497 4995 3716 5057 bonae

703 5169 743 5235 ¹)
771 5162 892 5239 alfa
919 5174 969 5224 et
992 5166 1042 5223 O
1066 5165 1159 5219 W.
