4036 6117
1357 561 1828 607 nmsromnun
1881 562 2067 607 Nova
2118 561 2365 607 sames.
3208 547 3335 608 537

297 676 640 755 operibus»,
669 679 830 739 etin
857 678 1198 756 aliquibus
1231 680 1779 757 obligationibus„
1816 697 1989 758 quae
2026 682 2299 742 inutiles
2333 686 2508 743 sunt.
2537 682 2743 743 Acres
2776 698 2936 760 ergo
2964 699 3185 745 mores
3221 683 3397 761 fuge,

292 785 362 841 et
394 781 933 843 misericordiam
968 784 1399 859 amplectere,
1441 786 1598 861 quia
1633 784 1812 845 Deus
1847 785 1992 845 vult
2030 785 2095 844 in
2130 791 2194 844 te
2230 784 2637 845 sacrificium
2672 784 2912 845 laudis
2948 786 3027 845 Et
3058 785 3237 846 Deus
3273 784 3396 846 tibi

303 890 558 958 parcet,
597 892 800 962 atque
833 886 982 945 ovis
1017 887 1418 947 salvationis
1451 890 1607 947 eris.

1713 1077 1975 1142 LXXII.

1058 1257 1402 1335 Rudeyero
1434 1263 1749 1321 monacho
1783 1261 1863 1320 de
1900 1259 2074 1320 E'bra
2104 1254 2150 1336 ¹)
2187 1260 2629 1337 Hildeqardis.

366 1458 645 1515 Monacho
672 1458 894 1515 curiose
920 1459 1249 1531 inquirente
1274 1460 1343 1516 de
1369 1461 1490 1517 suis
1516 1460 1775 1523 somniis.
1804 1461 1872 1517 de
1900 1460 2155 1529 Eugenio
2179 1478 2342 1533 papa.
2370 1463 2439 1519 de
2474 1462 2720 1535 quodam
2760 1462 2955 1526 fratre.
2990 1463 3059 1519 de
3093 1461 3393 1519 altissimis

293 1545 607 1620 mysteriis.
636 1547 946 1620 prudenter
974 1547 1339 1618 Hildegardis
1370 1556 1538 1612 tacet,
1573 1556 1673 1607 aut
1698 1550 1879 1606 eidem
1907 1555 2074 1607 caute
2100 1550 2420 1623 respondet.

377 1689 591 1747 Acuta
624 1687 922 1747 ostensio
960 1687 1024 1745 in
1059 1703 1219 1746 vera
1252 1688 1510 1747 visione
1545 1688 1727 1748 dicit:
1765 1688 1815 1749 Ο
1849 1688 1941 1749 fili
1975 1689 2118 1764 Dei,
2159 1690 2223 1749 in
2260 1688 2520 1749 factura
2556 1706 2687 1767 qua
2721 1690 2918 1751 homo
2967 1705 3064 1763 eS,
3116 1697 3181 1750 et
3220 1692 3285 1750 in
3321 1690 3392 1750 fl-

284 1791 369 1851 de
403 1791 730 1852 bonorum
765 1806 1044 1868 operum
1070 1791 1360 1865 attende,
1399 1792 1575 1868 quod
1603 1793 2026 1868 possibilitas
2053 1799 2167 1853 tua
2193 1809 2321 1854 non
2350 1800 2455 1853 est
2484 1794 2609 1854 nisi
2640 1794 2704 1853 in
2737 1794 2895 1869 Deo,
2923 1801 2989 1854 et
3015 1810 3135 1870 per
3159 1794 3388 1854 Deum.

282 1894 461 1955 Deus
510 1897 733 1955 omnia
766 1897 917 1963 scit,
955 1901 1022 1953 et
1056 1895 1407 1955 scientiam
1446 1896 1611 1955 nulli
1645 1897 1896 1956 homini
1934 1898 2221 1971 pleniter
2252 1897 2390 1972 dat,
2426 1897 2560 1958 nisi
2596 1899 2773 1957 sicut
2805 1898 3173 1974 praevidet,
3212 1900 3388 1976 quod

280 2008 684 2075 oportunum
737 2001 844 2059 sit.
883 1999 1118 2059 Nullus
1153 2000 1328 2059 enim
1378 1999 1576 2059 homo
1614 2001 1677 2061 in
1726 2000 2102 2079 prophetia,
2140 2018 2354 2078 neque
2390 2003 2455 2062 in
2505 2002 2944 2080 inspiratione
2976 2004 3115 2075 Dei,
3167 2021 3383 2082 neque

283 2105 351 2164 in
385 2104 714 2179 sapientia
748 2104 876 2163 scit
910 2105 1155 2176 omnia,
1192 2120 1406 2180 neque
1439 2104 1630 2174 dicit,
1668 2106 1797 2165 nisi
1835 2113 2162 2181 quantum
2197 2107 2375 2167 Deus
2408 2108 2555 2167 vult
2590 2107 2688 2167 illi
2716 2108 2781 2167 in
2816 2108 3141 2170 miraculo
3168 2113 3386 2169 osten-

280 2208 462 2267 dere.
502 2208 668 2267 Illud
704 2216 927 2267 autem
964 2210 1208 2281 lumen,
1245 2210 1422 2285 quod
1461 2211 1526 2269 in
1562 2227 1720 2270 vera
1764 2212 2026 2271 visione
2076 2212 2143 2270 in
2179 2213 2399 2272 anima
2435 2215 2548 2272 tua
2580 2214 2834 2290 aspexi,
2888 2213 3013 2274 hoc
3045 2221 3172 2290 est,
3210 2216 3387 2291 quod

283 2318 357 2372 tu
390 2328 465 2371 es
500 2312 676 2373 filius
727 2315 1147 2388 salvationiS,
1187 2314 1305 2373 sed
1356 2317 1580 2374 tamen
1615 2316 1681 2374 in
1717 2316 1978 2391 magnis
2014 2316 2361 2376 laboribus
2396 2317 2609 2391 vives,
2655 2317 3013 2394 aliquando
3052 2320 3118 2378 in
3153 2318 3391 2396 fatiga-

280 2416 460 2476 tione
507 2424 574 2476 et
610 2418 1070 2478 imbecillitate
1118 2420 1366 2492 carnis,
1412 2425 1478 2478 et
1518 2421 1581 2478 in
1633 2420 1865 2479 multis
1899 2421 2451 2495 cogitationibus,
2490 2437 2662 2497 quae
2708 2422 3039 2482 interdum
3076 2423 3142 2482 in
3178 2430 3242 2483 te
3276 2441 3389 2482 vo·

279 2518 420 2578 lant
454 2520 519 2579 in
567 2522 800 2592 altum,
838 2527 905 2580 et
954 2538 1125 2597 quae
1164 2522 1496 2581 interdum
1547 2523 1614 2581 in
1651 2530 1958 2584 terrenas
2006 2539 2250 2583 causas
2302 2525 2575 2599 vadunt,
2627 2531 2696 2584 et
2728 2541 2899 2602 quae
2950 2527 3284 2587 interdum
3321 2528 3388 2587 in

277 2639 450 2681 vana
485 2625 698 2698 gloria
726 2625 844 2685 tibi
879 2625 1216 2685 obsistunt
1249 2629 1307 2684 in
1339 2627 1629 2686 mirabili
1666 2629 2075 2701 ostensione,
2111 2630 2288 2688 sicut
2313 2629 2636 2703 scriptum
2676 2636 2801 2689 est:
2843 2649 2874 2687 α
2906 2629 3224 2691 Dominus
3258 2632 3388 2690 scit

275 2728 720 2803 cogitationes
756 2728 1096 2787 hominum
1133 2732 1448 2805 quoniam
1496 2745 1708 2790 vanae
1744 2737 1918 2791 sunt.
1954 2749 1984 2788 1>
2022 2727 2073 2809 ²)
2128 2731 2304 2791 Cave
2338 2747 2499 2807 ergo
2547 2747 2629 2791 ne
2664 2732 2746 2791 de
2797 2731 2939 2809 (fol.
2981 2733 3093 2812 70)
3137 2736 3390 2811 cogita-

275 2832 572 2891 tionibus
606 2838 672 2891 et
707 2834 985 2893 somniis
1022 2835 1154 2893 tuis
1188 2835 1507 2893 audacter
1543 2835 1872 2911 requiraS,
1910 2833 2230 2912 quamdiu
2269 2836 2333 2895 in
2366 2834 2493 2895 hoc
2531 2836 2768 2896 itinere
2804 2837 3002 2911 vivis,
3049 2839 3113 2898 in
3148 2855 3280 2915 quo
3318 2838 3387 2899 fi-

271 2937 505 3010 nieriS,
543 2937 858 3013 quoniam
907 2938 1038 2997 alia
1088 2939 1279 3013 signa
1326 2938 1408 2997 de
1458 2954 1629 3014 papa
1661 2940 1955 3015 Eugenio
1990 2940 2169 2999 Deus
2218 2920 2395 3000 mihi
2425 2956 2554 3001 non
2596 2942 2907 3002 ostendit.
2945 2942 3256 3003 Attamen
3289 2943 3389 3003 vi-

267 3040 396 3103 deo
436 3049 498 3103 te
533 3042 725 3102 valde
759 3043 1220 3119 constrictum,
1258 3048 1324 3102 et
1360 3043 1508 3103 inde
1544 3044 1717 3104 solvi
1750 3044 1954 3105 debes
1991 3046 2056 3105 in
2091 3044 2217 3104 hac
2252 3046 2414 3107 vita.
2448 3046 2624 3106 Deus
2674 3047 2876 3108 etiam
2926 3064 3055 3107 non
3090 3046 3386 3108 ostendit

273 3147 439 3206 mihi
473 3147 954 3222 longitudinem
1004 3154 1120 3207 aut
1152 3148 1553 3208 brevitatem
1588 3148 1850 3209 dierum
1901 3149 2132 3210 fratris
2169 3151 2352 3209 illius
2394 3151 2476 3210 de
2524 3167 2656 3226 quo
2709 3167 2811 3210 me
2858 3152 3267 3228 interrogem,
3317 3155 3388 3213 et

273 3266 488 3327 neque
527 3251 591 3310 in
625 3251 839 3325 anniS,
877 3265 1092 3326 neque
1127 3251 1192 3309 in
1229 3251 1667 3327 temporibus;
1706 3252 1822 3311 sed
1860 3255 2083 3313 tamen
2120 3259 2385 3330 tempus
2430 3254 2589 3313 illud
2626 3254 2829 3314 habet
2863 3256 3040 3332 quod
3088 3258 3383 3316 nondum

275 3357 563 3427 finietur;
617 3358 733 3417 sed
771 3356 1037 3418 fortiter
1069 3366 1323 3432 currat,
1360 3359 1518 3435 quia
1568 3359 1988 3436 aliquantum
2025 3361 2291 3437 tepidus
2324 3366 2452 3434 est,
2489 3367 2556 3421 et
2591 3361 3010 3438 aliquantum
3059 3362 3382 3439 fatigatus

273 3463 341 3522 in
375 3465 760 3523 carnalibus
810 3465 1058 3535 causis,
1097 3470 1165 3524 et
1212 3466 1370 3540 quia
1407 3465 1899 3540 aliquantulum
1950 3465 2153 3526 habet
2186 3473 2492 3526 errantes
2541 3468 2687 3527 vias
2736 3468 2801 3527 in
2850 3469 3381 3544 cogitationibus

273 3567 441 3637 suiS,
494 3573 559 3626 et
596 3567 722 3627 hoc
754 3567 1063 3627 ostendat
1114 3568 1180 3626 in
1213 3567 1638 3627 confessione
1672 3567 2031 3628 sacerdoti.
2068 3569 2204 3644 Ego
2255 3570 2390 3628 vidi
2425 3571 2626 3629 etiam
2663 3570 2744 3631 de
2779 3586 3064 3647 corpore
3099 3572 3376 3648 Christi,

274 3671 451 3747 quod
486 3673 589 3731 vis
627 3672 741 3731 illa
774 3688 946 3748 quae
982 3673 1047 3730 in
1083 3678 1348 3730 uterum
1387 3672 1676 3745 Virginis
1710 3671 2082 3748 descendit,
2111 3674 2205 3733 ita
2235 3674 2409 3750 quod
2440 3675 2728 3735 Verbum
2755 3665 2871 3734 Dei
2897 3692 3059 3736 vera
3092 3692 3249 3737 caro
3290 3677 3383 3736 fa-

268 3778 452 3837 ctum
485 3780 609 3850 est,
663 3783 1009 3852 permanet
1045 3794 1258 3854 usque
1297 3777 1516 3850 hodie,
1573 3779 1752 3836 sicut
1787 3778 2117 3853 scriptum
2152 3786 2275 3838 est:
2316 3778 2533 3839 Filius
2577 3799 2765 3840 meus
2800 3800 2867 3839 es
2902 3788 3000 3855 tu,
3044 3799 3159 3858 eqo
3190 3783 3379 3842 hodie

261 3882 468 3956 yenui
495 3887 554 3938 te
582 3875 655 3954 ⁸).
684 3880 762 3940 Et
787 3880 1020 3939 eadem
1057 3882 1159 3938 vis
1193 3880 1274 3939 de
1312 3888 1615 3955 tempore
1653 3881 1766 3940 illo
1803 3897 1952 3940 cum
1994 3883 2284 3942 Verbum
2317 3882 2434 3942 Dei
2473 3885 2893 3943 incarnatum
2928 3891 3032 3945 est
3067 3886 3133 3945 in
3168 3886 3380 3960 Virgi-

269 4000 374 4059 ne,
427 3985 845 4060 permanebit
898 4000 1107 4060 usque
1145 3985 1209 4043 in
1259 3985 1708 4044 novissimum
1754 3984 1954 4046 diem.
1992 3986 2140 4045 Vidi
2191 3986 2389 4045 etiam
2428 3988 2604 4063 quod
2650 3988 2882 4047 eadem
2919 3991 3021 4050 vis
3072 4007 3275 4066 super
3312 3994 3375 4050 in

273 4088 424 4164 igne
457 4094 525 4148 et
557 4089 626 4149 in
662 4090 978 4150 rutilante
1011 4105 1256 4149 aurora
1298 4097 1596 4166 apparet.
1646 4091 1725 4151 Et
1757 4092 1873 4167 qui
1911 4093 1974 4151 in
2009 4099 2201 4153 utero
2243 4093 2528 4169 Virginis
2577 4110 2845 4155 carnem
2882 4099 2949 4156 et
2983 4099 3373 4175 sanguinem

272 4190 452 4267 fecit,
507 4194 619 4253 ille
656 4194 859 4253 etiam
895 4194 960 4252 in
1009 4194 1208 4253 altari
1243 4210 1482 4270 panem
1516 4201 1584 4255 et
1631 4195 1856 4255 vinum
1893 4196 2026 4255 alio
2076 4197 2273 4256 modo
2319 4213 2589 4257 carnem
2637 4205 2704 4258 et
2739 4201 3136 4276 sanguinem
3187 4201 3370 4264 facit.

269 4299 456 4360 Nunc
503 4306 729 4360 autem
762 4299 958 4360 video
1005 4306 1073 4360 et
1107 4305 1170 4360 te
1206 4301 1272 4361 in
1321 4301 1698 4362 elevatione
1738 4316 2054 4361 manuum
2103 4307 2374 4364 tuarum
2410 4306 2700 4365 similem
2750 4307 3208 4370 vicissitudini
3257 4327 3375 4372 nu-

265 4404 453 4464 bium
504 4408 777 4479 propter
809 4405 1208 4465 varietatem
1261 4405 1623 4465 multarum
1658 4406 2168 4481 cogitationum,
2223 4409 2316 4467 ita
2350 4409 2528 4486 quod
2575 4410 2933 4487 aliquando
2967 4412 3258 4475 dubitas,
3295 4415 3375 4475 Et

269 4507 396 4566 hoc
428 4504 712 4567 dimitte.
763 4505 926 4566 Vide
961 4509 1120 4585 quis·
1150 4509 1261 4568 ille
1313 4509 1424 4581 sit,
1463 4509 1578 4586 qui
1616 4525 1820 4585 opera
1854 4526 1977 4570 sua
2013 4511 2078 4570 in
2128 4511 2326 4571 altari
2376 4520 2715 4588 operatur.
2751 4515 2832 4575 Et
2879 4517 3035 4592 quis
3069 4523 3173 4579 est
3222 4519 3373 4592 iste,

266 4610 384 4688 qui
420 4609 586 4670 haec·
622 4610 954 4670 mirabilia
990 4613 1222 4686 posset
1252 4611 1604 4672 enarrare?
1637 4611 1803 4672 Cum
1837 4613 1936 4672 sic
1986 4615 2388 4690 simpliciter
2437 4617 2719 4693 cogitaS‚
2757 4618 2952 4679 video
3002 4626 3067 4679 te
3102 4636 3364 4696 purum,

268 4716 447 4776 sicut
481 4716 716 4788 solem,
753 4722 820 4776 et
854 4716 1261 4776 sacrificium
1299 4724 1482 4776 tuum
1519 4715 1652 4774 Deo
1687 4716 1931 4791 placet,
1970 4720 2172 4794 atque
2207 4719 2495 4778 animam
2535 4723 2720 4781 tuam
2754 4722 3086 4785 liberabit.

351 4903 395 4966 ¹)
433 4901 867 4959 cirstercienscs
894 4904 1222 4967 monachos,
1252 4901 1498 4957 maxime
1528 4901 1583 4955 in
1614 4900 1783 4963 Ebra.
1873 4904 2305 4974 risTheologiae
2335 4906 2606 4962 trutinam
2638 4909 2973 4980 reponenda.
3005 4909 3155 4977 Quid
3183 4910 3279 4968 bic
3303 4912 3373 4969 de

271 5005 402 5045 cum
435 4987 652 5045 foveret
682 4988 1064 5058 Hildegardis‚
1097 4988 1354 5057 indulget
1384 5004 1494 5043 non
1517 4988 1663 5042 nihil
1691 5004 1785 5043 cu·
1874 4986 2128 5056 Eugenio
2169 5006 2307 5063 papa
2340 4993 2533 5056 lateat,
2560 4993 2691 5063 quis
2728 4993 3117 5049 divinabitur?
3142 4996 3373 5053 Stamus

272 5076 424 5132 rioso
453 5075 537 5131 illi
569 5075 874 5144 [ludigero.
905 5090 1086 5145 neque
1116 5074 1369 5129 abstinet
1397 5089 1454 5128 sc
1492 5074 1562 5128 ab
1589 5089 1787 5129 excur·
1881 5076 2092 5132 interea
2119 5076 2269 5131 intra
2290 5093 2338 5132 a.
2371 5081 2777 5133 11454153.-
2799 5079 2845 5140 ²)
2866 5079 2953 5134 Ps.
2975 5078 3179 5143 xcm.
3203 5087 3282 5138 ¹2.
3306 5116 3375 5125 —

269 5179 335 5218 su
365 5162 434 5216 ad
461 5161 665 5216 altiora
708 5159 1120 5216 incarnationis
1147 5164 1203 5215 et
1242 5159 1640 5216 Eucharistiae
1667 5176 1787 5232 my-
1877 5159 1921 5222 ³)
1950 5160 2038 5215 Ps.
2074 5160 2148 5223 ΙΙ,
2182 5166 2229 5215 7.

271 5250 470 5311 steria.
510 5266 653 5320 quae
691 5258 855 5306 caute
897 5249 1130 5317 legenda
1170 5254 1304 5303 sunt
1342 5255 1399 5303 et
1437 5248 1507 5301 ad
1543 5251 1786 5302 severio-

3039 5344 3080 5385 a
