4036 6117
1317 509 1557 555 Lmen
1617 509 1820 554 vira-3
1878 506 2354 553 MER1TORUM
3226 492 3306 555 41

274 621 405 687 Deo
438 626 760 700 existenS,
797 626 1016 686 omnia
1054 627 1117 684 in
1149 624 1283 686 Deo
1312 627 1493 703 juste
1527 626 1869 702 dijudicat.
1907 626 2057 701 Ipse
2091 625 2267 683 enim
2303 624 2637 684 hominem
2671 626 2738 684 in
2764 625 3072 684 omnibus
3101 627 3376 703 judiciis

276 731 415 789 suis
447 731 854 805 considerat,
889 738 955 791 et
1003 732 1519 806 diligentissime
1553 748 1705 791 eum
1753 732 2108 790 examinat.
2147 729 2497 788 Sodomam
2546 746 2830 806 namque
2866 737 2932 791 et
2982 733 3375 794 Gomorram

277 834 337 893 in
372 834 651 897 sufflatu
680 836 861 895 venti
896 834 1179 894 sulfurei
1215 836 1388 911 ignis
1425 836 1803 909 suffocavit,
1842 835 1957 911 qui
1994 835 2058 893 in
2095 834 2338 909 ignotis
2373 835 2668 909 peccatis
2704 843 3168 912 peccaverunt,
3207 853 3379 913 quae

272 940 351 999 de
382 946 660 1017 gutture
691 942 950 1002 Diaboli
984 947 1051 1001 et
1084 942 1356 1019 vipereo
1392 959 1576 1002 more
1609 941 2009 1013 didicerunt3
2044 940 2215 999 unde
2251 940 2454 998 etiam
2494 945 2648 998 tunc
2679 946 2918 1001 natura
2944 941 3235 1002 hominis
3267 943 3378 1002 de-

275 1045 641 1107 ridebatur.
677 1045 801 1107 Sed
834 1053 900 1106 et
950 1048 1247 1120 inflatum
1281 1048 1677 1107 muliebrem
1713 1061 1984 1105 sensum
2016 1050 2291 1121 propter
2325 1044 2840 1104 inobedientiam
2875 1063 3066 1105 suam
3100 1048 3166 1105 in
3198 1048 3379 1108 aliud

271 1165 479 1226 genus
506 1152 862 1227 convertit,
893 1157 1225 1228 quatenus
1254 1152 1320 1211 in
1346 1152 1473 1211 hoc
1502 1151 1676 1210 facto
1709 1166 1940 1210 omnes
1967 1156 2396 1226 peccatorum
2431 1164 2631 1207 casus
2665 1150 2913 1209 acriter
2945 1151 3110 1210 salsi
3144 1153 3279 1211 sint
3302 1146 3373 1230 ¹).

271 1256 725 1317 Israeliticum
757 1273 1021 1334 quoque
1054 1257 1374 1333 populum
1406 1256 1765 1333 percussit,
1803 1271 1955 1314 cum
2000 1253 2208 1313 Deum
2256 1253 2778 1329 dereliquerunt,
2815 1260 2882 1313 et
2929 1256 3088 1314 Baal
3136 1255 3371 1316 adora-

272 1368 537 1437 verunt,
591 1361 707 1422 ubi
758 1362 825 1421 in
868 1361 1358 1437 dispersionem
1404 1360 1567 1435 dati,
1623 1360 1688 1418 in
1736 1359 2012 1418 servitio
2049 1358 2320 1434 gentilis
2366 1359 2617 1434 populi,
2670 1360 2936 1419 exsules
2988 1360 3145 1421 facti
3195 1368 3373 1431 sunt,

270 1468 590 1544 quoniam
625 1474 880 1527 rectam
928 1466 1408 1526 haereditatem
1445 1481 1636 1524 suam
1684 1469 2248 1539 contempserunt.
2284 1464 2448 1522 Nam
2501 1464 2644 1539 ipse
2677 1464 3002 1524 discernit
3049 1466 3374 1542 quidquid

271 1572 790 1633 discernendum
836 1578 964 1641 est,
999 1577 1066 1631 et
1112 1570 1351 1630 dividit
1398 1569 1722 1645 quidquid
1772 1568 2202 1628 dividendum
2246 1574 2371 1627 est.
2409 1567 2732 1644 Superbia
2780 1585 3046 1645 quoque
3091 1570 3156 1628 in
3202 1570 3372 1631 duas

273 1682 498 1751 partes
532 1675 800 1749 dividit,
837 1681 904 1734 et
950 1690 1099 1734 eam
1135 1674 1465 1734 interdum
1513 1673 1873 1732 ascendere
1905 1673 2254 1748 permittit.
2291 1673 2470 1744 Quae
2519 1689 2668 1732 cum
2705 1691 2740 1733 a
2788 1673 2922 1732 Deo
2958 1675 3124 1734 nihil
3172 1691 3373 1751 quae-

272 1780 479 1855 sierit,
521 1781 645 1839 sed
678 1796 830 1839 cum
863 1780 1084 1838 omnia
1117 1794 1288 1855 quae
1336 1779 1481 1837 vult
1513 1778 1596 1838 ad
1631 1794 1702 1836 se
1737 1778 2106 1853 collegerit,
2160 1778 2342 1837 zelus
2376 1778 2635 1837 Domini
2686 1777 2950 1837 initium
2985 1779 3166 1837 illius
3215 1795 3365 1854 pro-

271 1886 531 1959 sternit,
574 1891 644 1944 et
695 1885 890 1944 finem
922 1884 1068 1960 ejus
1119 1889 1408 1958 recusat;
1448 1882 1564 1942 sed
1614 1889 1680 1941 et
1716 1883 2049 1941 luxuriam
2097 1898 2247 1940 cum
2297 1882 2646 1957 gehennali
2701 1884 2850 1958 igne
2899 1884 3252 1958 comburit,
3292 1900 3370 1943 ac

274 1988 690 2064 impietatem
722 2004 876 2046 cum
908 2004 1122 2063 poena
1153 1988 1216 2046 ei
1247 1993 1653 2061 congruente
1690 1987 2080 2045 incarcerat.
2118 1986 2387 2044 Inanem
2420 2001 2685 2061 quoque
2718 1986 3023 2061 gloriam,
3053 2003 3224 2062 quae
3258 2003 3376 2047 cor

272 2091 635 2167 superbiae
670 2097 796 2165 est,
834 2097 901 2149 et
937 2090 1313 2149 incendium
1361 2090 1644 2165 peccati,
1681 2088 1859 2165 quod
1908 2104 2025 2148 cor
2059 2088 2361 2147 luxuriae
2394 2093 2519 2162 est,
2558 2105 2635 2146 ac
2687 2088 3167 2165 infidelitatem,
3204 2106 3377 2166 quae

273 2212 381 2256 ror
416 2197 793 2272 impietatis
826 2201 952 2269 est,
1003 2195 1261 2255 duriter
1292 2195 1681 2271 prosternit,
1735 2193 2052 2269 quoniam
2085 2210 2122 2251 a
2156 2193 2288 2251 Deo
2326 2194 2517 2268 longe
2552 2193 2790 2251 remoti
2833 2200 3007 2254 sunt:
3045 2195 3160 2271 qui
3192 2196 3371 2255 enim

270 2298 469 2358 Deum
504 2300 690 2359 scire
722 2300 976 2373 nolunt,
1017 2299 1169 2358 illos
1201 2300 1406 2358 etiam
1441 2299 1583 2373 ipse
1612 2295 1662 2375 ²)
1702 2297 1767 2355 in
1800 2297 2119 2372 praemiis
2169 2295 2494 2356 bonorum
2543 2298 2827 2371 ignorat,
2864 2299 3021 2373 quia
3055 2314 3207 2358 eum
3241 2316 3370 2360 non

274 2410 634 2479 quaerunt.
685 2403 809 2463 Sed
844 2403 1116 2479 quidam
1165 2402 1467 2461 homines
1501 2401 1831 2478 quaedam
1877 2401 2045 2460 vitia
2093 2400 2563 2476 conspiciendo
2613 2402 3024 2477 osculantur,
3061 2418 3232 2478 quae
3282 2410 3380 2463 ta-

272 2524 414 2568 men
448 2511 517 2569 in
561 2515 848 2569 stratum
882 2524 1079 2568 suum
1110 2524 1241 2567 non
1274 2508 1622 2579 collocant;
1661 2506 1989 2581 quaedam
2023 2506 2227 2564 etiam
2264 2506 2777 2581 amplectuntur,
2813 2523 2966 2566 cum
3000 2509 3245 2583 quibus
3277 2516 3377 2570 ta-

272 2627 415 2672 men
449 2614 518 2672 in
561 2613 856 2688 peccatis
890 2610 1314 2687 gravioribus
1349 2627 1481 2669 non
1509 2609 1914 2686 joculantur;
1953 2608 2282 2685 quaedam
2315 2615 2538 2667 autem
2573 2611 3096 2684 cogitationibus
3130 2618 3198 2671 et
3230 2628 3378 2672 ver-

274 2714 370 2774 bis
401 2716 708 2792 capiunt,
745 2730 916 2791 quae
965 2719 1187 2773 tamen
1220 2714 1288 2772 in
1320 2713 1636 2789 operibus
1684 2729 1813 2772 non
1847 2719 2238 2787 sequuntur.
2277 2712 2413 2770 Hos
2448 2728 2678 2772 omnes
2729 2714 2912 2773 zelus
2944 2714 3206 2775 Domini
3241 2733 3379 2776 om-

271 2819 417 2880 nino
467 2837 612 2880 non
645 2819 886 2894 perdit,
939 2818 1055 2877 sed
1090 2834 1210 2893 per
1258 2818 1484 2877 varias
1536 2834 1786 2892 poenas
1836 2833 2119 2892 cuprum
2151 2815 2236 2875 ab
2270 2818 2369 2875 eis
2404 2818 2634 2877 elimat
2663 2812 2738 2896 ³).
2774 2818 2898 2888 Qui
2941 2824 3167 2877 autem
3199 2820 3382 2879 vitae

268 2922 684 2983 desiderium
731 2921 953 2996 habet,
992 2920 1059 2979 in
1091 2920 1206 2979 illo
1241 2919 1447 2981 verba
1480 2919 1646 2980 haec
1678 2920 2029 2996 percipiat,
2066 2935 2146 2978 ac
2180 2934 2259 2978 ea
2295 2918 2360 2978 in
2403 2919 2685 2979 interius
2735 2918 3119 2980 cubiculum
3152 2920 3376 2981 cordis

272 3028 370 3090 sui
404 3026 754 3089 recondat.

359 3131 466 3192 89.
502 3130 596 3191 Et
627 3130 766 3189 vidi
799 3129 1157 3206 quamdam
1190 3130 1684 3192 multitudinem
1720 3131 2164 3206 malignorum
2201 3131 2559 3206 spirituum
2593 3146 2671 3189 ex
2706 3130 2812 3191 his
2845 3148 3016 3207 quos
3051 3133 3234 3192 zelus
3258 3131 3385 3192 Do-

273 3236 428 3302 mini
463 3241 660 3297 recto
687 3234 939 3311 judicio
988 3234 1069 3295 de
1101 3236 1287 3294 coelo
1334 3235 1708 3311 projecerat
1738 3231 1812 3313 ⁴);
1864 3240 1931 3294 et
1964 3251 2134 3310 quos
2169 3234 2434 3294 Lucifer
2482 3251 2711 3294 secum
2753 3235 2835 3294 ad
2883 3237 3190 3312 poenalia
3227 3237 3375 3297 loca

273 3348 597 3416 traxerat,
634 3357 754 3418 per
799 3346 1016 3400 totum
1048 3339 1278 3401 orbem
1327 3345 1661 3400 terrarum
1695 3341 1867 3426 inter
1915 3340 2219 3399 homines
2267 3338 2604 3414 diffusam,
2657 3345 2723 3398 et
2759 3341 2826 3398 in
2857 3341 2957 3399 eis
3005 3342 3377 3418 nequitiam

273 3463 462 3508 suam
493 3449 996 3519 exagerantem.
1030 3443 1110 3503 Et
1144 3444 1500 3503 multitudo
1537 3444 1823 3503 istorum
1860 3443 2363 3503 innumerabilis
2398 3449 2564 3519 erat,
2604 3449 2671 3502 et
2706 3439 3213 3506 innumerabilis
3245 3452 3375 3520 est,

274 3567 389 3611 nec
422 3551 554 3611 ulli
604 3549 735 3609 nisi
771 3548 899 3610 soli
944 3548 1079 3607 Deo
1113 3548 1400 3623 cognita.
1453 3546 1575 3606 Sed
1610 3553 1677 3606 et
1727 3549 1837 3608 isti
1887 3547 1969 3608 ad
2018 3548 2345 3624 plurimas
2395 3547 2842 3607 adversitates
2893 3548 3236 3609 hominum
3281 3549 3379 3610 di-

275 3655 492 3732 spersi
529 3659 745 3728 erant,
783 3653 877 3713 ita
908 3653 1084 3729 quod
1119 3653 1580 3728 unusquisque
1629 3669 1883 3727 eorum,
1922 3654 2288 3713 secundum
2339 3653 2606 3712 modum
2656 3654 2993 3730 nequitiae
3043 3673 3228 3732 suae,
3268 3657 3383 3717 ho-

278 3760 570 3819 minibus
623 3758 899 3817 insidias
947 3758 1132 3833 ponit
1178 3764 1247 3817 et
1295 3758 1670 3818 insidiatur.
1719 3758 1799 3818 Et
1832 3758 2163 3835 quosdam
2212 3759 2497 3818 istorum
2543 3759 2704 3834 vidi,
2755 3762 2870 3836 qui
2916 3778 3150 3823 omnes
3197 3764 3376 3840 quod

274 3862 541 3922 Lucifer
573 3861 739 3921 nulli
772 3860 1117 3936 subjectus
1164 3877 1316 3920 esse
1348 3861 1588 3920 debeat
1620 3861 1887 3920 domino
1921 3856 1993 3940 ⁵),
2032 3861 2592 3922 vociferabantur.
2628 3862 2749 3922 Isti
2781 3863 2958 3923 enim
2993 3865 3373 3927 hominibus

277 3984 577 4030 amorem
610 3967 864 4027 saeculi
898 3965 1278 4041 ostendunt,
1315 3973 1382 4028 et
1413 3982 1529 4025 eos
1566 3965 1647 4025 ad
1683 3981 1978 4026 amorem
2009 3966 2156 4044 ejus
2190 3966 2503 4026 anhelare
2537 3967 2962 4042 persuadent.

1699 4179 1960 4241 LXXVI.

1249 4390 1671 4466 Supplicium
1720 4397 2093 4450 amatorum
2142 4392 2409 4454 saeculi.

363 4601 474 4662 90.
526 4601 608 4660 Et
639 4616 794 4660 ecce
841 4599 1010 4660 duos
1047 4600 1232 4675 ignes
1280 4599 1440 4671 vidi,
1494 4615 1779 4675 quorum
1827 4600 1999 4658 alter
2046 4600 2381 4660 flammam
2429 4601 2770 4677 pallidam,
2823 4602 2995 4661 alter
3045 4604 3379 4667 flammam

285 4705 723 4767 rubicundam
773 4704 1080 4765 habebat.
1129 4705 1208 4764 Et
1242 4706 1350 4764 ille
1384 4706 1497 4780 qui
1534 4706 1865 4763 flammam
1900 4705 2217 4780 pallidam
2255 4705 2509 4780 habuit,
2555 4708 2898 4767 vermibus
2932 4710 3226 4786 carebat;
3265 4713 3377 4772 ille

355 4908 503 4976 ¹)Cs.
522 4913 782 4981 respectu
805 4908 875 4963 ad
892 4907 1064 4965 Marc.
1085 4907 1190 4971 lx
1207 4909 1436 4973 ata—2)
1458 4912 1569 4982 ipso
1589 4923 1699 4965 om.
1720 4906 1787 4963 Α.
1870 4924 1967 4980 per
2016 4913 2202 4964 totum
2247 4908 2423 4964 medii
2461 4907 2586 4964 aevi
2625 4907 2976 4965 curriculum
3015 4917 3280 4966 mearunt
3318 4911 3381 4967 in

354 4998 400 5062 ³)
428 4995 798 5055 ElimimtA.
859 4995 967 5063 -·⁴)
994 4994 1223 5051 Tertius
1252 4994 1456 5064 gradus
1481 5000 1567 5050 est
1594 4994 1794 5050 vatici-
1871 4996 2023 5051 varia
2073 4997 2315 5059 theatra,
2362 5012 2539 5066 usque
2585 4994 2654 5050 ad
2698 4994 3119 5064 Aligherianam
3167 4985 3378 5054 comoe-

292 5082 393 5144 nii.
423 5084 483 5139 in
508 5100 624 5160 quo
649 5030 1004 5159 prophetissa
1032 5082 1175 5138 solet
1199 5096 1381 5138 mores
1405 5080 1794 5139 tremefacien-
1868 5083 2039 5144 diam,
2081 5083 2245 5154 cujus
2285 5080 2521 5137 fortasse
2563 5079 2751 5148 ignota
2792 5080 2886 5137 hic
2920 5081 3232 5138 habemus
3217 5099 3377 5139 incu-

287 5167 359 5224 do
391 5167 692 5239 castigare.
728 5168 1003 5225 horrenda
1028 5168 1257 5226 excit-ns
1283 5169 1622 5240 spectacula,
1650 5183 1792 5240 quae
1870 5168 2093 5224 nabula.
2128 5201 2194 5209 --
2219 5168 2555 5235 ⁵)Dominus
2579 5166 2648 5232 Α,
2680 5168 2770 5224 W.
3271 5186 3280 5194 ·

3133 5270 3172 5309 ἢ
