4036 6117
1336 528 1801 579 ems-romanu
1849 528 2028 577 Nova
2078 529 2326 578 sannas.
3172 509 3300 570 523

273 679 570 740 pannum
618 665 814 740 colet,
852 669 920 726 et
967 664 1226 725 modice
1259 670 1326 724 et
1372 683 1502 725 non
1535 666 1617 725 ad
1668 665 2141 726 sufficientiam
2174 681 2306 725 non
2348 663 2638 740 jeJunus,
2677 661 2794 723 sed
2831 678 3118 739 pransus
3152 660 3358 722 bibat.

274 754 499 814 Salvia
533 756 709 815 enim
759 755 1060 815 interiori
1099 753 1357 813 feditati
1390 753 1746 815 humorum
1783 754 2062 827 resistit,
2093 756 2321 814 vinum
2356 758 2577 812 autem
2606 767 2758 812 cum
2786 752 3124 812 suavitate
3149 764 3364 827 aquae

276 850 722 990 tiemperatum
760 845 1096 904 infirmum
1132 844 1335 903 istum
1369 843 1703 904 refocillat
1734 851 1801 904 et
1834 842 2192 917 confortat,
2230 841 2652 902 bonmoleum
2688 855 2848 901 vero
2890 844 3007 900 aut
3050 839 3366 915 butyrum

279 931 296 989 i
333 932 469 991 lum
507 934 790 992 interius
826 938 1041 993 sanat.

1319 1126 1492 1186 Item
1524 1127 1604 1187 de
1639 1127 1981 1204 sanquine.
2022 1125 2095 1205 (f.
2135 1122 2315 1205 154.)

369 1335 433 1393 Si
473 1335 749 1411 sanguis
788 1336 852 1395 in
885 1335 1152 1396 homine
1188 1335 1385 1396 malis
1418 1342 1484 1395 et
1516 1335 1795 1413 aquosis
1828 1336 2225 1397 humoribus
2258 1337 2614 1411 excitatuS,
2650 1350 2772 1413 per
2805 1335 3181 1412 posteriora
3213 1334 3360 1394 eius

271 1438 427 1481 cum
482 1424 825 1499 egestione
858 1425 1162 1484 ciborum
1210 1423 1485 1484 effluere
1518 1426 1794 1501 ceperit,
1848 1425 1962 1484 ille
1995 1441 2148 1485 eum
2182 1441 2312 1484 non
2364 1426 2747 1501 restringat,
2799 1424 2976 1501 quod
3026 1424 3366 1500 purgatio-

275 1528 424 1570 nem
461 1514 523 1571 ei
557 1511 779 1582 affert,
817 1516 883 1573 et
929 1514 1245 1589 quoniam
1276 1513 1336 1571 ei
1373 1529 1491 1588 pro
1534 1514 1931 1589 purgatione
1978 1519 2103 1574 est.
2156 1514 2279 1574 Sed
2330 1516 2387 1573 si
2438 1530 2642 1590 supra
2691 1513 2959 1574 modum
3002 1512 3175 1572 idem
3211 1526 3364 1570 cum

269 1602 618 1675 egestione
664 1616 784 1676 per
814 1618 966 1661 eum
1016 1602 1282 1676 transit,
1319 1602 1835 1677 gamandraeam
1880 1598 1914 1678 l
1922 1603 2272 1664 Teucriam
2320 1603 2777 1681 chamaedrys,
2828 1600 2928 1680 L.)
2964 1599 3262 1662 oleribus
3296 1604 3364 1658 et

273 1689 434 1748 aliis
469 1691 660 1749 bonis
696 1689 997 1750 herbulis
1029 1689 1249 1765 addat,
1285 1706 1366 1750 ex
1399 1691 1643 1766 quibus
1679 1692 1904 1751 cibum
1939 1690 2163 1766 faciat,
2193 1696 2261 1751 et
2296 1691 2388 1752 ita
2421 1690 2729 1751 eumdem
2762 1690 2986 1751 cibum
3020 1689 3361 1750 moderate

270 1778 601 1853 comedat;
653 1783 720 1839 et
751 1779 1200 1854 gamandraea
1244 1779 1660 1854 praedictum
1713 1780 2106 1855 sanguinem
2158 1780 2424 1855 minuit,
2474 1786 2542 1840 et
2575 1795 2729 1840 eum
2762 1780 3134 1855 restringit3
3172 1777 3357 1839 olera

270 1872 501 1926 autem
534 1873 604 1927 et
635 1867 809 1928 aliae
843 1867 1090 1928 herbae
1121 1882 1275 1927 eum
1308 1867 1710 1929 refocillant.

1247 2058 1417 2118 Item
1452 2059 1533 2118 de
1566 2059 2035 2135 haemoptoica,
2075 2056 2380 2138 (ibidem)

358 2269 428 2329 Si
476 2284 554 2328 ex
587 2268 1033 2330 amaritudine
1066 2268 1291 2329 cordis
1325 2270 1391 2329 et
1423 2269 1901 2345 cogitationum
1938 2269 2126 2343 splen
2159 2271 2228 2329 et
2259 2269 2485 2345 pulmo
2521 2270 2811 2331 hominis
2846 2268 3224 2342 laeduntur,
3262 2268 3356 2329 ita

269 2358 451 2435 quod
501 2358 695 2419 homo
750 2357 818 2417 in
867 2357 973 2418 his
1009 2359 1289 2418 interius
1336 2374 1726 2434 oppressuS,
1786 2357 2182 2432 sanguinem
2229 2373 2544 2420 excreare
2592 2365 2659 2419 et
2705 2374 3017 2419 evomere
3065 2357 3354 2433 cogitur,

267 2446 575 2507 eamdem
608 2446 1035 2506 emissionem
1073 2447 1420 2522 sanguinis
1458 2448 1522 2506 in
1556 2463 1628 2506 se
1663 2452 1932 2521 repente
1968 2462 2099 2505 non
2137 2447 2521 2524 restringat,
2557 2464 2638 2507 ne
2675 2446 2825 2521 inde
2859 2447 3141 2507 interius
3175 2446 3359 2506 exul-

269 2542 561 2609 ceratuS,
612 2537 1000 2611 sanguinem
1037 2536 1250 2611 magis
1298 2541 1365 2595 et
1398 2535 1613 2610 magis
1661 2541 1949 2608 evomat,
1987 2534 2105 2594 sed
2155 2551 2307 2596 cum
2354 2536 2526 2595 idem
2575 2536 2869 2597 vomitus
2906 2535 3252 2611 sanguinis
3287 2535 3356 2594 in

262 2641 348 2686 eo
396 2624 783 2701 aliquandiu
831 2625 1225 2698 cessaverit,
1264 2624 1330 2683 in
1362 2624 1602 2700 pollice
1651 2623 1962 2683 dexterae
1998 2639 2235 2683 manus
2276 2625 2666 2700 sanguinem
2703 2626 2981 2699 minuat,
3019 2630 3354 2701 quatenus

268 2714 545 2790 sanguis
583 2714 754 2861 {nuo
788 2714 1038 2789 tendat,
1075 2714 1190 2789 qui
1241 2714 1305 2772 in
1339 2713 1616 2773 sinistra
1663 2717 1853 2789 parte
1888 2712 2178 2772 hominis
2227 2712 2531 2773 cumdem
2568 2713 2867 2775 dolorem
2899 2713 3118 2788 affert,
3154 2719 3222 2772 et
3257 2712 3357 2771 sic

270 2803 382 2862 ille
417 2818 579 2862 cura
631 2803 785 2863 itur.

1298 2996 1468 3056 Item
1500 2997 1580 3056 de
1625 2996 1967 3073 sanquine.
2009 2992 2314 3076 (ibidem)

353 3205 422 3265 Si
456 3220 576 3280 per
610 3205 955 3266 tristitiam
993 3204 1346 3266 interiores
1374 3205 1657 3265 venulae
1693 3205 1757 3264 in
1793 3203 2059 3263 homine
2086 3205 2177 3264 ita
2205 3204 2776 3279 constringuntur,
2804 3202 2982 3280 quod
3010 3201 3122 3262 ille
3150 3203 3351 3263 inter-

261 3294 426 3353 dum
453 3294 840 3369 sanguinem
873 3295 1146 3368 evomit,
1184 3294 1491 3353 eumdem
1526 3293 1916 3369 sanguinem
1955 3293 2361 3367 restringere
2387 3308 2515 3351 non
2548 3292 2839 3368 festinet3
2877 3291 2995 3352 sed
3031 3291 3098 3351 in
3129 3291 3354 3368 quiete

266 3385 338 3441 et
387 3383 450 3441 in
500 3383 763 3443 silentio
811 3384 1163 3457 sustineat,
1201 3382 1572 3459 usquedum
1603 3397 1724 3457 per
1758 3397 1830 3442 se
1865 3383 1932 3441 in
1969 3381 2111 3457 ipso
2140 3379 2213 3459 (f.
2250 3380 2406 3459 155)
2451 3382 2694 3455 cesset,
2741 3396 2822 3440 ne
2856 3381 2913 3441 si
2947 3385 3218 3456 repente
3252 3394 3354 3440 re-

265 3471 617 3619 stringereJ
634 3473 995 3546 curaverit,
1036 3471 1184 3532 inde
1216 3472 1440 3548 potius
1484 3470 1792 3531 laedatur
1823 3486 2024 3547 quam
2053 3470 2347 3546 juvetur,
2385 3469 2561 3546 quod
2602 3468 2877 3530 effluere
2924 3469 3189 3531 tandem
3238 3485 3358 3546 per

266 3574 345 3619 se
379 3575 571 3619 cessa
619 3558 692 3621 it.

356 3647 466 3707 fol.
506 3648 610 3709 23.
652 3648 1148 3726 conqreyationi
1182 3651 1685 3712 Andarnacensi
1718 3649 2164 3728 Hildeqardis.
2200 3648 2445 3710 Patrol.
2482 3648 2608 3709 col.
2649 3648 2803 3708 337.

1657 3858 1957 3920 XXXVII.

1137 4052 1304 4114 Item
1354 4051 1694 4114 Friderico
1739 4055 1879 4131 reyi
1926 4047 1972 4133 ¹)
2025 4053 2468 4131 Hildeyardis.

326 4233 614 4294 Timorem
643 4237 742 4295 Dei
769 4255 935 4295 coeco
961 4245 1019 4295 et
1045 4238 1343 4312 insipienti
1370 4257 1440 4296 ex
1464 4240 1777 4297 ambitione
1805 4239 2133 4313 imperatori
2160 4239 2432 4310 suggerit.

360 4372 470 4433 fol.
509 4374 612 4435 25.
663 4374 714 4436 O
749 4387 884 4450 rex,
938 4374 1131 4436 valde
1175 4392 1457 4436 necesse
1505 4382 1612 4436 est
1675 4376 1741 4436 in
1800 4376 2029 4437 causis
2078 4377 2213 4436 tuis
2263 4382 2335 4437 ut
2382 4376 2701 4454 providus
2749 4378 2869 4439 sis.
2920 4378 3123 4439 Video
3171 4380 3349 4440 enim

264 4480 333 4535 te
371 4477 432 4536 in
485 4479 764 4554 mystica
811 4479 1070 4540 visione
1117 4480 1304 4540 velut
1348 4480 1703 4556 parvulum
1746 4481 1814 4541 et
1858 4481 2044 4540 velut
2094 4480 2324 4540 insane
2373 4480 2703 4542 viventem
2752 4491 2907 4544 ante
2957 4486 3152 4546 vivos
3198 4502 3354 4547 ocu·

267 4577 395 4638 los,
431 4579 557 4639 Sed
607 4586 828 4641 tamen
861 4582 1071 4643 habes
1103 4582 1322 4644 adhuc
1373 4588 1636 4658 tempus
1672 4583 1991 4659 regnandi
2028 4583 2095 4643 in
2142 4585 2429 4644 terrenis
2473 4586 2794 4647 materiis.
2847 4587 3024 4648 Cave
3055 4604 3217 4665 ergo
3268 4605 3348 4650 ne

263 4682 734 4746 summus'rex
783 4694 1168 4763 prosternat
1215 4694 1281 4748 te
1320 4692 1594 4763 propter
1640 4688 2035 4747 coecitatem
2084 4688 2433 4749 oculorum
2481 4685 2771 4766 tuorum,
2822 4692 2937 4768 qui
2985 4709 3115 4752 non
3167 4700 3349 4754 recte

343 4869 388 4937 ¹)
410 4870 607 4928 Altera
637 4877 725 4929 est
747 4873 814 4928 ad
836 4874 1095 4931 eumdem
1128 4874 1524 4947 imperatorem
1561 4874 1769 4947 episto·
1858 4876 2130 4935 similiter
2165 4882 2225 4934 et
2259 4893 2452 4951 aspera
2497 4879 2776 4935 brevitate
2821 4879 3080 4948 insignis.
3120 4881 3198 4936 At
3236 4896 3350 4936 non

268 4958 347 5021 la.
381 4956 533 5013 inter
555 4958 679 5015 edd.
709 4958 953 5024 xxvn,
981 4960 1050 5017 de
1074 4977 1183 5032 qua
1216 4962 1511 5035 disputant
1547 4961 1770 5017 Bollan-
1858 4963 2338 5019 dissimulandum
2378 4964 2484 5020 hoc
2526 4964 2853 5035 epistolium
2898 4963 3175 5021 xxxvn
3216 4967 3350 5023 laci-

269 5040 457 5098 distae
477 5041 535 5099 in
550 5049 851 5102 comment.
871 5060 926 5103 n.
949 5049 1036 5110 ⁴2,
1054 5051 1144 5111 53,
1162 5047 1359 5104 Nostra
1381 5055 1570 5105 autem
1587 5052 1769 5107 multo
1857 5050 2008 5107 niam
2050 5050 2230 5107 videri
2264 5068 2331 5107 ex
2370 5049 2537 5122 epist.
2568 5050 2717 5106 edita
2744 5056 3087 5123 excerptam,
3127 5056 3349 5122 praeter

271 5126 503 5185 brevior
526 5130 676 5187 haud
702 5132 882 5202 magis
914 5135 1119 5193 mutila
1146 5135 1399 5199 videtur,
1439 5153 1606 5209 quam
1634 5140 1771 5195 alte·
1858 5137 2116 5200 initium,
2138 5136 2232 5193 sed
2258 5150 2386 5193 cum
2411 5135 2683 5192 varietate
2707 5140 2765 5191 et
2790 5134 3184 5191 emendatione
3210 5151 3348 5192 non·

273 5229 335 5268 ra
362 5230 490 5272 mox
517 5218 846 5290 proferenda
873 5222 982 5277 sub
1015 5237 1170 5278 num.
1201 5221 1486 5288 cxxvn,
1517 5223 1768 5281 laconica
1861 5225 2039 5282 nulla.
