4036 6117
750 445 878 504 569.
1902 462 1951 505 s,
2005 460 2556 508 nii.ni=:oAnnis

2090 687 2357 746 cxxix.

1779 878 1843 936 N
1844 923 2264 938 .......
2319 877 2460 955 (foi.
2505 879 2663 953 104)

749 1069 1031 1127 Clericum
1058 1065 1404 1125 monasterio
1430 1069 1714 1138 paratum.
1743 1079 1772 1117 a
1801 1062 2026 1118 saeculo
2049 1064 2392 1134 quantocius
2421 1063 2614 1135 sugere
2641 1064 2860 1120 suadet.

767 1211 947 1270 Luna
994 1206 1196 1274 cadit,
1231 1206 1298 1264 et
1345 1218 1527 1262 mors
1560 1201 1826 1262 occidit:
1880 1203 2152 1277 propria
2202 1202 2513 1262 voluntas
2565 1203 2889 1262 interimit
2938 1202 3301 1263 vendentes
3350 1219 3515 1262 oves
3548 1206 3617 1261 et
3668 1202 3781 1260 bo-

676 1332 824 1385 veS,
858 1302 977 1389 per
1004 1311 1337 1386 jacturam
1376 1307 1616 1366 mentis
1659 1311 1835 1378 tuae,
1893 1305 1955 1364 in
2004 1305 2321 1365 clamanti
2373 1321 2536 1365 voce
2577 1307 2979 1381 perficiendo
3028 1308 3285 1367 nociva.
3336 1306 3543 1378 Luna,
3597 1305 3774 1381 quod

677 1420 748 1478 tu
799 1411 1169 1475 saecularis
1205 1409 1417 1482 fuisti,
1467 1414 1534 1467 et
1566 1406 1903 1466 desideria
1952 1409 2065 1466 tua
2102 1414 2477 1468 annuerunt
2527 1411 2845 1483 peccatiS,
2899 1410 2996 1470 uti
3041 1410 3335 1470 voluisti.
3386 1409 3773 1468 Saecularia

678 1520 953 1593 vadunt,
1004 1517 1180 1577 mala
1213 1512 1547 1575 desideria
1596 1512 1932 1584 occidunt,
1968 1518 2244 1586 peracta
2294 1529 2501 1587 prava
2544 1529 2747 1589 opera
2799 1516 2862 1573 in
2900 1515 3240 1573 interitum
3278 1513 3551 1574 vadunt.
3588 1513 3771 1572 Nunc

681 1626 865 1702 aperi
899 1623 1149 1683 ostium
1186 1619 1427 1679 mentis
1462 1621 1614 1677 tuae
1648 1631 1768 1692 per
1802 1616 2219 1691 patientiam,
2255 1622 2322 1675 et
2357 1632 2523 1675 voca
2556 1616 2907 1675 Dominum
2936 1618 3421 1692 operariorum,
3451 1623 3520 1676 et
3553 1624 3777 1676 osten-

677 1731 759 1790 de
794 1736 860 1789 te
895 1729 991 1788 illi
1024 1728 1271 1787 dicens:
1299 1726 1484 1784 Nova
1515 1730 1582 1783 et
1614 1728 1846 1782 vetera
1881 1722 2233 1798 dereliqui.
2268 1721 2565 1783 Primum
2604 1729 2832 1784 votum
2863 1725 3070 1784 iniisti
3105 1723 3554 1795 dormitando,
3594 1722 3773 1782 aliud

679 1832 1032 1907 incoepisti
1081 1846 1236 1891 cum
1268 1827 1601 1888 lambente
1652 1825 1953 1886 infantia.
1990 1827 2173 1886 Tunc
2221 1827 2435 1887 erexit
2470 1842 2542 1885 se
2591 1842 2780 1886 mens
2810 1833 2931 1886 tua
2978 1828 3045 1886 in
3078 1829 3389 1904 opinione
3423 1828 3629 1904 primi
3663 1844 3772 1885 an-

680 1936 835 2012 geli,
888 1932 1066 2010 quod
1101 1931 1425 2007 magister
1455 1945 1646 1991 esses
1681 1935 1886 2006 retr0‚
1923 1936 1992 1989 et
2024 1945 2155 1990 non
2188 1934 2342 1989 ante
2388 1928 2627 1989 faciem
2667 1929 2806 1990 Dei.
2842 1931 2915 1989 In
2944 1931 3163 2005 primo
3196 1938 3354 1991 voto
3392 1931 3771 2007 incoepisti,

679 2048 747 2103 et
780 2037 964 2101 aliud
996 2037 1364 2115 perfecisti,
1403 2034 1580 2095 sicut
1612 2041 1809 2094 vetus
1843 2040 1911 2094 et
1941 2051 2116 2094 nova
2147 2034 2277 2093 Lex
2312 2049 2517 2094 unum
2555 2041 2733 2093 sunt.
2769 2034 2913 2094 Hoc
2951 2035 3075 2094 tibi
3107 2050 3237 2095 non
3281 2035 3573 2095 nocebit.
3611 2035 3769 2093 Cum

682 2144 863 2205 omni
896 2142 1254 2203 devotione
1289 2140 1593 2215 relinque
1624 2138 1820 2197 noxia
1854 2137 2152 2213 pondera
2185 2153 2359 2214 quae
2395 2138 2515 2198 tibi
2548 2138 2792 2198 electio
2825 2138 2943 2198 Dei
2976 2155 3104 2199 non
3136 2138 3273 2198 dat.
3309 2138 3406 2198 Tu
3439 2154 3518 2198 es
3551 2139 3771 2199 mollis

682 2258 885 2326 terra,
915 2266 1116 2328 quam
1152 2253 1452 2308 aratrum
1486 2246 1884 2306 subvertere
1916 2244 2137 2315 debet,
2181 2243 2309 2303 boc
2341 2247 2447 2304 est
2480 2245 2881 2305 obedientia:
2929 2246 2988 2305 si
3021 2261 3151 2305 non
3187 2245 3253 2305 in
3288 2245 3579 2319 ligatura
3616 2242 3773 2302 fuis-

682 2374 817 2432 seS,
853 2368 1119 2430 semper
1168 2352 1234 2411 in
1266 2349 1552 2410 errando
1600 2364 1813 2408 esses,
1849 2348 2053 2423 Fuge,
2106 2346 2283 2423 fuge,
2332 2349 2486 2424 fuge
2538 2355 2820 2409 mortem
2856 2350 3209 2417 moriendi,
3259 2352 3327 2409 et
3358 2350 3545 2424 erige
3596 2326 3658 2408 te
3692 2348 3771 2405 ad

680 2462 915 2532 vitam,
951 2463 1019 2518 et
1050 2456 1224 2516 Deus
1259 2454 1545 2529 suscipit
1580 2455 1667 2526 te,
1704 2457 1773 2510 et
1809 2468 2077 2511 manum
2114 2452 2238 2513 tibi
2271 2454 2578 2528 porrigit.
2628 2454 2841 2514 Locus
2879 2457 3005 2513 iste
3041 2455 3105 2513 in
3139 2471 3270 2530 quo
3305 2454 3585 2528 dormiS,
3622 2454 3774 2512 Ber-

685 2567 885 2627 sabee
917 2566 1023 2623 est
1055 2560 1325 2633 similiS,
1361 2573 1492 2616 non
1525 2556 1734 2616 Deum
1766 2556 2130 2631 tangendo,
2166 2556 2283 2615 sed
2320 2557 2403 2616 ab
2441 2557 2587 2631 ipso
2626 2557 2959 2631 fugiendo

2115 2764 2351 2823 CXXX.

1944 2957 2011 3017 N
2011 3003 2499 3019 ........

754 3155 1034 3216 Clericum
1059 3152 1295 3223 ejusque
1324 3152 1627 3218 cognatum
1655 3148 1840 3213 urget,
1871 3149 1933 3198 ut
1961 3144 2271 3200 claustrum
2300 3150 2514 3216 petant.

773 3297 1112 3377 Sapientia
1143 3289 1188 3373 ¹)
1229 3293 1358 3353 ista
1394 3291 1601 3350 verba
1652 3305 1754 3348 me
1788 3289 2039 3361 docuit,
2091 3289 2358 3374 vidente
2409 3292 2630 3349 anima
2682 3291 2746 3350 in
2782 3309 2911 3351 non
2960 3293 3254 3353 extincta
3289 3309 3448 3353 vera
3497 3294 3771 3354 visione.

680 3407 789 3467 Sol
839 3407 1042 3464 micat
1077 3403 1145 3461 in
1185 3400 1385 3461 corde
1419 3400 1556 3471 tu0‚
1607 3411 1727 3472 per
1759 3392 2167 3454 desiderium
2205 3395 2494 3470 optionis
2534 3396 2594 3454 in
2632 3413 2763 3471 qua
2797 3398 2934 3456 vita
2972 3414 3463 3473 progressurus
3500 3400 3619 3471 siS,
3657 3399 3769 3457 sed

685 3516 906 3569 tamen
956 3505 1370 3565 obnubilatio
1419 3499 1856 3560 dubitationis
1906 3505 1971 3557 te
2022 3498 2510 3573 aliquantulum
2564 3500 3063 3575 circumcingit,
3117 3502 3293 3561 sicut
3341 3502 3487 3562 ovis
3537 3518 3656 3578 per
3698 3503 3776 3560 li-

684 3619 993 3689 gaturam
1044 3609 1226 3669 illius
1260 3606 1558 3677 ducitur,
1609 3605 1723 3680 qui
1756 3619 1904 3662 eam
1955 3603 2037 3662 ad
2075 3603 2536 3664 holocaustum
2576 3605 2719 3665 vult
2768 3605 3037 3680 ducere,
3089 3608 3247 3684 quia
3283 3610 3441 3668 tunc
3490 3612 3776 3668 exterre-

689 3722 798 3778 tur
831 3719 1063 3773 contra
1111 3710 1526 3770 voluntatem
1560 3711 1767 3779 tuam,
1818 3720 2023 3780 quum
2060 3720 2211 3762 cum
2260 3704 2479 3764 bubus
2512 3711 2579 3764 et
2628 3704 2860 3764 haedis
2902 3706 3223 3767 libentius
3264 3715 3676 3782 pasceretur,
3710 3713 3778 3766 et

689 3829 848 3881 tunc
880 3819 1039 3890 exit,
1091 3831 1222 3892 quo
1256 3814 1424 3887 vult,
1459 3811 1800 3886 dissipans
1838 3809 2196 3884 ligaturam
2224 3824 2460 3878 suam,
2497 3811 2902 3870 comedendo
2937 3813 3259 3888 locustae,
3294 3820 3362 3872 et
3394 3822 3630 3890 pastor
3672 3829 3779 3871 ne-

690 3927 819 3987 scit
852 3923 964 3984 ubi
1001 3923 1114 3994 sit,
1149 3921 1400 3979 dicens:
1437 3918 1648 3977 Amen
1682 3915 1825 3975 dico
1858 3913 2054 3987 vobis,
2089 3916 2308 3972 nescio
2353 3931 2487 3972 vos:
2520 3911 2572 3990 ²)
2624 3915 2783 3990 quia
2824 3915 2995 3974 bona
3044 3931 3249 3991 opera
3297 3923 3413 3976 tua
3462 3934 3590 3977 non
3638 3924 3775 3976 tan·

687 4035 852 4107 gunt
886 4043 1012 4100 me,
1049 4031 1117 4085 et
1151 4025 1218 4083 in
1253 4022 1377 4082 hoc
1412 4028 1477 4082 te
1510 4036 1641 4081 non
1676 4019 1918 4092 sentio,
1957 4017 2084 4077 hoc
2116 4023 2245 4090 est,
2281 4018 2508 4078 nescio
2561 4025 2643 4078 te.
2694 4020 2880 4078 Nunc
2927 4022 3021 4094 tu,
3073 4023 3244 4097 ovis,
3295 4023 3577 4100 provide
3624 4038 3776 4099 quo-

690 4134 884 4195 modo
917 4132 985 4192 in
1017 4129 1230 4190 veteri
1265 4128 1692 4187 Testamento
1726 4123 1976 4183 arietes
2009 4128 2078 4181 et
2112 4121 2306 4181 vituli
2340 4121 2810 4183 offerebantur:
2847 4124 2991 4184 sive
3030 4126 3298 4202 vellent,
3337 4127 3479 4187 sive
3508 4129 3773 4199 nollent,

687 4242 838 4316 igne
869 4234 1458 4298 comburebantur.
1507 4231 1693 4289 Nunc
1727 4226 1807 4288 ad
1841 4226 2182 4287 Orientem
2216 4241 2337 4301 per
2369 4227 2725 4301 ligaturam
2763 4229 2915 4288 colli
2960 4230 3057 4289 tui
3093 4232 3375 4307 respice,
3412 4237 3477 4291 et
3512 4231 3775 4291 ambula

687 4345 753 4403 in
788 4349 972 4404 recto
1008 4341 1246 4400 itinere
1296 4338 1473 4399 sicut
1520 4335 1832 4395 convenit
1866 4333 2215 4402 clericum,
2266 4332 2477 4391 donec
2509 4339 2741 4408 pastor
2773 4338 2837 4394 te
2870 4339 3086 4410 vocet,
3123 4341 3188 4398 et
3223 4339 3486 4399 cuculla
3521 4339 3773 4406 induat,

686 4425 862 4504 sicut
891 4443 1224 4503 lohannes
1257 4441 1560 4515 Baptista
1595 4438 2039 4498 sacerdotalis
2070 4431 2121 4515 ³)
2161 4436 2284 4497 fuit
2326 4443 2393 4495 et
2443 4439 2745 4497 tortuosa
2795 4444 2983 4499 veste
3033 4443 3097 4500 in
3147 4440 3420 4502 heremo
3470 4442 3771 4517 indutus»,

688 4550 1010 4610 ‘ustitiam
1047 4548 1159 4607 Dei
1199 4544 1567 4605 clamando.
1604 4543 1790 4602 Nunc
1823 4542 1981 4601 sede
2015 4542 2083 4600 in
2119 4540 2243 4599 hac
2276 4542 2836 4617 peregrinatione,
2875 4546 3065 4620 quasi
3107 4546 3169 4605 in
3203 4548 3445 4622 exiguo
3477 4547 3773 4622 pulvere,

685 4655 893 4715 Deum
929 4669 1058 4711 non
1109 4649 1501 4724 spernend0‚
1540 4649 1698 4723 quia
1749 4647 1893 4721 ipse
1937 4652 2002 4706 te
2051 4646 2215 4705 vult.
2269 4644 2412 4722 (sol.
2451 4645 2607 4723 105)
2626 4647 2996 4722 Cognatum
3046 4654 3237 4709 tuum
3285 4650 3522 4725 Hesse,
3576 4651 3768 4726 quasi

684 4758 1029 4819 ardentem
1083 4756 1301 4830 ignem
1352 4755 1501 4812 ante
1549 4751 1755 4809 Deum
1805 4749 2024 4809 video,
2059 4747 2154 4809 Da
2214 4749 2307 4808 illi
2359 4750 2738 4825 consilium,
2790 4753 2966 4826 quod
3020 4752 3391 4814 festinando
3441 4754 3524 4813 ad
3574 4755 3776 4815 Deum

685 4869 936 4921 currat.

678 4570 701 4628 (ii—a

688 5052 926 5102 cesserat
972 5045 1175 5100 itinere
1203 5042 1415 5098 recenti
1446 5039 1832 5109 HildegardiS,
1862 5042 2031 5111 paulo
2056 5047 2186 5095 ante
2276 5038 2421 5094 infra
2451 5039 2574 5096 edd.
2607 5057 2729 5113 epp.
2778 5041 3097 5097 varietates.
3131 5073 3196 5082 -
3236 5041 3278 5108 (¹
3308 5041 3547 5098 Initium
3586 5043 3771 5099 deesse

691 5135 794 5187 bor
836 5146 1160 5201 responsum
1194 5129 1374 5200 lepida
1405 5126 1747 5180 amoenitate
1784 5125 2065 5179 floridum.
2098 5124 2181 5180 Cf.
2276 5133 2489 5197 putem.
2536 5158 2598 5166 —
2625 5130 2669 5193 ²)
2696 5127 2829 5182 Luc.
2865 5127 3024 5189 xm.
3053 5130 3139 5181 25.
3176 5160 3234 5168 —
3264 5128 3307 5192 ³)
3339 5126 3376 5183 f.
3408 5129 3748 5183 sacerdotali.
