4036 6117
708 470 839 529 496

1709 846 2166 922 LINGUA
2224 845 2673 922 IGNOTA

1989 1090 2383 1151 MONITUM.
2470 1103 2474 1107 “

733 1285 831 1348 ΑΙ)
864 1281 1134 1345 exordio
1170 1279 1371 1358 hujus
1408 1282 1570 1342 tomi
1607 1301 1666 1359 p.
1707 1283 1740 1343 1
1783 1285 1908 1344 sub
1944 1301 2121 1344 num.
2160 1286 2200 1342 5
2237 1285 2406 1344 hanc
2442 1284 2734 1344 notulam
2775 1282 3049 1357 subjeci:
3105 1283 3398 1357 [quotam
3440 1280 3737 1356 linquam

643 1395 1004 1470 explicare,
1047 1392 1260 1467 inquit
1293 1391 1529 1465 Reuss,
1573 1407 1934 1465 aggressus
1968 1398 2072 1450 est
2104 1393 2156 1450 J.
2193 1392 2447 1450 Grimin
2485 1390 2549 1449 in
2584 1393 2825 1467 Haupt.
2864 1391 3243 1465 zeitschrift
3281 1393 3399 1468 fur
3433 1390 3737 1447 Deutsch.

645 1502 1024 1560 Alterlhum
1063 1498 1163 1568 VI,
1205 1497 1356 1556 321.
1398 1512 1610 1571 neque
1650 1497 1711 1555 in
1750 1496 1854 1555 his
1890 1498 2231 1556 Analectis
2266 1497 2547 1556 arduum
2582 1513 2752 1571 opus
2786 1498 3152 1555 omittetur.
3196 1513 3225 1549 »

733 1603 853 1663 Via
889 1605 960 1660 ut
995 1603 1226 1661 statim
1262 1606 1698 1672 sterneretur,
1739 1602 1995 1673 curavi,
2038 1601 2300 1660 favente
2334 1600 2577 1659 eximia
2614 1599 3027 1688 humanitate
3060 1599 3141 1658 cl.
3179 1598 3468 1671 Gessroy,
3508 1595 3742 1655 acade-

646 1709 819 1776 miae
853 1707 1223 1766 Galliarum
1273 1706 1610 1764 Romanae
1663 1705 2148 1763 merentissimi
2202 1705 2559 1780 praesidiS‚
2614 1712 2684 1763 ut
2719 1703 2797 1762 ad
2852 1719 3015 1761 usus
3050 1720 3233 1762 meos
3274 1704 3656 1778 germanica
3688 1699 3737 1757 J.

644 1810 950 1871 Grimmii
985 1810 1396 1883 adversaria,
1436 1825 1606 1884 quae
1646 1810 1813 1867 citra
1849 1810 2049 1883 Alpes
2086 1809 2318 1867 nullibi
2359 1807 2646 1867 sortasse
2696 1809 3140 1883 reperiuntur,
3191 1807 3737 1866 describerentur

642 1932 722 1974 ex
758 1929 910 1973 raro
945 1914 1309 1989 exemplari
1347 1912 1412 1971 in
1445 1913 1810 1972 Parisiensi
1859 1913 2269 1971 bibliotheca
2303 1912 2625 1971 nationali
2674 1914 3043 1972 asservato,
3080 1912 3259 1982 Quae
3310 1926 3516 1986 quum
3552 1924 3740 1983 egre-

642 2018 752 2092 gio
785 2016 932 2076 viro
970 2016 1116 2075 Car.
1144 2015 1517 2088 Descemet,
1550 2014 1786 2074 harum
1821 2016 2328 2091 disciplinarum
2366 2016 2849 2074 callentissimo
2885 2015 3246 2074 commissa
3284 2012 3556 2085 fuerint,
3592 2028 3738 2088 per-

645 2121 952 2195 spicuum
1007 2117 1154 2192 fuit,
1208 2118 1420 2177 multa
1471 2119 1785 2178 omisisse
1843 2119 2182 2178 eruditum
2231 2119 2644 2195 philologum
2697 2118 3189 2190 Germanicum,
3248 2117 3578 2191 pluraque
3633 2115 3739 2172 vix

645 2224 931 2284 summis
967 2223 1167 2282 labiis
1205 2223 1532 2297 attigisse.

736 2326 861 2386 Sed
894 2327 1053 2385 dum
1105 2327 1388 2401 impigro
1426 2326 1651 2384 labore
1701 2342 1915 2386 novus
1955 2327 2251 2402 Linyucze
2287 2330 2545 2404 iqnotae
2599 2328 2926 2402 interpres
2961 2339 3193 2383 omnes
3245 2321 3381 2381 fere
3416 2321 3737 2380 dialectos

645 2435 941 2495 Orientis
975 2439 1042 2492 et
1074 2432 1453 2491 Occidentis
1489 2433 1953 2506 perlustraret,
1990 2433 2305 2508 dumque,
2345 2441 2416 2493 ut
2451 2436 2689 2505 solent,
2731 2434 2907 2492 lento
2944 2431 3279 2489 volumine
3323 2428 3554 2505 praela
3589 2429 3742 2487 Cas·-

650 2539 1021 2599 sinensium
1070 2553 1190 2613 per
1224 2537 1391 2596 duos
1441 2542 1508 2595 et
1541 2537 1830 2612 amplius
1880 2552 2090 2595 annos
2127 2537 2665 2612 ingemiscerent,
2718 2554 2923 2596 cursu
2956 2553 3077 2595 nos
3124 2535 3470 2612 superavit
3518 2536 3737 2593 nescio

648 2648 802 2724 quis
838 2646 1274 2706 Germanicus
1310 2645 1436 2719 vir,
1475 2663 1511 2703 a
1547 2661 1677 2720 quo
1713 2646 1915 2704 etiam
1953 2661 2127 2704 nunc
2177 2646 2375 2706 audio
2427 2650 2783 2722 praerepta
2828 2647 3021 2706 nobis
3076 2646 3285 2704 fuisse
3338 2644 3475 2702 fere
3524 2643 3738 2702 omnia

651 2752 948 2812 coelestis
983 2751 1407 2827 symphoniae
1444 2749 1761 2807 carmina.
1802 2747 1978 2807 Cedo
2016 2749 2257 2822 locum,
2298 2766 2419 2825 ego
2455 2751 2568 2826 qui
2605 2754 2861 2809 tantum
2914 2748 3239 2809 anecdota
3287 2746 3735 2821 promiserim,

650 2851 827 2912 haud
863 2850 1116 2911 amissa
1150 2853 1371 2909 tamen
1407 2866 1548 2924 spe,
1589 2848 1731 2908 fore
1765 2856 1838 2909 ut
1872 2851 1953 2910 cl.
1985 2852 2088 2908 vir
2121 2850 2493 2926 Descemet,
2533 2855 2615 2912 ab
2653 2853 2955 2928 incoepto
2990 2868 3190 2928 opere
3224 2868 3354 2910 non
3387 2851 3736 2918 desistenS,

653 2957 1124 3019 inexhaustum
1159 2971 1440 3031 pensum
1478 2955 1738 3014 iteratis
1773 2961 1840 3013 et
1873 2955 2234 3013 indefessis
2269 2957 2512 3014 studiis
2548 2962 3014 3032 persequatur3
3066 2973 3103 3014 a
3148 2973 3279 3032 quo
3329 2955 3535 3014 etiam
3582 2955 3743 3012 obti-

647 3063 787 3137 nui,
824 3067 898 3121 ut
933 3058 1398 3121 commentarii
1431 3058 1533 3118 sui
1570 3060 1974 3134 exquisitum
2015 3060 2355 3135 specimen
2391 3061 2756 3119 lectoribus
2789 3062 3041 3120 nostris
3076 3060 3253 3119 tradi
3288 3057 3727 3136 permitteret.

742 3171 911 3230 Ecce
947 3184 1125 3228 enim
1177 3169 1349 3227 inter
1382 3167 1564 3225 mille
1615 3166 1884 3224 circiter
1918 3166 2236 3224 abstrusa
2273 3167 2569 3243 Linquae
2604 3170 2860 3244 iqnotae
2909 3166 3259 3239 vocabula,
3308 3166 3650 3240 octoginta
3681 3170 3745 3222 ct

652 3281 921 3336 centum
956 3274 1217 3347 selegit,
1254 3288 1424 3348 quae
1459 3271 1541 3330 ad
1579 3287 1719 3329 rem
1753 3271 2133 3329 botanicam
2173 3277 2502 3346 spectant,
2538 3278 2613 3330 ut
2648 3272 2963 3332 flosculos
2997 3271 3425 3347 Hildegardis
3460 3275 3743 3348 quatuor

657 3377 1082 3439 columnellis
1117 3376 1544 3451 appenderet,
1583 3379 1781 3450 prout
1816 3373 1987 3433 infra
2025 3375 2150 3433 sub
2185 3375 2400 3434 oculis
2438 3380 2790 3449 ponuntur.
2842 3377 3054 3435 Aliter
3088 3376 3358 3453 quidem
3393 3377 3462 3435 in
3510 3376 3746 3436 codici-

651 3484 779 3543 bus
810 3482 1056 3556 Jacent,
1097 3480 1163 3539 in
1197 3480 1442 3555 quibus
1479 3479 1741 3553 singula
1781 3482 2075 3556 Linquae
2111 3482 2369 3555 iynotae
2406 3481 2815 3554 glossemata
2850 3481 3077 3540 latinis
3124 3482 3512 3541 nominibus
3546 3482 3744 3556 subji-

651 3587 942 3657 ciuntur,
980 3598 1267 3659 quorum
1294 3582 1528 3654 series,
1564 3585 1631 3641 ut
1661 3583 1723 3640 in
1751 3583 1978 3641 codice
2018 3583 2349 3657 indigesta
2379 3583 2582 3658 jacet,
2612 3584 2679 3643 in
2707 3584 2988 3659 adjectis
3023 3585 3239 3660 primo
3275 3586 3421 3645 loco
3448 3584 3741 3644 numeris

655 3688 1074 3764 exprimitur.
1112 3686 1425 3745 Prostant
1462 3686 1687 3759 igitur,
1727 3687 1786 3744 in
1827 3688 2043 3760 prima
2075 3687 2498 3758 columnella,
2537 3696 2694 3763 post
2720 3689 2843 3748 hos
2869 3704 3207 3758 numerOS,
3246 3690 3455 3750 latina
3482 3692 3741 3750 nomina

654 3793 901 3870 quibus
940 3790 1007 3849 in
1038 3788 1266 3849 codice
1305 3788 1726 3863 Hildegardis
1762 3789 2212 3864 subjiciuntur
2250 3790 2546 3866 Linyuae
2581 3793 2837 3866 iqnotae
2871 3792 3226 3860 vocabula,
3279 3808 3451 3868 quae
3491 3794 3555 3851 in
3588 3795 3744 3851 alte-

656 3915 731 3957 ra
766 3896 1077 3956 columna
1124 3875 1159 3952 e
1196 3894 1466 3968 regione
1515 3892 1901 3953 succedunt.
1939 3895 2243 3953 Accessit
2283 3895 2344 3952 in
2389 3895 2590 3953 tertia
2623 3896 2951 3965 columna,
3005 3912 3177 3972 quae
3211 3913 3342 3956 non
3393 3896 3743 3956 mediocris

652 4001 906 4062 laboris
945 3999 1204 4058 fructus
1238 4004 1364 4071 est,
1405 3997 1716 4057 herbaria
1755 3998 2203 4057 recentiorum
2252 4001 2780 4072 nomenclatura,
2819 4000 3101 4059 maxime
3135 4016 3215 4059 ex
3248 4000 3540 4059 Linnaeo
3569 4016 3741 4059 rece-

653 4111 790 4183 pta;
829 4105 894 4164 in
928 4109 1171 4179 quarta
1206 4119 1387 4175 ver0,
1428 4102 1809 4162 reseruntur
1844 4103 2353 4161 accuratissime
2391 4104 2537 4163 loca
2574 4105 2821 4163 similia
2857 4120 3026 4180 quae
3059 4107 3425 4164 occurrunt
3463 4105 3525 4162 in
3577 4104 3738 4179 spis-

648 4229 723 4272 so
759 4226 959 4287 opere
1007 4211 1113 4269 cui
1167 4209 1423 4268 titulus:
1487 4208 1943 4270 Subtilitalum
1984 4192 2415 4267 'diversarum
2461 4218 2867 4269 naturarum
2916 4216 3389 4269 creaturarum
3439 4208 3594 4268 libri
3637 4226 3743 4266 no-

653 4336 798 4377 vem
830 4318 1017 4392 juxta
1052 4317 1297 4375 Patrol.
1336 4315 1660 4374 CXCVIII.
1699 4314 1821 4372 col.
1877 4312 2073 4372 1117.
2113 4332 2257 4390 sqq.
2311 4315 2489 4386 Quae
2540 4315 2887 4375 dumtaxat
2923 4315 3147 4375 recula
3182 4317 3412 4374 nostra
3456 4320 3585 4387 est,
3622 4313 3742 4371 huc

659 4423 822 4482 illuc
853 4422 1124 4481 notulas
1159 4421 1237 4480 ad
1276 4421 1525 4479 calcem
1562 4422 2002 4495 tetraplorum
2040 4421 2473 4496 subjecimuS,
2527 4439 2605 4481 ex
2640 4422 2868 4482 codice
2910 4421 3259 4503 Hafniensi
3300 4428 3628 4496 receptas,
3681 4420 3741 4478 in

669 4544 805 4605 quo
842 4527 1114 4586 eaedem
1150 4527 1416 4600 plantae
1465 4528 1533 4585 et
1579 4525 1823 4584 herbae
1872 4528 2251 4601 germanice
2303 4529 2743 4603 appellantur.
2793 4528 3200 4586 Asservatur
3247 4541 3447 4601 porro
3501 4527 3747 4600 Linque

656 4634 905 4710 ἰςηοια,
935 4636 1136 4705 prout
1163 4630 1243 4689 ad
1272 4647 1392 4689 nos
1422 4630 1747 4704 pervenit,
1781 4631 1841 4689 in
1870 4630 2133 4690 duobus
2161 4631 2349 4690 codd.
2384 4649 2510 4691 uno
2536 4632 3006 4691 Wiesbadensi
3033 4631 3295 4706 majori,
3325 4647 3404 4689 ex
3430 4646 3562 4706 quo
3590 4630 3747 4689 mihi

653 4738 1072 4812 descriptum
1127 4735 1248 4794 fuit
1284 4734 1746 4810 apographum
1797 4752 1852 4793 a.
1893 4734 2088 4807 1878,
2128 4736 2413 4795 amicam
2463 4752 2651 4810 opem
2688 4742 3075 4812 praestante
3109 4736 3179 4795 D.
3218 4735 3491 4795 Pothier
3535 4735 3744 4793 Soles-

657 4843 895 4917 mensi;
933 4842 1145 4901 altero
1182 4840 1695 4911 vindobonensi,
1738 4839 1908 4897 inter
1941 4842 2198 4900 ascetic.
2240 4840 2361 4900 721
2426 4841 2463 4900 s.
2503 4841 2654 4914 490,
2708 4858 2902 4917 quem
2958 4839 3099 4899 fuse
3150 4840 3473 4899 describit
3514 4839 3746 4911 Diony-

653 4948 797 5006 sius
834 4946 897 5004 in
947 4945 1139 5003 catal.
1181 4950 1224 5003 t.
1264 4943 1342 5013 II,
1382 4960 1441 5017 p.
1480 4943 1567 5001 III
1603 4943 1726 5000 col.
1766 4941 1959 5003 1725.
2014 4944 2253 5003 Eadem
2310 4946 2574 5004 videtur
2610 4946 2763 5004 hinc
2797 4952 2863 5003 ct
2900 4945 3046 5004 inde
3085 4960 3308 5002 rerum
3358 4944 3737 5019 promiscua

655 5048 893 5120 serieS,
933 5052 1004 5105 ut
1037 5053 1186 5122 post
1220 5046 1535 5103 nonnulla
1571 5044 1650 5102 de
1686 5046 1842 5117 Deo,
1875 5048 2133 5120 angelis
2169 5054 2235 5106 et
2271 5049 2676 5122 hominibuS,
2715 5053 3071 5107 occurrant
3106 5048 3409 5122 corporis
3457 5046 3743 5119 aegritu-

656 5150 848 5209 dines
882 5154 947 5211 ct
983 5151 1302 5224 membra,
1343 5148 1760 5208 hierarchiae
1810 5152 2106 5222 ordineS,
2144 5153 2408 5213 aedium
2447 5153 2723 5228 fabrica,
2777 5151 3215 5211 ecclesiarum
3256 5155 3505 5226 parteS‚
3555 5162 3746 5206 orna-
