4036 6117
3185 527 3315 590 ⁴83

1131 1022 1270 1096 EX
1323 1023 2006 1099 HILDEGARDIS
2058 1023 2543 1098 OPERIBUS

801 1243 1254 1305 GEBENONIS
1301 1246 1626 1307 PRIORIS
1671 1245 2278 1307 EVERBACENSIS
2324 1245 2773 1305 EXCERPTA.
2824 1239 2867 1322 ¹)

1058 1453 1301 1500 mcxprr
1350 1458 1702 1506 SPECULUM
1752 1458 2167 1506 FUTURORUM
2215 1457 2602 1502 TEMPORUM.

1813 1671 1859 1729 1.

381 1875 898 1938 Honorabilibus
947 1894 1212 1955 semper
1260 1880 1325 1939 in
1361 1879 1626 1940 Christo
1676 1879 2066 1955 diligendiS,
2119 1880 2439 1955 Magistro
2483 1876 2826 1939 Remundo
2876 1877 3255 1953 scolastico,
3312 1883 3381 1937 et

276 1978 607 2054 Magistro
659 1981 966 2057 Reinero,
1026 1984 1366 2044 canonicis
1408 1983 1623 2044 sancti
1671 1983 1987 2060 Stephani
2040 1986 2105 2044 in
2152 1984 2521 2059 Maguntia,
2577 1982 2786 2043 frater
2832 1982 3121 2056 GebenO,
3157 1982 3378 2043 dictus

277 2085 474 2157 prior
509 2085 573 2142 in
607 2084 972 2160 Everbach,
1012 2087 1064 2146 si
1099 2087 1261 2162 quid
1294 2091 1516 2164 potest
1549 2089 1927 2163 peccatoris
1961 2088 2201 2148 oratio,

378 2187 617 2246 Sancta
677 2188 865 2263 virgo
924 2189 1380 2266 Hildegardis,
1445 2190 1780 2250 fundatrix
1834 2197 1901 2251 et
1959 2192 2283 2267 magistra
2340 2189 2731 2250 monasterii
2790 2190 3004 2249 sancti
3070 2188 3372 2265 Ruperti,

274 2291 464 2368 quod
502 2292 700 2352 situm
739 2302 845 2352 est
883 2295 1056 2369 apud
1090 2294 1463 2371 pinguiam,
1516 2301 1805 2372 quantae
1839 2297 2247 2369 sanctitatiS,
2300 2295 2670 2372 quantique
2705 2294 2931 2370 meriti
2967 2293 3169 2355 fuerit
3203 2296 3375 2373 apud

274 2396 492 2456 Deum
524 2403 591 2467 et
626 2398 800 2472 apud
837 2400 1162 2474 homines,
1200 2401 1597 2461 charitatem
1632 2406 1928 2461 vestram
1962 2403 2172 2461 latere
2206 2417 2336 2460 non
2370 2400 2589 2459 cred0.
2626 2399 2751 2459 Sed
2787 2400 2846 2459 si
2884 2398 3163 2460 forsitan
3195 2400 3382 2475 igno-

274 2503 475 2573 ratiS,
517 2503 713 2576 legite
755 2504 1049 2564 libellum
1084 2506 1262 2567 vitae
1295 2507 1464 2583 ejus;
1502 2507 1703 2581 legite
1739 2507 2045 2566 diversas
2073 2508 2397 2582 epistolas
2436 2513 2818 2582 magnatum
2853 2512 3075 2567 terrae
3109 2505 3193 2566 ad
3224 2521 3375 2566 eam

273 2608 743 2682 transmissas,
781 2609 981 2669 trium
1017 2611 1333 2671 videlicet
1367 2612 1893 2687 apostolicorum
1925 2612 2224 2687 Eugenii,
2275 2612 2613 2671 Anastasii
2649 2617 2717 2670 ct
2754 2611 3050 2686 Adriani,
3086 2610 3374 2671 Conradi

266 2728 549 2788 quoque
599 2714 799 2788 τρεῖς,
853 2715 1174 2774 Friderici
1226 2716 1672 2790 imperatoriS‚
1723 2716 2150 2792 patriarchae
2184 2716 2799 2791 Hierosolymitani,
2837 2715 3374 2792 archiepiscopo-

269 2830 448 2887 rum,
501 2818 990 2894 episcoporum,
1044 2820 1383 2895 abbatum,
1436 2822 1992 2896 praepositorum:
2045 2827 2112 2881 et
2154 2827 2310 2881 tunc
2346 2821 2411 2879 in
2460 2822 2746 2880 veritate
2780 2820 3003 2880 dicere
3039 2820 3369 2897 poteritis:

270 2921 727 2994 Magnificavit
759 2938 902 2982 eam
939 2924 1256 2985 Dominus
1295 2925 1358 2984 in
1392 2930 1759 3000 conspectu
1792 2941 2049 3001 regum,
2081 2923 2131 3005 ²)
2168 2931 2238 2985 et
2273 2924 2479 2984 facies
2515 2925 2837 3001 principis
2886 2923 3216 2985 admirata
3264 2930 3370 2985 est

266 3039 449 3085 eam.

372 3132 548 3190 Haec
599 3132 793 3192 beat-a
852 3133 1060 3194 libros
1107 3134 1457 3210 quosdam,
1509 3135 1642 3194 Deo
1686 3134 1983 3209 iubente,
2048 3134 2248 3193 immo
2291 3138 2592 3209 cogente,
2646 3134 2941 3210 scripsit:
3001 3134 3069 3193 in
3125 3134 3371 3210 quibus

268 3233 613 3309 quaedam
647 3235 842 3295 valde
878 3238 1068 3296 utilia
1104 3243 1172 3297 et
1218 3239 1469 3298 nostris
1518 3237 1935 3313 temporibus
1977 3237 2364 3296 necessaria
2411 3237 2493 3295 de
2542 3237 2883 3310 praesenti
2934 3242 3114 3297 statu
3147 3238 3374 3298 Eccle-

274 3337 425 3397 siae
461 3346 527 3399 et
559 3339 639 3399 de
677 3339 923 3400 suturis
958 3343 1375 3416 temporibus
1412 3357 1624 3418 usque
1674 3341 1756 3401 ad
1790 3341 2303 3413 Antichristum‚
2355 3347 2422 3398 et
2454 3340 2535 3399 de
2572 3342 2717 3417 ipso
2767 3340 3181 3401 Antichristo
3215 3357 3369 3419 pro·

277 3442 608 3517 phetavit.
658 3444 782 3505 Sed
817 3447 973 3521 quia
1023 3462 1256 3505 omnes
1307 3447 1517 3506 libros
1565 3446 1712 3522 ejus
1759 3446 1956 3521 pauci
2006 3445 2253 3505 habere
2302 3452 2608 3521 possunt,
2662 3448 2769 3506 vel
2813 3447 3036 3522 legere
3084 3463 3163 3507 ea
3196 3464 3368 3524 quae

276 3549 367 3607 de
406 3547 650 3608 suturis
687 3551 1100 3626 temporibus
1135 3558 1201 3610 et
1234 3551 1315 3611 de
1349 3551 1763 3612 Antichristo
1801 3550 1866 3609 in
1900 3551 2119 3610 tribus
2156 3551 2348 3610 libris
2384 3552 2550 3625 suis,
2592 3551 2762 3611 libro
2798 3550 3062 3611 scilicet
3096 3553 3371 3628 Scivias,

280 3653 457 3713 libro
495 3654 885 3716 Divinarum
935 3676 1228 3735 operum,
1283 3658 1452 3718 libro
1502 3657 1968 3734 epistolarum,
2004 3656 2462 3733 prophetavit,
2515 3657 2578 3716 in
2616 3657 2790 3717 hunc
2832 3674 3037 3718 unum
3074 3658 3373 3719 libellum

280 3759 573 3819 maxima
607 3776 684 3819 ex
720 3765 908 3836 parte
942 3763 1204 3838 collegi,
1241 3768 1308 3821 et
1339 3765 1539 3838 prout
1572 3763 1812 3821 melius
1846 3764 2058 3838 potui,
2092 3763 2155 3821 in
2183 3764 2474 3839 quinque
2504 3772 2805 3839 tempora
2836 3765 3163 3825 ordinavi.
3193 3765 3376 3836 Quae

278 3863 582 3939 quinque
632 3870 936 3942 tempora
983 3867 1098 3941 qui
1146 3866 1502 3941 diligenter
1551 3867 1772 3941 legere
1822 3869 1889 3926 et
1937 3867 2239 3927 studiose
2281 3869 2695 3943 distinguere
2729 3869 3041 3942 voluerit,
3093 3871 3160 3929 et
3191 3885 3382 3944 prae-

280 3978 546 4032 sentem
577 3968 626 4052 3)
678 3974 997 4034 miserum
1037 3980 1286 4033 statum
1319 3974 1682 4048 Ecclesiae,
1734 3979 1802 4032 et
1835 3974 2058 4033 omnia
2109 3973 2336 4034 futura
2375 3975 2695 4051 pericula,
2749 3981 2816 4034 et
2851 3975 3206 4036 adventum
3247 3977 3374 4035 An-

281 4075 583 4137 tichristi
619 4080 811 4155 quasi
845 4080 912 4138 in
948 4079 1234 4155 quodam
1272 4079 1544 4154 speculo
1580 4078 1973 4153 pervidebit.

381 4180 562 4239 Unde
610 4180 668 4239 si
716 4182 935 4256 placet
987 4182 1197 4255 vobis,
1249 4189 1527 4240 vocetur
1562 4182 1704 4256 ipse
1739 4181 1909 4240 liber
1961 4182 2319 4258 Speculum
2365 4184 2753 4260 futurorum
2801 4188 3193 4260 temporum,
3233 4184 3379 4241 sive

292 4285 800 4345 Pentachronon
849 4288 1118 4346 sanctae
1168 4285 1615 4361 Hildegardis,
1675 4284 1801 4344 hoc
1848 4292 1950 4345 est
2004 4285 2089 4344 de
2136 4286 2431 4362 quinque
2480 4287 2919 4364 temporibus,
2977 4287 3135 4363 quia
3183 4286 3250 4346 in
3297 4302 3377 4347 eo

286 4388 645 4464 prophetat
691 4389 773 4449 de
808 4390 1102 4466 quinque
1138 4389 1570 4466 temporibus
1627 4391 1844 4451 Penta
1877 4390 2054 4449 enim
2102 4393 2395 4468 quinque
2431 4397 2646 4466 sonat,
2699 4396 2968 4453 chronos
3003 4408 3162 4452 vero
3214 4399 3378 4454 tem-

285 4514 484 4573 pus...

367 4712 413 4776 ¹)
447 4711 736 4769 Innumeri
779 4720 911 4769 sunt
949 4713 1108 4771 codd.
1146 4712 1468 4772 Gcbcnonis
1507 4713 1568 4768 in
1610 4710 1790 4768 varias
1880 4728 2061 4784 neque
2090 4717 2276 4770 tamen
2304 4716 2375 4771 ab
2414 4715 2775 4786 Hildegardis
2800 4718 3118 4779 editoribus
3142 4723 3380 4781 omniuo

295 4795 551 4869 Europae
593 4797 970 4857 bibliothecas
1007 4801 1208 4873 sparsi,
1245 4800 1304 4857 in
1343 4816 1486 4871 quos
1520 4815 1786 4872 saepenu·
1879 4801 2267 4871 negligendus,
2303 4802 2432 4859 Huc
2461 4802 2637 4873 igitur
2661 4805 2887 4862 accedat
2907 4823 2973 4863 ex
3014 4809 3229 4880 optimo
3250 4811 3371 4868 cod.

295 4897 453 4939 mero
482 4882 680 4947 incidi,
720 4883 874 4940 aliud
919 4899 1110 4954 agens,
1152 4902 1256 4942 nec
1299 4892 1571 4950 moratus,
1610 4900 1785 4957 quum
1877 4890 2143 4947 Caesareo
2161 4895 2266 4947 628
2305 4889 2342 4947 s.
2375 4891 2490 4945 lad
2512 4895 2601 4954 32,
2624 4894 2931 4949 membran.
2958 4894 3098 4951 xm
3124 4911 3266 4953 saec.
3294 4897 3379 4953 in-

298 4968 418 5026 sere
443 4968 629 5026 omnia
654 4985 798 5041 quae
845 4969 925 5026 ibi
965 4972 1032 5026 ad
1077 4971 1476 5040 Hildegardem
1505 4976 1784 5044 spectant,
1878 4973 2166 5048 cipicntis.
2190 4974 2274 5031 cf.
2302 4976 2480 5034 Catal.
2508 4977 2732 5047 Dionys.
2759 4994 2923 5048 supra
2949 4979 3095 5036 laud.
3122 5012 3190 5021 -
3210 4982 3256 5046 ²)
3279 4981 3375 5037 Ec-

297 5054 475 5113 [uisse
498 5055 709 5110 dudum
747 5053 896 5111 edita
924 5054 1462 5116 animadvertissem.
1496 5059 1789 5118 Hactenus
1881 5061 1976 5119 cli.
2018 5061 2192 5126 XLV,
2234 5065 2284 5117 3.
2316 5092 2383 5102 —
2407 5060 2452 5125 ³)
2489 5061 2620 5117 Mox
2645 5062 2914 5118 Gebenno
2953 5067 3112 5118 notat
3147 5081 3204 5122 se
3242 5066 3376 5122 scri·

296 5147 487 5197 tamen
512 5141 661 5212 quod
680 5140 879 5205 sciam,
900 5141 1129 5200 Gcbeno
1150 5143 1395 5199 nondum
1424 5144 1491 5198 ad
1517 5150 1678 5217 typos
1703 5162 1787 5204 ac·
1883 5148 2014 5204 here
2040 5162 2089 5203 a.
2125 5151 2280 5209 {2203
2316 5147 2504 5217 qualia
2535 5164 2663 5203 vcro
2689 5148 2805 5203 sint
2840 5152 3085 5222 quinque
3117 5157 3375 5224 tempora.

293 5226 493 5291 cessit,
515 5242 618 5282 nec
637 5226 940 5297 diligenter
966 5244 994 5282 a
1015 5244 1370 5301 quocumque
1394 5248 1661 5288 excussus
1683 5238 1789 5298 est,
1882 5232 2091 5292 nullibi
2122 5232 2350 5290 Gebcno
2379 5234 2597 5289 notavit
2629 5234 2861 5306 liquido,
