4036 6117
762 452 848 515 14
1918 471 1973 518 S.
2023 469 2555 520 HILDEGARDIS

2194 695 2277 759 X.

1686 907 2097 985 Responsum
2145 908 2409 967 divinae
2461 909 2798 968 victoriae.

784 1116 891 1177 20.
926 1115 1007 1176 Et
1040 1114 1280 1176 iterum
1312 1114 1394 1174 de
1425 1113 1728 1190 praefata
1769 1115 2039 1177 turbida
2085 1114 2260 1176 nube
2308 1116 2533 1177 audivi
2581 1132 2816 1176 vocem
2864 1115 3021 1176 huic
3066 1115 3342 1193 imagini
3389 1113 3813 1190 responden-

692 1221 858 1281 tem:
899 1238 932 1279 t
961 1219 1058 1281 Tu
1093 1219 1162 1280 in
1191 1219 1406 1295 primo
1439 1236 1666 1280 errore
1700 1222 1932 1280 contra
1962 1219 2172 1280 Deum
2207 1220 2562 1298 loquend0,
2598 1237 2827 1283 errare
2861 1222 3165 1297 coepisti,
3202 1223 3269 1281 et
3288 1220 3618 1298 justitiam
3643 1216 3808 1278 imi-

701 1340 735 1382 »
774 1323 905 1385 tari
949 1323 1247 1399 noluisti3
1298 1327 1365 1385 et
1412 1324 1587 1385 sicut
1632 1324 1702 1385 in
1746 1324 2100 1401 vagatione
2135 1326 2273 1400 tua,
2309 1341 2459 1385 cum
2495 1325 2838 1386 tremendo
2873 1328 3145 1402 stupore
3177 1325 3246 1385 in
3276 1324 3547 1385 exilium
3583 1322 3803 1397 ivisti,

697 1442 729 1488 n
767 1434 837 1489 et
868 1428 935 1488 in
966 1428 1426 1489 vicissitudine
1461 1428 1711 1491 favoris
1747 1429 2080 1490 hominem
2114 1428 2453 1505 decepisti.
2501 1430 2665 1491 Nam
2713 1430 2965 1491 nullam
3014 1429 3417 1505 probitatem
3467 1426 3679 1488 habes
3732 1426 3808 1485 in

701 1548 736 1591 ›
774 1534 860 1593 te.
892 1532 1027 1608 Ego
1061 1535 1281 1594 autem
1315 1533 1612 1610 gladium
1647 1533 2163 1595 fortissimarum
2196 1533 2522 1595 virtutum
2554 1533 2672 1594 Dei
2705 1533 2942 1611 habe0,
2978 1549 3128 1595 cum
3162 1550 3294 1611 quo
3330 1546 3589 1593 omnem
3623 1528 3814 1606 inju-

701 1652 736 1695 ι
774 1636 1025 1697 stitiam
1059 1636 1397 1715 abscindo,
1432 1639 1605 1698 unde
1637 1638 1838 1699 etiam
1872 1653 2024 1698 cum
2057 1637 2289 1699 eodem
2324 1637 2545 1715 gladio
2578 1638 2961 1715 evaginatO,
3014 1638 3082 1699 in
3128 1636 3400 1698 maxilla
3447 1637 3511 1696 te
3557 1649 3814 1709 percu-

700 1757 735 1800 »
774 1740 955 1802 tiam.
1006 1741 1106 1802 Me
1155 1759 1421 1820 quoque
1454 1744 1686 1804 contra
1716 1744 1783 1803 te
1815 1742 2176 1819 indurab0,
2212 1742 2371 1820 quia
2403 1742 2572 1803 cinis
2607 1743 2675 1803 in
2705 1742 2928 1803 cinere
2959 1758 3056 1819 es,
3092 1743 3160 1803 et
3189 1753 3651 1819 quaecumque
3687 1736 3814 1796 de·-

699 1860 734 1903 ›
772 1844 1050 1921 sideras,
1085 1847 1156 1906 et
1186 1862 1358 1923 quae
1390 1847 1474 1907 ad
1508 1848 1572 1908 te
1605 1845 1903 1922 colligiS,
1940 1861 2151 1921 parva
2183 1848 2251 1907 et
2283 1862 2496 1921 pauca
2530 1848 2706 1909 sunt.
2737 1846 2902 1907 Nam
2934 1846 3142 1908 vitam
3191 1846 3261 1906 in
3308 1845 3529 1905 cinere
3571 1842 3814 1919 jacen-

701 1966 737 2009 x
777 1951 909 2010 tem
958 1952 1026 2012 et
1055 1967 1304 2012 vacuas
1338 1950 1536 2028 hujus
1570 1950 1823 2012 saeculi
1854 1950 2187 2011 vanitates
2220 1951 2398 2027 nole,
2434 1951 2550 2012 sed
2584 1951 2668 2011 ad
2700 1950 3047 2012 salientem
3082 1950 3329 2011 fontem
3361 1947 3590 2009 venire
3622 1943 3812 2005 desi-

701 2069 735 2111 »
773 2052 955 2115 dero,
1002 2054 1137 2132 Ego
1187 2056 1362 2116 enim
1396 2058 1627 2117 contra
1660 2056 2007 2133 antiquum
2044 2057 2419 2131 serpentem
2454 2070 2707 2131 pugn0,
2739 2048 2786 2135 ⁸)
2821 2057 2890 2116 et
2920 2054 3142 2115 omnia
3185 2052 3400 2128 spolia
3447 2049 3591 2127 ejus
3639 2062 3806 2108 cum

701 2173 736 2216 »
775 2160 1091 2235 mysterio
1139 2160 1632 2237 Scripturarum
1679 2161 1798 2222 Dei
1845 2160 2157 2236 destru0‚
2206 2159 2277 2221 in
2322 2161 2565 2236 quibus
2613 2161 2847 2221 contra
2891 2159 3069 2222 bella
3109 2158 3487 2235 jaculorum
3532 2150 3810 2214 Diaboli

700 2280 738 2321 ι
774 2278 1038 2339 semper
1070 2268 1277 2342 certo,
1314 2281 1391 2327 ac
1425 2266 1524 2327 sic
1557 2267 1625 2327 in
1654 2281 1817 2326 vero
1847 2264 1984 2326 Deo
2018 2279 2282 2339 semper
2316 2265 2618 2325 manebo.
2644 2282 2676 2322 »

790 2366 897 2430 21.
933 2367 1127 2430 Sexta
1160 2373 1381 2434 autem
1416 2371 1637 2447 imago
1672 2369 1909 2430 faciem
1945 2368 2236 2429 hominis
2270 2368 2531 2444 habuit,
2569 2369 2845 2444 excepto
2877 2366 3055 2445 quod
3087 2382 3163 2428 os
3195 2365 3339 2443 eJus
3371 2366 3448 2425 ut
3492 2378 3567 2423 os
3615 2348 3828 2421 scor?

698 2472 916 2548 pionis
964 2476 1132 2552 erat,
1168 2478 1236 2537 et
1266 2476 1444 2553 quod
1475 2474 1856 2551 albuginem
1888 2474 2239 2534 oculorum
2269 2473 2484 2549 magis
2517 2488 2720 2549 quam
2751 2471 3041 2548 pupillas
3073 2469 3463 2531 extorserat.
3512 2462 3812 2526 Brachia

701 2592 970 2654 quoque
1017 2578 1163 2655 eJus
1211 2580 1506 2640 brachiis
1555 2578 1842 2640 hominis
1876 2576 2453 2653 assimilabantur,
2491 2576 2608 2638 sed
2640 2591 2878 2637 manus
2909 2574 3055 2651 eJus
3090 2574 3407 2635 incurvae
3438 2571 3632 2632 erant
3658 2568 3821 2628 lon-

698 2679 808 2756 gis·
836 2682 1190 2758 unguibus3
1227 2686 1458 2760 pectus
1492 2685 1715 2745 autem
1748 2685 1816 2744 et
1846 2685 2151 2744 ventrem
2183 2684 2251 2743 et
2280 2681 2552 2743 dorsum
2587 2684 2662 2741 ut
2693 2695 2933 2741 cancer
2965 2678 3286 2753 habebat;
3322 2674 3439 2736 sed
3471 2688 3671 2734 crura
3731 2670 3811 2731 ut

699 2784 983 2861 locusta,
1033 2788 1101 2847 et
1147 2785 1346 2862 pedes
1396 2789 1470 2848 ut
1513 2787 1766 2863 vipera.
1798 2787 1880 2848 Et
1911 2787 2115 2848 stanti
2149 2791 2339 2847 rotae
2371 2783 2732 2846 molendini
2765 2783 3107 2859 implicata
3142 2780 3289 2856 fuit,
3327 2780 3420 2840 ita
3451 2775 3630 2854 quod
3663 2789 3822 2833 ma-

699 2888 897 2950 nibus
930 2891 1069 2951 suis
1102 2892 1479 2966 superiores
1514 2891 1736 2952 radios
1770 2891 2069 2969 ejusdem
2102 2893 2289 2952 rotae
2320 2889 2618 2965 tenebat,
2654 2891 2722 2950 et
2754 2887 2932 2964 quod
2963 2885 3243 2962 pedibus
3277 2883 3418 2945 suis
3451 2895 3656 2956 supra
3708 2878 3820 2937 in-

698 2990 976 3053 feriores
1011 2993 1233 3055 radios
1267 2994 1507 3072 stabat3
1545 2994 1762 3055 crines
1795 2998 2018 3057 autem
2054 2996 2122 3056 in
2152 2996 2371 3071 capite
2403 3011 2537 3055 non
2570 2993 2889 3069 habebat,
2928 2990 3045 3051 sed
3093 2991 3233 3051 toto
3283 3000 3565 3063 corpore
3613 2980 3802 3042 nuda

703 3094 851 3174 fuit,
887 3100 954 3159 et
985 3099 1270 3161 multum
1303 3100 1522 3176 ignem
1553 3100 1740 3162 velut
1773 3099 2027 3162 faculas
2061 3116 2141 3160 ex
2174 3115 2291 3162 ore
2326 3115 2445 3160 suo
2481 3098 2723 3160 emisit.
2757 3097 2838 3158 Et
2868 3095 3054 3156 dixit:

2192 3305 2307 3369 XI.

2056 3516 2256 3579 Verba
2303 3520 2465 3578 irae.

794 3725 902 3788 22.
941 3725 1130 3802 «Ego
1164 3727 1479 3789 conculco
1511 3730 1580 3789 et
1611 3729 1957 3804 prosterno
1991 3742 2186 3787 omne
2218 3727 2395 3805 quod
2430 3725 2596 3787 mihi
2629 3725 2943 3803 injuriam
2975 3721 3194 3785 insert.
3230 3721 3446 3794 Quare
3481 3717 3807 3795 injuriam

708 3845 742 3886 ι
783 3830 1215 3891 sustinerem?
1246 3832 1431 3904 Quod
1464 3831 1747 3910 quilibet
1774 3833 1922 3893 vult
1951 3847 2036 3893 ne
2068 3831 2198 3893 sibi
2229 3831 2537 3906 inferam,
2574 3831 2701 3891 hoc
2732 3831 2940 3892 etiam
2970 3827 3135 3889 mihi
3180 3842 3313 3887 non
3362 3824 3583 3886 faciat.
3631 3821 3805 3883 Nam

709 3951 743 3992 ι
779 3935 1001 4011 gladio
1034 3937 1335 4014 vulnero,
1370 3938 1440 3998 et
1471 3936 1759 3999 fustibus
1793 3936 2020 4013 caedo,
2059 3951 2212 3997 cum
2245 3936 2491 4014 aliquis
2524 3935 2840 4012 injuriam
2874 3933 3038 3995 mihi
3074 3930 3325 3993 fecerit.
3350 3947 3382 3987 »

2178 4140 2326 4206 XII.

1834 4356 2250 4434 Responsum
2290 4356 2680 4434 patientiae.

800 4561 906 4622 23.
940 4560 1020 4623 Et
1052 4560 1292 4624 iterum
1326 4561 1409 4623 de
1440 4562 1741 4639 praefata
1773 4562 2043 4626 turbida
2074 4563 2249 4625 nube
2281 4580 2513 4626 vocem
2545 4562 2703 4624 huic
2751 4560 3026 4641 imagini
3060 4557 3568 4638 respondentem
3615 4556 3811 4622 audi-

708 4664 800 4726 vi:
842 4684 876 4725 ε
901 4665 1037 4742 Ego
1083 4665 1155 4726 in
1200 4666 1546 4729 altissimis
1595 4667 1809 4745 sonui,
1858 4671 1927 4730 et
1972 4669 2221 4730 terram
2269 4669 2482 4746 tetigi,
2533 4684 2613 4729 ac
2658 4668 2741 4729 de
2790 4669 2969 4729 terra
3014 4668 3090 4729 ut
3133 4665 3506 4727 balsamum
3540 4664 3805 4728 sudavi.

715 4789 749 4830 ι
787 4773 884 4832 Tu
928 4787 1089 4831 vero
1140 4770 1560 4834 fraudulenta
1606 4788 1701 4850 es,
1751 4775 1819 4835 et
1865 4772 2252 4851 sanguinem
2293 4773 2493 4852 bibis„
2530 4788 2608 4834 ac
2641 4789 2904 4849 semper
2933 4769 3162 4851 aquila
3192 4788 3285 4833 es.
3317 4768 3370 4852 ²)
3401 4772 3540 4849 Ego
3573 4774 3803 4833 autem

715 4891 750 4934 ι
789 4874 1004 4937 omnis
1048 4876 1411 4938 viriditatis
1443 4876 1669 4938 suavis
1704 4894 1820 4938 aer
1852 4893 2023 4954 sum,
2059 4879 2255 4940 flores
2287 4881 2355 4940 et
2384 4894 2581 4954 poma
2612 4879 2911 4940 omnium
2940 4876 3268 4939 virtutum
3297 4876 3698 4953 producens,
3733 4878 3806 4938 et

714 4996 749 5039 »
787 4997 865 5040 ea
912 4980 981 5041 in
1021 4982 1353 5042 mentibus
1387 4981 1726 5043 hominurn
1761 4983 2042 5045 firmiter
2075 4983 2459 5045 aedificans:
2497 4983 2590 5045 ita
2621 4983 2798 5061 quod
2830 4997 3023 5044 omne
3054 4982 3232 5060 quod
3262 4976 3312 5062 ⁸)
3349 4979 3616 5059 incipio,
3649 4995 3806 5057 per-

784 5135 827 5203 ¹)
848 5141 1126 5212 puynabo.
1154 5149 1336 5202 omnia
1358 5145 1451 5204 W.
1483 5178 1552 5189 -·
1575 5148 1621 5217 ²)
1647 5146 1719 5206 cl'.
1751 5165 1804 5222 p.
1841 5152 1926 5213 16.
1956 5153 2073 5207 not.
2108 5151 2160 5213 3.
2188 5146 2257 5205 de
2285 5147 2569 5221 Aquilone.
2599 5178 2667 5189 —-
2691 5145 2736 5218 ὃ)
2762 5163 2912 5206 omne
2935 5147 3084 5220 quod
3107 5160 3217 5206 om.
3247 5141 3316 5204 A.
