4036 6117
1345 476 1580 531 tmen
1627 485 1829 531 vira:
1875 485 2364 532 memronun.
2416 485 2473 530 Ρ.
2526 483 2590 528 v.
3318 470 3445 530 207

421 592 797 678 implicant,
851 602 1121 676 vigilem
1174 603 1524 661 scientiam
1577 602 1822 662 habere
1871 620 2002 662 non
2049 606 2381 679 poterunt.
2434 600 2712 677 Vagatio
2763 603 3007 677 quippe
3059 604 3235 662 volut
3290 606 3512 679 puella

423 709 906 768 inobedientiae
939 715 1067 782 est,
1107 725 1183 767 ac
1234 709 1535 768 luxuriae
1589 710 1930 768 multoties
1984 708 2373 782 famulatur,
2411 714 2477 767 et
2512 709 2571 767 si
2617 724 2764 768 eam
2813 725 3012 784 opere
3047 726 3176 768 non
3219 712 3507 786 perficit,

418 814 829 874 consortium
865 814 1011 888 ejus
1063 819 1285 872 tamen
1334 812 1625 886 affectat,
1661 815 1728 871 et
1762 821 2107 887 aspectum
2162 813 2374 887 ipsius
2424 812 2793 883 desiderat,
2846 815 2913 871 et
2961 813 3182 873 officio
3234 815 3381 889 ejus
3430 832 3505 875 se

420 917 710 993 subjicit.
748 918 910 977 Nam
945 921 1011 977 et
1045 916 1277 976 rabida
1310 923 1378 975 et
1426 916 1647 991 tepida
1697 919 1822 989 est,
1875 919 1942 975 et
1992 917 2056 974 in
2107 932 2504 991 unaquaque
2553 932 2755 974 causa
2802 916 3036 991 ululat,
3074 924 3142 976 et
3176 919 3324 978 cibo
3362 920 3505 980 sale

419 1038 547 1080 non
595 1021 860 1080 condito
912 1020 1156 1079 similis
1204 1025 1338 1093 est,
1391 1035 1512 1078 nec
1559 1020 1878 1094 gaudium
1928 1026 2207 1095 rectum,
2245 1036 2367 1078 nec
2416 1020 2765 1079 tristitiam
2815 1023 3065 1079 rectam
3115 1022 3335 1098 habet,
3374 1040 3495 1084 nec

417 1124 769 1200 prophetia
805 1125 988 1183 illam
1024 1123 1316 1197 inspicit,
1352 1139 1473 1183 nec
1508 1124 1838 1198 sapientia
1871 1139 2024 1183 cum
2074 1124 2189 1183 illa
2238 1123 2563 1198 loquitur,
2617 1122 2930 1198 quoniam
2980 1139 3100 1182 nec
3134 1125 3342 1200 radix,
3381 1142 3503 1185 nec

421 1225 654 1286 folium
706 1225 1092 1286 fructiferae
1141 1226 1405 1285 arboris
1454 1232 1591 1300 est,
1643 1228 1801 1302 quia
1853 1226 1915 1284 in
1951 1227 2174 1286 radice
2208 1226 2597 1303 prophetiae
2647 1226 2822 1285 sieut
2872 1243 2982 1285 ros
3036 1227 3099 1286 in
3147 1242 3338 1287 mane
3372 1244 3505 1288 non

418 1329 662 1403 madet,
702 1345 820 1388 nec
856 1330 922 1388 in
959 1329 1117 1389 folio
1151 1328 1635 1388 aedificationis
1672 1330 2040 1404 sapientiae
2077 1331 2143 1388 in
2177 1329 2453 1389 meridie
2503 1330 2739 1403 surgit.
2793 1329 3034 1404 Spuma
3070 1332 3246 1390 enim
3279 1334 3345 1391 et
3391 1348 3511 1407 pu·-

419 1436 606 1494 tredo
640 1441 767 1509 est,
805 1450 926 1493 nec
975 1436 1214 1509 gustus
1265 1434 1331 1492 in
1380 1434 1694 1505 scientia,
1747 1440 1866 1491 n'ec
1916 1434 2108 1493 cibus
2161 1434 2225 1492 in
2272 1433 2589 1509 operibus
2623 1437 2747 1506 est,
2785 1449 2905 1492 nec
2943 1434 3006 1491 in
3043 1434 3177 1493 ulla
3211 1436 3504 1496 utilitate

415 1544 661 1612 manet,
715 1552 835 1597 nec
883 1539 1151 1613 vigilem
1205 1553 1498 1611 sensum,
1536 1553 1656 1595 nec
1689 1538 2131 1596 elevationem
2180 1538 2421 1596 mentis
2471 1536 2553 1595 ad
2586 1537 2794 1595 Deum
2829 1538 2893 1596 iu
2930 1539 3062 1597 ulla
3096 1541 3499 1601 auctoritate

416 1644 636 1704 habet.
675 1644 824 1717 Ipsa
857 1658 1123 1720 quoque
1159 1642 1571 1702 otiositatem
1605 1649 1671 1700 et
1704 1643 2042 1717 pigritiam
2080 1642 2162 1701 ad
2198 1657 2270 1701 se
2305 1642 2589 1715 colligit,
2628 1657 2779 1699 cum
2829 1642 3075 1716 quibus
3124 1659 3244 1718 per
3290 1644 3501 1720 pluri-

414 1764 520 1806 ma
571 1747 828 1806 lubrica
876 1754 943 1806 et
992 1746 1475 1805 contumeliosa
1524 1752 1773 1804 temere
1825 1746 2100 1819 incedit,
2152 1752 2219 1804 et
2268 1746 2488 1804 visum
2522 1761 2715 1803 suum
2754 1745 2836 1803 ad
2870 1745 3335 1807 diversitatem
3371 1747 3504 1807 sibi

413 1852 913 1910 occursantium
963 1850 1264 1925 infigens,
1317 1866 1394 1908 ea
1443 1866 1614 1924 quae
1664 1849 1778 1908 Dei
1830 1854 1985 1908 sunt
2034 1849 2480 1921 obliviscitur,
2534 1864 2684 1907 cum
2734 1849 2937 1908 etiam
2972 1849 3359 1925 corporales
3395 1866 3505 1910 ne-

415 1954 846 2012 cessitudinis
897 1969 1058 2013 suae
1107 1969 1350 2012 causas
1384 1953 1729 2012 multoties
1774 1954 1872 2012 sic
1906 1953 2204 2027 negligit.
2241 1950 2362 2011 Sed
2399 1952 2515 2027 qui
2548 1951 2679 2011 Deo
2716 1958 2987 2011 strenue
3020 1958 3085 2011 et
3123 1954 3186 2011 in
3221 1954 3505 2013 austeri-

415 2059 550 2115 tate
585 2056 762 2114 vitae
796 2071 958 2115 suae
990 2055 1331 2115 desiderat
1369 2055 1701 2130 famulari,
1742 2055 1942 2131 hujus
1975 2055 2127 2114 vitii
2174 2056 2505 2114 vanitates
2541 2053 2923 2129 abhorreat,
2959 2061 3025 2114 et
3070 2071 3138 2114 se
3175 2057 3311 2115 tam
3359 2072 3507 2115 cor-

411 2178 572 2238 pore
621 2177 821 2237 quam
871 2162 1118 2237 spiritu
1166 2161 1657 2235 constringenS,
1696 2161 1777 2220 ad
1810 2160 2020 2220 Deum
2071 2176 2143 2219 se
2190 2159 2428 2234 erigat.
2482 2159 2647 2219 Cum
2695 2159 2872 2218 enim
2907 2158 3103 2217 homo
3140 2159 3205 2217 in
3240 2159 3503 2219 coelum

412 2263 814 2338 extenditur,
866 2278 1018 2322 cum
1068 2263 1236 2323 facie
1285 2264 1436 2323 fidei
1486 2264 1694 2323 Deum
1744 2263 2051 2337 videndo,
2105 2264 2322 2338 ipsum
2373 2262 2891 2336 diligentissima
2940 2262 3501 2337 contemplatione

412 2367 778 2440 osculatur,
807 2374 874 2425 et
900 2367 1289 2427 firmissima
1317 2367 1646 2428 charitate
1674 2368 2119 2443 amplectitur.
2146 2360 2372 2447 Tum¹)
2404 2367 2469 2425 in
2490 2365 2754 2425 homine
2784 2366 2911 2424 isto
2939 2366 3310 2441 completur
3328 2366 3504 2442 quod

420 2472 518 2529 sic
556 2471 878 2546 scriptum
915 2477 1039 2529 est:

1849 2680 2059 2740 XLVI.

1729 2892 1924 2951 Verba
1976 2893 2204 2952 David.

503 3101 608 3161 62.
641 3101 981 3162 Delectat-2
1009 3104 1081 3161 in
1119 3103 1416 3176 Domino,
1451 3108 1510 3160 el
1540 3102 1710 3160 dabit
1751 3101 1865 3160 tibi
1895 3102 2250 3178 petitiones
2277 3102 2488 3162 cordis
2515 3105 2634 3163 tui.
2661 3100 2711 3182 ²)
2743 3103 2925 3174 Quod
2952 3101 3156 3164 etiam
3184 3106 3281 3164 sic
3310 3103 3502 3166 intel-

415 3203 750 3279 ligendum
787 3210 908 3264 est.
946 3205 1042 3263 Tu
1074 3206 1188 3279 qui
1225 3205 1510 3264 fideliter
1548 3206 1608 3263 in
1642 3204 1847 3263 Deum
1883 3206 2126 3277 crediS,
2163 3208 2230 3264 et
2262 3205 2374 3281 qui
2414 3204 2633 3264 fidelia
2681 3222 2881 3281 opera
2931 3208 3256 3281 operaris,
3306 3224 3499 3266 omne

407 3306 963 3368 delectamentum
997 3310 1323 3368 virtutum
1358 3308 1440 3368 ad
1477 3316 1540 3368 te
1574 3310 1835 3384 collige,
1877 3310 1942 3368 in
1977 3310 2090 3368 illo
2124 3309 2482 3381 delectare,
2518 3311 2632 3384 qui
2667 3309 2985 3369 Dominus
3019 3311 3492 3370 universorum

410 3414 538 3480 est,
577 3411 763 3471 illum
797 3412 1081 3471 fideliter
1107 3428 1414 3489 sequenS,
1444 3415 1510 3472 et
1546 3413 1733 3471 illum
1769 3413 2053 3471 fideliter
2084 3412 2390 3486 diligenS,
2428 3412 2541 3487 qui
2571 3412 2850 3472 Creator
2883 3417 3040 3471 tuus
3072 3418 3197 3473 est.
3233 3413 3312 3472 Et
3345 3426 3498 3472 cum

413 3515 513 3571 sic
549 3515 613 3572 in
641 3516 754 3575 illo
779 3516 1158 3590 delectariS‚
1187 3516 1372 3576 dabit
1398 3517 1519 3575 tibi
1546 3532 1625 3576 ea
1649 3533 1821 3593 quae
1850 3518 2020 3575 bona
2048 3522 2224 3591 sunt,
2254 3521 2321 3576 et
2350 3516 2413 3575 in
2439 3515 2683 3592 quibus
2709 3532 3047 3592 nunquam
3075 3533 3373 3586 aresceS,
3400 3518 3500 3576 vi-

408 3616 652 3677 delicet
678 3620 1039 3680 secundum
1067 3620 1244 3696 quod
1270 3621 1468 3698 petiS,
1491 3626 1557 3680 et
1583 3620 1947 3680 secundum
1974 3621 2151 3697 quod
2178 3625 2508 3681 cortuum
2526 3621 2863 3680 desiderat
2879 3615 2951 3699 ⁸).
2973 3622 3310 3693 Quomodo
3330 3623 3496 3682 fides

412 3721 612 3794 enim,
641 3738 773 3798 qua
802 3723 867 3782 in
890 3722 1099 3783 Deum
1126 3730 1305 3783 recte
1332 3724 1579 3794 crediS,
1615 3724 1782 3784 nihil
1817 3730 1879 3782 te
1899 3731 2128 3801 petere
2148 3740 2348 3801 quam
2370 3725 2545 3800 quod
2561 3724 2819 3800 justum
2845 3726 2949 3784 est
2965 3724 3316 3801 permittit,
3340 3725 3431 3784 ita
3446 3719 3495 3802 ⁴)

410 3827 883 3903 contemplatio
922 3828 1058 3900 illa,
1096 3843 1297 3904 quam
1332 3827 1494 3887 fides
1526 3828 1740 3902 docet,
1778 3829 1845 3887 in
1877 3835 2154 3904 aspectu
2187 3829 2302 3888 Dei
2337 3828 2503 3888 nihil
2537 3845 2737 3905 quam
2770 3828 2948 3904 quod
2980 3828 3114 3887 Deo
3147 3830 3390 3905 placet,
3426 3834 3494 3888 et

413 3944 615 4004 quam
648 3930 821 4006 quod
857 3937 1200 3990 aeternum
1249 3937 1375 4006 est,
1420 3932 1607 4008 petit.
1645 3932 1810 3992 Nam
1844 3932 1903 3991 si
1937 3934 2138 3993 etiam
2172 3949 2293 4008 pro
2326 3933 2730 3992 necessitate
2766 3938 2880 3991 tua
2913 3932 2994 3992 ad
3026 3931 3234 3992 Deum
3280 3933 3501 4007 suspi-

415 4048 546 4106 ras,
583 4039 651 4092 et
684 4035 743 4092 si
778 4035 978 4093 etiam
1015 4050 1134 4110 pro
1182 4036 1587 4094 necessitate
1639 4034 1868 4095 fratris
1919 4036 2014 4095 tui
2059 4037 2140 4095 ad
2188 4035 2397 4095 Deum
2446 4037 2721 4106 clamaS‚
2776 4035 2879 4096 his
2912 4035 3103 4095 bonis
3137 4043 3204 4095 et
3240 4036 3495 4095 sanctis

410 4138 726 4212 operibus
752 4138 915 4198 odor
943 4139 1263 4199 virtutum
1301 4139 1614 4198 charitati
1651 4139 1765 4198 Dei
1800 4141 2174 4216 appropiat,
2212 4144 2278 4200 et
2311 4140 2484 4198 Deus
2520 4140 2875 4214 petitiones
2914 4140 3079 4198 istas
3113 4155 3284 4215 quae
3313 4139 3495 4213 juste

415 4240 601 4313 fiunt,
641 4241 914 4316 implere
949 4259 1077 4301 non
1110 4245 1352 4302 cessat.
1391 4242 1568 4300 Haec
1602 4248 1821 4301 autem
1859 4243 1940 4300 de
1974 4243 2454 4317 poenitentium
2490 4241 2840 4300 animabus
2874 4242 3239 4317 purgandis
3273 4247 3341 4301 et
3366 4242 3497 4301 sal-

415 4345 647 4404 vandis
680 4344 861 4405 dicta
894 4349 1069 4420 sunt,
1106 4348 1172 4407 et
1207 4346 1428 4406 fidelia
1462 4352 1638 4420 sunt,
1679 4352 1745 4404 et
1795 4345 2011 4405 fidelis
2046 4346 2153 4404 his
2187 4345 2509 4416 attendat,
2545 4350 2612 4403 et
2644 4360 2723 4402 ea
2759 4345 2821 4402 in
2860 4345 3245 4403 memoriam
3282 4345 3494 4404 bonae

412 4448 729 4508 scientiae
763 4456 1136 4526 componat.

498 4553 603 4614 63.
639 4554 884 4614 Deinde
919 4555 1089 4615 alios
1123 4555 1420 4630 ejusdem
1458 4555 1908 4615 multitudinis
1943 4556 2225 4632 spiritus
2258 4555 2419 4623 vidi,
2456 4570 2625 4629 quos
2658 4570 2888 4613 omnes
2925 4569 3162 4629 magno
3197 4554 3490 4615 clamore

412 4657 860 4717 vociferantes
911 4659 1156 4718 audivi:
1207 4658 1472 4718 Lucifer
1519 4658 1837 4718 Dominus
1871 4663 2012 4731 est,
2066 4657 2381 4734 quoniam
2414 4657 2743 4716 elementa
2777 4661 3130 4732 praecepto
3165 4656 3309 4732 ejus
3344 4657 3496 4717 obe-

411 4761 616 4822 diunt.
651 4761 730 4822 Et
765 4763 874 4822 isti
911 4764 1237 4823 elementa
1265 4763 1564 4823 studiose
1600 4764 2053 4839 inspexerunt,
2089 4768 2157 4821 et
2189 4760 2492 4821 homines
2528 4760 2611 4819 ad
2645 4759 3043 4820 maleficium
3069 4759 3490 4836 pertrahunt,

409 4873 474 4925 et
508 4872 578 4926 ut
614 4867 890 4942 magicis
926 4867 1186 4927 artibus
1221 4873 1288 4927 et
1322 4867 1661 4926 veneficiis
1697 4867 2036 4940 insistant,
2074 4867 2173 4925 eis
2210 4865 2633 4940 persuadent.

485 5148 524 5212 ¹)
551 5155 678 5202 tunc
701 5154 750 5202 et
785 5151 842 5203 in
869 5150 1081 5203 nornine
1109 5148 1194 5201 W.
1237 5179 1294 5186 —
1320 5149 1364 5212 ²)
1396 5147 1479 5201 rs.
1511 5145 1779 5208 xxxvl,
1812 5149 1859 5200 A.
1894 5177 1958 5186 -
1986 5145 2030 5212 ⁸)
2056 5146 2343 5200 secundum
2367 5163 2458 5201 cor
2484 5150 2635 5198 tuum
2661 5144 2932 5198 desideras
2955 5141 3020 5195 A.
3053 5171 3121 5179 --
3147 5139 3187 5205 ⁴)
3215 5145 3263 5195 et
3287 5138 3359 5201 A,
3389 5138 3478 5193 W.
