4036 6117
691 452 825 512 212
1770 516 1776 520 ,
1842 469 1897 513 s,
1947 468 2501 514 ninnEGAnms

618 561 912 644 animam
959 584 1244 644 hominis
1293 584 1707 644 conciliando
1757 585 1998 661 perdit,
2051 586 2149 644 sic
2197 592 2265 645 et
2313 587 2485 645 latro
2535 584 2788 644 homini
2837 585 3285 646 substantiam
3345 583 3711 657 subtrahit,

582 703 693 774 ,ac
742 704 987 763 corpus
1039 688 1258 765 ipsius
1308 688 1572 749 occidit.
1624 689 1804 750 Unde
1853 695 1921 750 et
1952 707 1991 749 a
2023 689 2156 749 Deo
2193 696 2569 767 separatur,
2607 691 2674 749 et
2698 690 2828 749 nisi
2881 690 3261 766 resipiscat,
3301 688 3717 749 maledictio-

611 807 692 850 ne
743 792 1231 855 maledictionis
1287 793 1617 871 induetur,
1670 811 1748 855 ac
1782 801 2057 856 aeterna
2090 810 2303 871 poena
2337 794 2701 871 operietur,
2754 796 3076 871 quoniam
3109 801 3386 871 peccata
3420 812 3542 856 sua
3577 794 3725 871 ple-

619 896 795 957 niter
842 896 1146 974 perfecit.

2104 1108 2235 1169 LX.

1585 1317 1768 1389 Quod
1813 1320 1933 1396 sur
1982 1317 2251 1379 Diabolo
2300 1319 2737 1379 assimilatur.

712 1521 815 1582 78.
867 1522 991 1581 Sed
1046 1529 1114 1581 et
1162 1522 1273 1581 ille
1321 1524 1437 1599 qui
1491 1523 1908 1582 nocturnalis
1958 1523 2315 1584 insidiator
2360 1526 2487 1599 est,
2523 1522 2895 1585 diabolicae
2943 1523 3320 1601 deceptioni
3380 1523 3722 1584 assimila-

624 1630 758 1701 tur,
796 1626 1114 1701 quoniam
1143 1624 1466 1686 Diabolus
1498 1627 1913 1686 voluntatem
1939 1643 2132 1687 suam
2156 1628 2445 1703 quadam
2479 1634 2623 1688 arte
2648 1644 2730 1688 ne
2757 1628 3064 1688 videatur
3094 1628 3297 1703 velat,
3324 1628 3484 1704 quia
3510 1626 3731 1686 mani-

625 1728 795 1789 feste
842 1729 1178 1790 hominem
1224 1729 1534 1807 decipere
1566 1747 1698 1789 non
1729 1730 1952 1806 audet,
1989 1737 2057 1790 et
2090 1731 2216 1791 hoc
2265 1731 2412 1791 ideo
2460 1730 2645 1806 facit,
2694 1711 3027 1808 quatenus
3075 1731 3469 1792 thesaurum
3516 1728 3727 1806 justi-—

622 1839 758 1898 tiae
804 1838 887 1898 de
932 1837 1136 1898 corde
1181 1836 1475 1898 hominis
1528 1836 1810 1899 auferat.
1860 1836 2027 1897 Nam
2078 1836 2468 1897 felicitatem
2524 1838 2927 1898 salvationis
2981 1837 3268 1898 hominis
3325 1836 3488 1896 odit.
3538 1833 3722 1895 Deus

622 1944 845 2003 autem
900 1957 1096 2003 omne
1149 1942 1325 2019 quod
1383 1942 1708 2019 injustum
1763 1946 1869 2001 est
1917 1940 2160 2017 aufert,
2213 1957 2334 2001 nec
2383 1942 2798 2003 voluntatem
2855 1942 3038 2003 illius
3093 1942 3176 2002 ad
3231 1938 3723 2016 plenitudinem

621 2047 958 2124 nequitiae
993 2062 1154 2107 suae
1188 2046 1536 2122 pervenire
1572 2046 1925 2121 permittit,
1965 2046 2527 2123 quemadmodum
2565 2047 2894 2123 scriptum
2927 2051 3051 2107 est:

2089 2270 2245 2330 LXI.

1864 2462 2067 2525 Verba
2114 2464 2476 2542 Evanqelii.

717 2673 820 2734 79.
873 2674 1003 2753 qu
1050 2679 1356 2733 austerus
1390 2675 1575 2733 homo
1609 2690 1778 2746 sum,
1831 2672 2072 2732 tollens
2114 2673 2287 2751 quod
2335 2690 2471 2733 non
2496 2675 2718 2751 posui,
2756 2678 2818 2732 et
2853 2679 3108 2734 metens
3153 2672 3331 2752 quod
3358 2689 3492 2733 non
3527 2671 3734 2733 semi·-

625 2780 800 2838 navi.
825 2772 872 2857 ¹)
908 2775 1094 2849 Quod
1126 2764 1329 2837 etiam
1365 2776 1464 2835 sic
1498 2775 1998 2851 intelligendum
2043 2783 2168 2837 est.
2204 2776 2339 2852 Ego
2375 2776 2492 2853 qui
2534 2777 2757 2836 omnia
2803 2775 3119 2853 dijudico,
3150 2775 3373 2852 Justus
3405 2777 3475 2836 et
3506 2775 3724 2835 since-

623 2898 741 2942 rus
790 2886 857 2941 et
903 2881 1108 2941 etiam
1161 2880 1454 2939 clemens
1505 2879 1571 2938 in
1600 2878 1875 2955 judiciis
1933 2880 2104 2939 meis
2139 2895 2313 2955 sum,
2376 2880 2692 2955 quoniam
2750 2879 2974 2939 omnia
3020 2883 3299 2956 peccata
3353 2877 3725 2938 secundum

621 2986 990 3063 qualitates
1020 3000 1184 3044 suas
1213 2984 1540 3060 examino;
1594 2983 1705 3044 ubi
1740 2984 2105 3060 poenitenti
2155 2984 2685 3044 misericorditer
2721 2984 3073 3062 subvenio,
3109 2983 3576 3062 impoenitenti
3610 2999 3733 3044 au-

625 3098 758 3153 tem
800 3091 1128 3168 judicium
1177 3106 1399 3150 meum
1453 3105 1772 3166 propon0,
1810 3090 2054 3149 tollens
2089 3089 2451 3149 auferendo
2504 3089 2906 3166 injustitiam
2958 3105 3160 3165 quam
3209 3105 3339 3148 non
3372 3070 3723 3163 constitui,

622 3203 690 3257 et
737 3203 995 3256 metens
1043 3194 1322 3254 delendo
1372 3195 1623 3254 malum
1656 3193 1832 3271 quod
1867 3210 1997 3253 non
2046 3193 2350 3268 dilatavi3
2389 3194 2547 3270 quia
2579 3194 2757 3270 quod
2805 3193 3131 3270 injustum
3164 3199 3270 3254 est
3315 3209 3446 3254 non
3491 3193 3716 3270 posui,

626 3306 693 3360 et
740 3299 917 3377 quod
965 3300 1215 3359 malum
1262 3304 1367 3358 est
1414 3315 1546 3359 non
1594 3299 1952 3373 seminavi,
2014 3298 2133 3358 sed
2180 3298 2345 3360 haec
2394 3313 2515 3374 per
2559 3314 2720 3358 vera
2763 3298 3015 3374 judicia
3065 3296 3506 3374 reprehendO,
3560 3312 3729 3374 que-

626 3403 1054 3465 madmodum
1107 3404 1317 3480 piscis
1373 3410 1605 3464 contra
1662 3404 2076 3465 voluntatem
2132 3420 2324 3463 suam
2382 3403 2579 3463 hamo
2635 3402 3245 3479 comprehenditur.
3301 3403 3469 3463 Nam
3523 3417 3722 3463 omne

624 3509 800 3585 quod
850 3508 1101 3567 malum
1146 3512 1252 3566 est
1299 3514 1596 3584 conter0,
1634 3515 1702 3569 et
1735 3515 1967 3584 guttur
2021 3508 2169 3584 ejus
2217 3525 2299 3567 ne
2348 3515 2528 3568 stare
2576 3509 2794 3585 possit
2844 3509 3251 3585 constringo;
3302 3513 3369 3568 et
3403 3507 3504 3568 sic
3552 3506 3721 3568 tollo

627 3615 740 3674 ubi
791 3629 920 3673 non
952 3629 1146 3688 pono,
1183 3618 1249 3671 et
1296 3615 1473 3673 meto
1522 3613 1698 3689 quod
1748 3629 1880 3673 non
1927 3614 2217 3687 semino,
2277 3614 2463 3673 velut
2508 3614 2714 3673 etiam
2761 3613 2842 3674 de
2893 3613 3152 3674 inferno
3199 3613 3325 3673 tuli
3373 3611 3552 3689 quod
3599 3628 3717 3673 vo-

625 3720 743 3796 lui,
770 3717 821 3798 ⁴²)
858 3735 1012 3779 cum
1044 3718 1233 3778 illum
1279 3717 1675 3793 despoliavi;
1710 3721 1778 3777 et
1808 3718 1995 3777 velut
2029 3717 2113 3777 ab
2147 3718 2372 3793 impiis
2407 3718 2778 3794 nequitiam
2810 3735 3045 3779 eorum
3081 3734 3261 3793 seco,
3298 3732 3450 3777 cum
3484 3732 3603 3777 eos
3637 3713 3722 3776 ab

629 3824 972 3900 impietate
1022 3839 1144 3882 sua
1176 3826 1514 3882 converto,
1565 3821 1746 3882 Haec
1779 3827 2004 3882 autem
2051 3821 2134 3881 de
2166 3822 2650 3897 poenitentium
2697 3823 3052 3884 animabus
3086 3820 3455 3900 purgandis
3487 3825 3555 3880 et
3590 3819 3725 3880 sal-

626 3927 866 3990 vandis
913 3926 1094 3987 dicta
1142 3930 1322 4001 sunt,
1359 3932 1427 3986 et
1459 3926 1681 3987 fidelia
1730 3932 1910 4002 sunt,
1944 3931 2014 3987 et
2046 3924 2268 3986 fidelis
2316 3925 2424 3986 his
2460 3926 2784 4004 attendat,
2834 3933 2903 3988 et
2934 3942 3014 3987 ea
3064 3926 3131 3986 in
3178 3925 3571 3986 memoriam
3605 3922 3722 3984 bo·-

627 4050 751 4094 nae
785 4031 1108 4092 scientiae
1142 4035 1516 4105 componat.

719 4136 824 4196 80.
873 4135 954 4195 Et
986 4150 1142 4194 ecce
1191 4134 1364 4194 alios
1397 4134 1697 4211 ejusdem
1746 4134 2197 4195 multitudinis
2248 4136 2529 4212 spiritus
2577 4136 2736 4211 vidi,
2773 4150 2944 4212 quos
2976 4136 3179 4196 etiam
3214 4135 3313 4195 sic
3347 4133 3719 4194 clamantes

628 4241 874 4302 audivi:
915 4257 947 4298 α
985 4238 1154 4310 Quid
1204 4243 1310 4299 est
1358 4238 1535 4314 quod
1586 4239 1698 4298 ille
1744 4238 1923 4299 Deus
1972 4255 2127 4299 esse
2173 4239 2340 4316 vult,
2379 4256 2579 4316 quem
2610 4239 3088 4301 abhorremus?
3124 4257 3159 4298 »
3194 4239 3276 4300 Et
3306 4239 3377 4299 hi
3408 4239 3718 4300 homines

629 4346 711 4406 ad
762 4344 1111 4404 tristitiam
1160 4343 1414 4403 saeculi
1461 4343 1880 4419 pertrahunt;
1931 4349 2000 4404 et
2038 4349 2113 4405 ut
2147 4345 2213 4404 in
2261 4345 2542 4405 tristitia
2590 4322 3035 4420 marcescant,
3068 4345 3161 4406 ita
3194 4343 3371 4421 quod
3404 4343 3609 4405 etiam
3642 4358 3718 4404 se

629 4448 858 4508 vivere
889 4445 1179 4521 doleant,
1216 4446 1642 4522 persuadent.

707 4631 749 4697 ¹)
774 4632 907 4687 Luc.
939 4629 1102 4694 xlx.
1128 4635 1215 4687 22.
1249 4664 1316 4671 —
1341 4633 1388 4699 2)
1416 4633 1524 4689 tuli
1548 4649 1680 4705 qnos
1705 4633 1861 4691 volui
1884 4634 1979 4691 W.
