4036 6117
771 490 901 553 412
1936 507 1988 552 s.
2040 507 2574 555 manacannts

695 642 866 703 eam,
919 629 1225 689 firmante
1257 627 1393 690 Deo
1444 645 1648 706 super
1682 631 1897 708 ipsam
1947 633 2182 693 oculos
2218 650 2410 707 suoS‚
2466 637 2529 693 in
2564 633 2902 693 laborioso
2949 634 3131 694 vitae
3166 633 3371 712 hujus
3401 634 3649 712 stadio,
3682 634 3801 696 do-

697 749 822 794 nec
856 750 1140 794 coronae
1176 736 1482 795 bravium
1518 738 1874 811 acciperet,
1912 737 2236 796 inoffense
2278 741 2598 799 cucurrit.

783 837 1020 897 Sciens
1047 839 1481 898 nihilominus
1513 841 1981 901 discretiorem
2012 839 2058 919 ¹)
2094 843 2331 901 deberi>
2358 843 2543 902 vitiis
2591 842 3128 917 compassionem
3176 848 3490 918 naturae,
3527 859 3680 901 cum
3721 843 3789 901 in

689 946 873 1004 nullo
924 947 1052 1004 sibi
1103 955 1446 1022 parceret,
1498 953 1812 1026 essetque
1850 952 1914 1009 in
1964 952 2291 1009 exercitio
2336 951 2673 1025 spirituali
2724 950 2807 1009 ad
2856 951 3298 1026 subigendum
3348 951 3794 1010 recalcitrans

689 1052 993 1125 corporis
1022 1051 1420 1125 jumentum,
1460 1053 1586 1111 soli
1624 1054 1754 1112 sibi
1782 1054 2139 1126 austerior,
2177 1054 2469 1111 caeteris
2518 1053 2883 1112 secundum
2918 1055 3096 1128 quod
3145 1055 3414 1115 videbat
3447 1055 3788 1130 expedire,

690 1155 784 1213 ita
834 1171 906 1212 se
940 1161 1165 1229 aptam
1213 1158 1279 1213 et
1314 1155 1722 1215 conformem
1775 1158 2113 1230 exhibuit,
2166 1162 2240 1216 ut
2290 1157 2453 1216 nihil
2503 1158 2709 1231 citra,
2761 1157 2926 1216 nihil
2979 1174 3183 1232 supra
3233 1159 3503 1217 modurn
3553 1175 3786 1233 agenS‚

689 1258 847 1316 dum
896 1259 1225 1316 neminem
1262 1260 1365 1317 vel
1414 1275 1493 1317 ex
1529 1261 1924 1320 remissione
1975 1263 2302 1336 palparet,
2342 1262 2444 1320 vel
2495 1276 2575 1319 ex
2610 1263 2977 1320 severitate
3025 1266 3479 1337 exasperaret,
3516 1263 3790 1322 univer-

693 1362 791 1420 sis
839 1379 918 1421 ex
950 1363 1353 1424 discretione
1384 1371 1452 1423 et
1488 1365 1813 1425 modestia
1862 1383 1984 1425 sua
2018 1383 2148 1425 non
2197 1368 2325 1425 nisi
2373 1362 2425 1444 7)
2465 1365 3080 1441 irreprehensibilis
3120 1371 3496 1442 appareret.
3532 1368 3633 1426 Ita
3665 1382 3789 1440 per

693 1471 982 1544 gratiam
1032 1477 1418 1546 operantem
1455 1473 1520 1530 in
1553 1487 1635 1531 ea
1669 1472 1896 1541 fiebat,
1935 1477 2006 1530 ut
2041 1487 2193 1530 cum
2229 1472 2463 1547 religio
2504 1472 2651 1547 ejus
2687 1473 2856 1531 satis
2889 1478 3073 1531 esset
3104 1471 3438 1544 districta,
3475 1471 3642 1530 nulli
3690 1477 3787 1529 ta-

691 1588 842 1631 men
891 1590 1173 1633 onerosa
1209 1580 1324 1634 aut
1376 1576 1826 1650 importabilis
1875 1576 2260 1635 videbatur:
2314 1575 2426 1634 sed
2476 1576 2691 1634 instar
2739 1575 2909 1634 salis
2954 1575 3133 1651 quod
3180 1590 3475 1649 congrue
3524 1589 3786 1648 resper-

690 1692 877 1751 sum,
930 1679 1265 1754 quoslibet
1313 1694 1390 1738 ex
1429 1678 1863 1739 mordacitate
1915 1696 2038 1739 sua
2072 1678 2439 1739 condiendo
2490 1678 2824 1754 gratificat
2855 1679 3066 1752 cibOS‚
3106 1678 3453 1752 instarque
3499 1676 3638 1736 vini
3672 1693 3789 1752 op-

691 1781 877 1855 timi,
938 1782 1112 1857 quod
1163 1799 1240 1840 ex
1291 1785 1690 1841 austeritate
1740 1783 2033 1842 naturali
2082 1788 2382 1856 utenteS,
2436 1784 2651 1857 magis
2700 1783 3030 1841 exhilarat
3078 1797 3280 1857 quam
3328 1780 3642 1848 offendit,
3693 1781 3787 1839 ita

693 1901 973 1961 prorsus
1024 1886 1421 1945 cautissima
1468 1887 1688 1961 virgo,
1741 1888 2279 1963 quibuscumque
2312 1902 2391 1945 ex
2443 1886 2904 1946 familiaritate
2937 1887 3043 1945 vel
3092 1885 3429 1961 colloquio
3474 1885 3785 1960 jungere-

690 1994 823 2063 tur,
875 2005 1026 2048 cum
1061 1990 1341 2049 candida
1388 1985 1436 2068 ⁸)
1474 1996 1657 2050 esset
1704 1997 1771 2050 et
1806 1992 1953 2050 sine
1999 1992 2405 2065 adulatione,
2443 2007 2659 2067 neque
2696 1992 2918 2049 minus
2952 1990 3180 2049 verbis
3213 1992 3281 2048 et
3312 1988 3586 2065 scriptis
3620 1989 3789 2058 suis,

686 2106 808 2167 pro
842 2108 1199 2151 causarum
1250 2095 1508 2153 ratione
1558 2095 1903 2154 auditores
1953 2113 2116 2155 suos
2163 2102 2532 2170 pungeret,
2582 2111 2785 2171 quam
2836 2097 3132 2169 ungeret:
3171 2094 3270 2152 sic
3319 2093 3615 2168 inquam,
3648 2108 3784 2151 om·

686 2200 872 2257 nium
921 2199 1001 2258 ad
1039 2216 1110 2258 se
1161 2199 1680 2274 pertingentium
1718 2206 2018 2270 menteS,
2070 2201 2335 2259 divinae
2379 2200 2683 2276 justitiae
2736 2200 3061 2258 fermento
3110 2205 3423 2258 aestuare
3472 2197 3777 2256 faciebat.

688 2303 1002 2362 Rebelles
1048 2304 1306 2362 ordinis
1340 2321 1464 2362 non
1515 2306 1834 2364 continuo
1865 2321 2218 2365 exsecrare
2268 2309 2382 2364 aut
2415 2311 2789 2378 amputare.
2842 2306 2956 2364 sed
2990 2305 3447 2376 dissimulare,
3488 2318 3776 2377 monere,

689 2408 1017 2482 tolerare,
1077 2414 1430 2483 expectare
1464 2411 1798 2484 patienter
1855 2411 2148 2484 solebat,
2207 2409 2418 2469 donec
2473 2411 2816 2469 revelante
2862 2389 3036 2485 Deo,
3095 2410 3256 2486 quid
3304 2411 3366 2469 ei
3424 2425 3631 2484 super
3679 2410 3779 2469 his

692 2513 1020 2586 agendum
1056 2517 1260 2588 esset,
1300 2515 1654 2573 consilium
1692 2515 2049 2591 acciperet.

777 2616 918 2675 Hoc
967 2633 1094 2675 non
1153 2619 1395 2692 solum,
1447 2634 1599 2677 cum
1634 2619 1852 2677 adbuc
1906 2620 1970 2678 in
2023 2620 2243 2677 monte
2294 2618 2508 2677 sancti
2558 2618 2858 2678 Disibodi
2910 2634 3059 2677 cum
3110 2618 3546 2693 paucioribus
3594 2618 3784 2691 dege-

685 2728 817 2796 ret,
870 2723 1280 2797 observavit,
1320 2725 1437 2783 sed
1487 2726 1770 2784 maxime
1806 2726 1945 2799 hic,
2002 2726 2127 2784 hoc
2161 2730 2265 2785 est
2302 2727 2369 2784 in
2400 2727 2657 2800 Bingia,
2694 2727 2808 2785 ubi
2848 2728 2909 2784 in
2959 2732 3225 2801 gentem
3261 2742 3568 2801 magnam
3613 2726 3775 2785 facta

682 2831 808 2894 est,
848 2826 1370 2899 vigilantissime
1418 2831 1792 2905 exequitur.
1828 2829 1953 2888 Sed
2003 2834 2076 2889 ut
2111 2831 2338 2905 priora
2374 2834 2694 2905 repetam,
2733 2847 2884 2889 cum
2924 2832 2990 2889 in
3024 2831 3170 2890 loco
3205 2846 3366 2889 suae
3401 2831 3778 2890 conversio·

683 2930 791 2987 nis
838 2929 1057 2988 adhuc
1103 2938 1522 3006 versaretur,
1576 2936 1726 3007 post
1761 2933 2030 3009 aliquod
2081 2950 2293 2992 annos
2323 2933 2747 2994 dormitionis
2796 2934 3077 2994 domnae
3123 2935 3344 2994 Juttae
3392 2935 3474 2993 ad
3513 2940 3776 2994 sanctae

680 3035 1118 3109 praelationis
1165 3036 1499 3109 officium,
1553 3038 1710 3097 licet
1760 3039 2098 3113 renitenS,
2153 3040 2544 3099 assumitur.
2597 3039 2730 3100 Deo
2790 3041 3107 3099 nimirum
3150 3040 3286 3116 jam
3337 3040 3580 3100 merita
3637 3040 3775 3115 eJus

681 3141 1065 3215 propalare,
1117 3148 1184 3199 et
1217 3156 1362 3200 eam
1412 3158 1533 3218 pro
1568 3144 1871 3218 exemplo
1922 3144 2003 3201 ad
2042 3144 2306 3202 laudem
2342 3144 2628 3202 nominis
2664 3146 2765 3202 sui
2802 3150 2867 3202 et
2905 3143 2983 3202 ad
3020 3144 3506 3203 correctionem
3542 3146 3775 3203 multo-

686 3260 834 3303 rum
884 3244 1316 3305 manifestare
1352 3247 1626 3320 mundo,
1678 3254 1746 3307 et
1784 3248 2211 3322 magnificare
2247 3248 2663 3323 disponente,
2702 3264 2922 3307 sermo
2955 3248 3217 3307 Domini
3250 3265 3381 3307 non
3415 3249 3482 3307 in
3517 3255 3771 3308 noctur·

680 3365 764 3407 na
799 3349 1084 3424 visione,
1138 3351 1254 3409 sed
1293 3351 1356 3410 in
1405 3359 1638 3426 aperta
1673 3353 1829 3410 illus
1882 3353 2165 3431 rationis
2215 3368 2375 3410 suae
2424 3351 2814 3426 offensione,
2870 3352 3087 3412 factus
3120 3358 3228 3413 est
3261 3353 3343 3411 ad
3378 3369 3549 3426 eam,
3590 3368 3768 3429 prae-

681 3453 936 3527 cipiens
987 3459 1058 3513 ut
1091 3470 1169 3513 ea
1217 3471 1389 3529 quae
1422 3458 1484 3514 ei
1532 3456 1854 3515 divinitus
1904 3457 2399 3529 revelarentur,
2453 3457 2609 3531 styli
2645 3456 2869 3517 officio
2915 3458 3333 3533 declararet,
3384 3462 3452 3518 et
3499 3457 3767 3533 legenda

682 3556 1024 3615 Ecclesiae
1075 3558 1390 3616 traderet.

2184 3713 2284 3772 IV.

770 3920 861 3979 De
898 3922 1088 3998 cujus
1123 3924 1384 3985 scilicet
1430 3925 1907 3985 illustrationis
1943 3925 2173 3997 modo,
2224 3931 2292 3983 et
2345 3925 2408 3983 in
2458 3925 2673 4000 primo
2724 3926 2875 3985 libri
2931 3927 3178 3988 Sciviaa
3227 3928 3561 4002 capitulo,
3614 3928 3772 3987 etin

678 4025 987 4108 plurimis
1048 4029 1458 4102 scriptorum
1518 4046 1795 4089 suorum
1842 4029 2047 4102 locis,
2110 4034 2177 4087 et
2232 4030 2591 4103 praecipue
2652 4030 2715 4087 in
2772 4031 3063 4105 epistola
3121 4047 3323 4106 quam
3381 4031 3543 4090 mihi
3594 4038 3771 4091 ante-

679 4144 881 4201 quam
915 4128 998 4187 ad
1047 4145 1192 4188 eam
1253 4132 1583 4205 venirem,
1647 4147 1850 4207 super
1908 4131 2035 4189 hoc
2091 4146 2211 4205 per
2267 4130 2531 4189 litteras
2583 4131 2955 4191 sciscitanti
3014 4133 3231 4207 misit,
3292 4134 3593 4209 plenarie
3641 4134 3769 4192 dis-

679 4235 910 4293 seruit.
958 4231 1006 4311 ⁴)
1044 4236 1252 4306 Quam
1304 4238 1415 4312 qui
1455 4238 1724 4311 legerit,
1779 4252 1986 4311 supra
2020 4252 2281 4296 omnem
2320 4236 2857 4297 aestimationem
2900 4254 3349 4314 expavescere
3377 4246 3629 4314 potest,
3665 4256 3774 4298 no-

679 4354 831 4396 vam
881 4344 947 4395 et
997 4338 1320 4399 hactenus
1370 4342 1639 4399 saeculo
1691 4341 2097 4414 incognitam
2149 4339 2618 4399 illustrationis
2664 4341 2992 4400 humanae
3029 4343 3270 4401 mentis
3315 4345 3689 4402 materiem:
3723 4339 3766 4419 ⁵)

676 4439 833 4497 dum
880 4440 1127 4523 dicitur
1159 4442 1242 4500 ab
1296 4443 1571 4502 infantia
1608 4460 1730 4502 sua
1779 4443 2069 4519 quodam
2118 4443 2366 4500 lumine
2417 4443 2593 4518 quod
2651 4442 2887 4503 Umbra
2930 4448 3210 4504 viventis
3260 4447 3538 4505 luminis
3588 4448 3769 4506 audit

675 4544 927 4618 vocari,
978 4546 1268 4604 animam
1305 4564 1497 4605 suam
1549 4548 1885 4621 irradiari,
1923 4562 2205 4621 eamque
2254 4549 2322 4605 in
2358 4547 2483 4606 hoc
2518 4564 2787 4606 sursum
2827 4550 2890 4608 in
2938 4549 3359 4609 altitudinem
3398 4552 3769 4611 firmamen-

674 4649 747 4719 ti,
801 4649 1168 4708 secundum
1221 4651 1722 4710 vicissitudines
1758 4652 2008 4710 diversi
2060 4651 2237 4709 aeris
2272 4651 2657 4724 ascendere,
2696 4659 2897 4727 atque
2936 4654 3110 4712 inter
3144 4654 3457 4714 diversos
3495 4656 3771 4732 populos

674 4749 832 4811 licet
881 4755 1373 4814 remotissimos
1423 4756 1731 4829 dilatari,
1785 4756 2093 4830 idemque
2144 4756 2367 4813 lumen
2419 4756 2706 4814 inlocale
2736 4772 2918 4830 esse,
2969 4752 3015 4835 ⁶)
3054 4774 3267 4833 neque
3318 4759 3611 4831 spatium
3659 4760 3773 4817 ali-

671 4861 850 4937 quod
903 4860 967 4919 in
1000 4876 1079 4920 eo
1130 4878 1202 4920 se
1237 4862 1664 4921 considerare
1714 4879 1937 4937 posse,
1975 4864 2042 4920 et
2079 4862 2143 4919 in
2176 4877 2254 4920 eo
2292 4877 2589 4936 cernere,
2628 4870 2694 4921 et
2728 4880 2806 4921 ex
2842 4864 2966 4922 hoc
3000 4863 3295 4938 haurire,
3335 4865 3519 4923 nulla
3557 4871 3770 4923 tamen

752 5031 794 5096 ¹)
834 5034 1219 5087 districtionem
1240 5033 1422 5088 debere
1442 5032 1561 5088 cod.
1587 5048 1699 5103 quo
1720 5048 1884 5086 sensu
1907 5046 2018 5084 non
2042 5047 2183 5086 asse·
2273 5032 2448 5088 stolae
2486 5032 2763 5103 particula
2794 5034 2854 5089 in
2894 5034 3044 5090 vitae
3094 5035 3195 5090 lib.
3238 5034 3285 5097 l,
3317 5051 3372 5090 n.
3421 5040 3508 5097 11.
3548 5040 3772 5090 auctore

677 5134 842 5187 quor.
873 5150 940 5158 --
964 5120 1008 5183 2)
1036 5137 1146 5174 non
1172 5127 1345 5174 tamen
1372 5119 1492 5174 cod.
1526 5150 1593 5158 —
1618 5118 1661 5181 ³)
1689 5136 1806 5173 cum
1834 5119 2031 5172 invida
2056 5123 2184 5201 esset
2268 5117 2595 5175 Godefrido.
2628 5152 2694 5159 —
2721 5122 2764 5183 ⁵)
2792 5125 3081 5176 maner-iem
3105 5125 3295 5192 aperte
3322 5121 3443 5176 cod.
3475 5137 3547 5174 an
3576 5120 3766 5176 fortas·

680 5203 759 5259 sic
815 5208 1108 5274 protervus
1157 5203 1441 5258 librarius
1475 5235 1530 5243 —
1570 5203 1612 5269 ⁴)
1641 5204 1836 5257 Exstat
1868 5203 2041 5274 hujus
2068 5204 2181 5275 epi-
2271 5221 2328 5260 sc
2356 5211 2538 5269 recte,
2568 5224 2636 5262 cx
2667 5205 2859 5276 lingua
2890 5206 3141 5276 vulgari?
3170 5238 3234 5247 -
3259 5207 3303 5273 ⁶)
3330 5214 3458 5263 esset
3483 5207 3609 5263 cod.
