4036 6117
1299 520 1544 577 mann
1591 518 1794 575 5711·AE
1844 528 2337 578 memromm.
2388 531 2446 576 P.
2497 528 2561 575 ν.
3273 516 3406 578 215

388 644 629 725 potest,
667 648 931 722 corpori
965 662 1086 708 suo
1123 646 1550 710 afflictionem
1600 666 1722 725 pro
1755 649 2054 727 peccatis
2091 649 2235 708 suis
2272 649 2590 723 imponat,
2627 646 2695 708 et
2728 647 2827 706 sic
2878 648 2990 708 illa
3025 667 3174 708 cum
3220 650 3473 725 judicio

393 751 670 811 rectoris
703 752 806 810 sui
841 750 922 809 de
955 767 1027 810 se
1076 752 1392 825 excutiat,
1430 759 1762 828 quatenus
1811 770 1849 813 a
1883 752 2198 813 sordibus
2248 767 2477 811 eorum
2522 758 2871 827 purgatuS,
2910 768 3037 811 non
3085 754 3476 814 amaritudi-

395 875 539 918 nem
572 873 961 933 poenarum,
1000 857 1116 918 scd
1151 858 1550 917 suavitatem
1587 858 1765 917 vitae
1802 858 2116 917 inveniat.

1778 1075 2081 1141 LXVIIII.

797 1274 981 1347 Quod
1030 1274 1345 1353 maqister
1393 1274 1749 1352 qualitates
1799 1280 1860 1332 et
1905 1278 2181 1351 peccata
2228 1271 2634 1333 subditorum
2682 1274 3073 1335 considerat.

473 1478 580 1541 88.
640 1480 957 1555 Magister
1013 1488 1236 1542 autem
1295 1483 1672 1542 animarum
1730 1480 2193 1542 fortitudinem
2249 1485 2317 1541 et
2376 1481 2901 1543 imbecillitatem
2952 1500 3032 1544 ac
3077 1486 3476 1561 qualitatem

388 1586 808 1647 subditorum
861 1602 1136 1647 suorum
1183 1589 1251 1648 et
1299 1588 1690 1664 qualitatem
1741 1593 2174 1663 peccatorum
2207 1601 2442 1647 eorum
2477 1585 2956 1663 considerabit,
3008 1595 3073 1649 et
3106 1589 3310 1650 etiam
3342 1608 3477 1668 qua

384 1688 748 1751 intentione
782 1695 1055 1765 peracta
1088 1690 1220 1750 sint
1253 1692 1640 1768 perspiciet,
1691 1696 1759 1750 et
1805 1691 2169 1767 unicuique
2217 1691 2584 1767 poenitenti
2627 1690 2819 1767 juxta
2866 1692 3473 1757 considerationem

385 1803 663 1855 naturae
698 1795 934 1871 ipsiuS,
971 1802 1037 1854 et
1065 1796 1254 1871 juxta
1289 1796 1559 1856 modum
1594 1796 1877 1871 peccati,
1915 1811 1992 1855 ac
2022 1795 2215 1872 juxta
2249 1794 2518 1855 modum
2552 1794 3000 1870 poenitentiae
3035 1798 3307 1860 astabit.

1841 2019 2018 2085 Lxx.

1396 2223 1708 2298 Magister
1757 2221 2071 2300 quomodo
2122 2221 2447 2298 loquatur.

471 2428 580 2489 89.
632 2428 796 2489 Nam
845 2429 1170 2504 magister
1214 2426 1442 2489 videat
1490 2428 1823 2505 quomodo
1858 2430 2121 2505 virgam
2154 2426 2623 2507 correptionis»,
2674 2425 3043 2507 discipulos
3092 2448 3253 2493 suos
3285 2451 3474 2497 coer·

390 2532 623 2609 cend0‚
664 2533 730 2593 in
764 2534 1072 2595 manibus
1106 2533 1252 2594 suis
1284 2538 1530 2594 teneat.
1555 2526 1601 2612 ¹)
1637 2534 1788 2608 Ipse
1821 2534 1998 2594 enim
2036 2534 2370 2609 flagellum
2420 2532 2608 2592 duris
2656 2539 2724 2593 et
2764 2533 3026 2610 asperis
3059 2551 3323 2613 semper
3356 2540 3469 2617 sit,

383 2637 698 2712 quoniam
733 2636 791 2696 si
823 2651 942 2697 eos
974 2639 1249 2713 propter
1291 2635 1656 2696 utilitatem
1705 2635 1994 2712 alicujus
2044 2635 2359 2697 utilitatis
2408 2633 2772 2696 secundum
2818 2634 3232 2699 voluntatem
3280 2657 3474 2703 suam

384 2741 477 2801 ire
500 2739 910 2817 permiserit,
932 2740 1200 2802 omnino
1230 2740 1517 2801 rebelles
1542 2740 1999 2816 efficerentur,
2026 2738 2077 2820 ²)
2106 2746 2174 2801 et
2199 2756 2351 2801 eum
2376 2740 2604 2815 etiam,
2636 2740 2695 2799 si
2719 2741 3081 2817 potuerint,
3114 2745 3314 2804 morti
3343 2752 3477 2806 tra-

380 2843 557 2905 dent.
608 2843 706 2904 Ad
756 2844 909 2904 illos
959 2849 1185 2904 autem
1233 2844 1348 2920 qui
1398 2860 1551 2904 cum
1598 2861 1808 2921 parvo
1856 2844 2109 2904 lumine
2156 2844 2408 2918 lucent,
2447 2859 2600 2904 cum
2633 2843 2908 2903 lenitate
2940 2836 3278 2924 loquatur,
3314 2850 3475 2926 quia

382 2948 438 3009 si
468 2963 591 3009 eos
624 2963 777 3009 cum
811 2947 1178 3010 acerbitate
1211 2948 1631 3009 circumdare
1664 2949 1979 3024 voluerit,
2006 2942 2057 3029 ³)
2094 2948 2362 3010 omnino
2398 2947 2891 3023 extinguentur,
2920 2956 2987 3008 et
3013 2950 3273 3026 pejores
3298 2954 3478 3030 prio·

384 3052 572 3114 ribus
606 3051 791 3114 fient.

1811 3265 2001 3326 LXXI
2018 3313 2031 3324 .

1423 3479 1626 3550 Quom
1636 3477 1755 3536 odo
1800 3479 2113 3555 mayister
2162 3478 2448 3561 corriqit.

465 3685 580 3749 90.
628 3685 793 3749 Nam
844 3686 1168 3763 magister
1217 3687 1284 3746 in
1329 3686 1590 3747 duabus
1637 3687 1948 3764 partibus
1996 3688 2116 3763 sit,
2154 3687 2415 3747 scilicet
2447 3685 2515 3746 in
2549 3685 2824 3747 lenitate
2855 3686 3058 3749 Jacob
3090 3694 3157 3749 et
3192 3688 3259 3751 in
3291 3708 3478 3754 acer‘

385 3795 596 3861 bitate
618 3799 813 3860 Esau.
839 3798 1043 3860 Jacob
1075 3798 1344 3875 quidem
1378 3798 1683 3876 deliquit,
1720 3799 1835 3859 sed
1870 3803 2093 3860 tamen
2127 3799 2491 3860 benevolus
2520 3797 2667 3873 fuit;
2701 3798 2879 3861 Esau
2910 3805 3135 3862 autem
3167 3803 3471 3881 deliquit.

387 3905 504 3964 sed
552 3910 777 3964 tamen
824 3917 980 3963 acer
1025 3908 1192 3964 erat.
1243 3901 1368 3963 Sed
1414 3902 1591 3963 Deus
1636 3903 1840 3964 Jacob
1887 3904 2163 3980 propter
2208 3902 2740 3963 benevolentiam
2784 3918 2976 3962 suam
3007 3902 3261 3982 dilexit,
3294 3908 3474 3969 Esau

386 4017 609 4071 autem
644 4012 919 4085 propter
950 4007 1488 4067 malevolentiam
1525 4023 1718 4068 suam
1752 4008 2170 4083 reprobavit:
2206 4007 2306 4070 sic
2351 4011 2420 4067 et
2468 4003 2790 4082 magister
2839 4005 3061 4067 faciat.
3112 4008 3308 4070 Illum
3356 4011 3474 4088 qui

386 4115 452 4174 in
497 4107 962 4174 benevolentia
993 4110 1347 4188 delinquit,
1383 4111 1467 4171 ad
1500 4126 1574 4170 se
1609 4110 1855 4184 trahat,
1892 4127 1973 4171 ne
2005 4110 2294 4184 deficiat3
2333 4109 2508 4169 hunc
2543 4114 2765 4169 autem
2801 4110 2916 4184 qui
2954 4110 3021 4169 in
3055 4111 3471 4188 malignitate

385 4217 736 4294 delinquit,
772 4229 1008 4291 aspere
1040 4213 1384 4289 corripiat,
1419 4229 1501 4273 ne
1534 4214 1618 4274 ad
1650 4213 1906 4290 majora
1941 4214 2117 4274 mala
2148 4213 2454 4290 profluat.
2492 4213 2626 4272 Iste
2660 4225 2927 4288 quoque
2975 4215 3090 4290 qui
3136 4229 3286 4274 cum
3322 4232 3474 4292 gra-

388 4325 449 4383 vi
476 4322 755 4383 vulnere
779 4318 1084 4394 deliquit,
1114 4318 1174 4377 si
1200 4317 1676 4395 poenitentiam
1713 4334 1910 4394 agere
1943 4318 2257 4392 voluerit,
2293 4315 2698 4393 adjutorium
2734 4316 3074 4392 praebeat,
3102 4323 3170 4377 et
3197 4319 3475 4380 vulnera

388 4428 536 4502 eJus
586 4425 860 4498 lambat,
910 4431 978 4486 et
1025 4422 1409 4485 consideret
1455 4424 1514 4483 si
1562 4423 1626 4483 ei
1659 4422 1861 4483 talem
1905 4438 2137 4483 curam
2170 4420 2574 4496 adhibuerit,
2611 4421 2880 4498 qualem
2914 4421 2977 4480 ei
3011 4421 3327 4483 adhibere
3357 4422 3470 4483 de-

391 4528 558 4604 buit,
593 4534 662 4589 et
694 4529 753 4590 si
785 4526 913 4588 hoc
946 4542 1019 4588 se
1052 4527 1430 4603 neglexisse
1461 4525 1865 4600 meminerit,
1902 4524 2205 4586 studiose
2238 4523 2595 4601 poeniteat.

461 4766 506 4832 ¹)
533 4772 750 4825 teneant
775 4765 865 4822 W.
895 4793 964 4806 -
983 4765 1030 4833 ²)
1055 4766 1351 4836 efficientur
1374 4761 1466 4821 W.
1497 4794 1566 4806 —-
1591 4761 1638 4831 ⁸)
1662 4764 1936 4822 volun-int
1962 4760 2054 4818 W.
