4036 6117
1271 530 1322 574 11
1387 530 1620 575 mauu
1680 528 1874 572 vi'rffi:
1934 525 2398 572 Mami-onum
3239 509 3318 567 89

293 660 520 704 sensus
557 645 716 704 talis
751 650 874 704 est.
913 645 1200 720 Fragilia
1236 662 1440 722 opera
1472 646 1850 717 mulierum,
1889 661 2060 721 quae
2098 645 2337 704 sortem
2374 643 2733 702 medullam
2782 643 3076 700 virorum
3112 658 3240 700 non
3275 641 3388 702 ha-

292 749 461 823 bent,
497 750 616 807 sed
666 765 840 825 quae
878 750 943 807 in
990 750 1263 809 miseria
1297 751 1601 810 cordium
1649 767 1922 810 suorum
1957 750 2039 808 ad
2090 764 2293 823 opera
2324 749 2440 807 illa
2490 746 2847 818 declinant,
2901 762 3071 822 quae
3125 748 3190 805 in
3225 746 3376 821 igne

291 851 572 927 Spiritus
608 852 835 912 Sancti
870 856 1059 912 cocta
1091 870 1223 913 non
1257 859 1433 928 sunt,
1472 861 1791 914 coxerunt
1826 854 1997 914 filios
2033 854 2344 929 propriae
2380 851 2747 911 voluntatis
2785 865 2966 923 suae;
3004 850 3117 910 ubi
3154 850 3388 909 ardent

289 960 351 1017 in
381 961 636 1020 carnali
670 961 1134 1034 delectatione,
1174 960 1346 1020 unde
1382 962 1586 1020 etiam
1612 961 1679 1019 in
1713 961 2065 1020 animabus
2093 961 2236 1018 suis
2263 965 2564 1034 pereunt,
2595 973 2743 1016 cum
2774 962 3047 1031 peccata
3075 964 3383 1015 aestuan-

288 1062 370 1121 tis
404 1065 632 1123 carnis
666 1065 749 1123 ad
784 1065 1300 1141 unumquodque
1335 1071 1683 1140 peccatum
1720 1065 2011 1124 trahunt.
2040 1065 2119 1123 Et
2155 1064 2251 1122 sic
2289 1064 2664 1122 voluntates
2699 1077 2953 1137 earum,
2984 1061 3239 1121 scilicet
3273 1078 3382 1121 eo-

288 1168 586 1229 rumdem
624 1169 989 1245 hominum,
1019 1170 1183 1229 fiunt
1217 1171 1407 1229 cibus
1445 1170 1766 1246 ipsorum,
1804 1186 1955 1228 cum
1990 1171 2211 1228 omnia
2248 1184 2418 1244 quae
2453 1167 2857 1241 desiderant,
2896 1167 3268 1241 perficiunt.
3306 1166 3383 1225 Et

285 1270 401 1329 hoc
438 1272 506 1329 in
539 1273 939 1333 contritione
972 1275 1038 1332 et
1076 1274 1138 1332 in
1174 1274 1448 1332 interitu
1481 1274 1854 1333 animarum
1894 1274 2158 1332 illorum
2204 1272 2474 1343 faciunt,
2513 1271 2627 1346 qui
2678 1272 2919 1346 populo
2954 1271 3071 1330 Dei
3124 1272 3187 1330 in
3224 1290 3374 1330 san-

281 1377 401 1436 ctis
434 1379 756 1453 operibus
789 1379 1213 1438 annumerari
1262 1378 1648 1439 debuerant.
1683 1373 1728 1456 ¹)
1764 1379 1947 1438 Unde
1997 1379 2065 1438 in
2099 1380 2278 1438 omni
2327 1377 2735 1453 perfectione
2786 1377 3113 1436 bonarum
3163 1379 3375 1437 virtu·-

285 1486 439 1556 tum,
477 1489 551 1542 et
584 1484 652 1542 in
684 1484 863 1543 omni
897 1485 1254 1544 sanctitate
1290 1483 1662 1544 honestatis
1695 1485 2102 1559 deficienteS,
2147 1484 2392 1543 dicunt:
2436 1503 2467 1542 «
2506 1484 2673 1554 Quid
2707 1489 2813 1542 est
2840 1483 2965 1543 hoc
2999 1484 3177 1560 quod
3208 1502 3375 1545 nun-

280 1603 472 1663 quam
513 1590 843 1651 vidimus?
875 1591 1169 1651 Plurima
1204 1591 1512 1652 audimus
1548 1608 1718 1668 quae
1755 1609 1883 1652 non
1921 1593 2378 1667 intelligimuS,
2418 1595 2484 1650 et
2516 1605 2687 1666 quae
2723 1607 2841 1649 nec
2877 1608 3037 1652 vera
3071 1608 3221 1652 esse
3257 1596 3383 1653 sci-

280 1708 440 1752 mus,
486 1711 517 1749 ι»
561 1695 743 1765 Quae
778 1711 930 1753 cum
965 1696 1398 1771 pertinaciter
1430 1696 1739 1768 dixerint,
1777 1696 2096 1771 gaudium
2132 1696 2310 1755 vitae
2361 1711 2511 1753 cum
2546 1695 2723 1753 omni
2774 1696 3129 1755 sanctitate
3166 1696 3230 1753 in
3280 1696 3380 1753 eis

274 1795 514 1871 deficit,
556 1814 637 1857 ac
687 1815 918 1859 omnes
955 1800 1240 1859 virtutes
1291 1816 1442 1858 cum
1475 1800 1720 1875 quibus
1756 1801 1972 1859 ornati
2023 1816 2176 1860 esse
2221 1798 2571 1873 debebant,
2629 1799 2693 1856 in
2726 1800 2825 1856 eis
2876 1799 3372 1873 extinguuntur.

285 1898 460 1957 Tunc
512 1902 810 1976 complet
856 1900 1245 1961 Dominator
1294 1909 1688 1962 cunctorum
1742 1903 1806 1961 in
1855 1904 1954 1962 eis
2002 1902 2364 1961 vindictam
2418 1917 2638 1974 suam,
2691 1901 2805 1960 ubi
2855 1917 3115 1960 omnem
3165 1904 3382 1963 zelum

275 2017 458 2061 suum
497 2020 709 2079 super
740 2020 856 2064 eos
889 2006 1158 2077 excitat,
1199 2006 1290 2065 ita
1326 2007 1501 2081 quod
1536 2024 1663 2066 non
1697 2006 2053 2082 parcendo,
2095 2005 2210 2066 sed
2245 2006 2437 2081 quasi
2474 2021 2593 2080 per
2628 2006 3123 2066 inundationem
3172 2007 3381 2066 effun-

276 2106 482 2168 dendo
521 2109 860 2184 flagellum
899 2127 1115 2183 suum,
1158 2111 1545 2186 iniquitates
1580 2127 1810 2169 eorum
1840 2112 2202 2181 exulcerat,
2234 2126 2379 2169 cum
2411 2126 2524 2168 eas
2551 2109 2966 2184 dedignando
2996 2109 3076 2169 ad
3104 2110 3387 2170 nihilum

273 2211 560 2272 deducit.
612 2213 691 2272 Et
739 2215 836 2272 sic
886 2215 1087 2273 etiam
1124 2215 1425 2273 accendit
1476 2216 1690 2273 zelum
1727 2231 1920 2272 suum
1958 2215 2021 2273 in
2060 2229 2346 2273 ascensu
2396 2214 2527 2282 illo,
2585 2214 2648 2271 in
2690 2193 2839 2289 quo*
2870 2212 3077 2272 Deum
3123 2215 3378 2288 aspice„

275 2331 338 2374 re
358 2312 408 2394 ²)
444 2316 808 2392 debebant,
840 2318 1013 2394 quod
1048 2334 1178 2378 non
1214 2318 1566 2392 faciebant,
1601 2319 1715 2377 sed
1755 2321 1817 2377 in
1853 2335 1983 2393 quo
2020 2317 2102 2376 ad
2138 2318 2520 2392 superbiam
2555 2317 2978 2392 anhelabant;
3009 2318 3121 2378 ubi
3159 2319 3225 2379 in
3260 2319 3384 2379 hu·-

273 2419 564 2492 J‘usmodi
599 2424 889 2480 montem
923 2437 996 2480 se
1030 2422 1411 2482 ascendisse
1462 2428 1718 2496 putant,
1760 2423 1823 2481 in
1857 2438 1987 2498 quo
2022 2421 2245 2481 nullus
2295 2437 2410 2480 eos
2445 2436 2762 2495 superare
2811 2421 3051 2481 valeat.
3098 2422 3281 2482 Tunc
3312 2430 3380 2482 et

278 2524 445 2582 eruit
499 2523 938 2584 fundamenta
985 2525 1284 2600 eJusdem
1318 2527 1694 2602 superbiae,
1733 2527 1890 2601 quia
1943 2527 2122 2585 illam
2173 2526 2439 2584 omnino
2481 2526 2791 2596 destruit,
2843 2531 2912 2585 et
2943 2526 3202 2586 radices
3235 2528 3381 2602 ejus

274 2624 596 2700 eradicat,
633 2643 715 2686 ne
750 2627 964 2688 denuo
1002 2637 1388 2727 exsurgant,
1427 2631 1520 2689 ita
1555 2630 1730 2705 quod
1763 2646 1884 2690 nec
1920 2631 1986 2688 in
2023 2630 2235 2703 initio,
2272 2645 2391 2688 nec
2426 2630 2493 2687 in
2528 2630 2654 2689 siue
2687 2630 2868 2690 illius
2898 2632 3034 2690 ulla
3069 2633 3254 2692 salus
3288 2635 3383 2693 in-

272 2733 602 2806 venietur,
657 2734 969 2809 quoniam
1025 2735 1149 2793 iter
1184 2736 1453 2793 illorum
1502 2736 1616 2810 qui
1651 2751 1797 2793 eam
1845 2736 2239 2810 sequuntur,
2293 2734 2560 2809 peribit:
2600 2734 2756 2813 quia
2799 2733 3004 2794 Deum
3045 2737 3156 2813 qui
3195 2737 3377 2816 ipsos

271 2837 546 2907 creavit,
585 2843 654 2896 et
686 2855 723 2896 a
757 2836 1033 2897 Diabolo
1071 2839 1404 2910 liberavit,
1445 2840 1513 2898 in
1548 2839 1671 2897 fide
1706 2856 1837 2897 non
1873 2838 2138 2898 habent.
2174 2833 2222 2908 ³)

619 3262 931 3321 Homines
965 3264 1078 3338 qui
1109 3265 1444 3338 proximos
1481 3264 1550 3319 in
1587 3265 1894 3336 anqustia
1925 3268 2210 3337 ponunt,
2250 3264 2424 3321 Deus
2460 3266 2696 3321 misere
2733 3264 3022 3339 deponit.

351 3472 455 3531 64.
515 3470 641 3529 Sed
680 3472 882 3531 etiam
918 3472 1094 3531 Deus
1128 3472 1528 3547 quibusdam
1575 3471 1979 3543 hominibus,
2034 3446 2293 3531 occulto
2324 3471 2575 3547 judicio
2611 3486 2754 3545 su0,
2812 3472 3128 3533 ultionem
3181 3490 3371 3534 suam

266 3576 710 3651 corporaliter
761 3575 1095 3648 immittit,
1158 3579 1227 3635 ut
1277 3577 1390 3651 qui
1440 3577 1882 3651 corporaliter
1936 3577 2418 3649 peccaverunt,
2481 3576 2923 3649 corporaliter
2978 3578 3365 3652 puniantur;

265 3681 426 3754 quod
466 3687 697 3739 tamen
731 3696 850 3739 cur
898 3680 1031 3754 fiat,
1086 3682 1229 3755 ipse
1279 3682 1464 3739 solus
1514 3681 1720 3749 novit,
1774 3682 1887 3756 qui
1939 3686 2201 3740 secreta
2252 3698 2373 3739 sua
2424 3697 2553 3739 non
2585 3681 2895 3741 omnibus
2946 3682 3351 3743 manifestat.

265 3783 418 3842 Nam
451 3800 616 3842 cum
666 3782 939 3858 quidam
973 3783 1276 3842 homines
1327 3784 1665 3857 proximos
1699 3801 1857 3843 suos
1911 3784 1974 3843 in
2008 3784 2392 3859 angustiam
2441 3786 2714 3858 ponunt,
2752 3790 2819 3843 et
2853 3800 3002 3843 cum
3055 3786 3369 3845 substan-

267 3890 418 3949 tiam
453 3904 700 3949 eorum
734 3887 1069 3964 auferunt,
1107 3905 1184 3947 ac
1219 3904 1371 3948 cum
1404 3904 1520 3947 eos
1558 3904 1675 3963 per
1710 3888 2129 3962 tyrannidem
2169 3890 2233 3948 in
2269 3890 2596 3948 servitute
2632 3888 2760 3947 sibi
2795 3889 3180 3963 subjiciunt:
3219 3905 3367 3948 sae-

266 4008 335 4065 pe
367 3994 621 4063 evenit,
661 3992 1169 4068 quod-vindicta
1201 3993 1316 4052 Dei
1351 3994 1504 4052 illos
1544 3993 1628 4052 ita
1684 3994 1995 4067 percutit,
2035 3993 2209 4069 quod
2246 3999 2312 4054 et
2350 3994 2476 4068 ipsi
2514 3994 2580 4051 et
2616 3993 2733 4052 filii
2780 4009 3012 4052 eorum
3048 3994 3130 4053 ab
3179 3996 3361 4053 omni

268 4095 586 4158 felicitate
639 4097 891 4156 saeculi
923 4097 1262 4171 deficiunt,
1315 4100 1381 4157 et
1416 4097 1591 4173 quod
1641 4097 1879 4156 deinde
1913 4098 2134 4165 cibum
2186 4098 2609 4157 contritionis
2659 4102 2726 4158 et
2760 4115 2891 4159 non
2936 4100 3367 4160 exultationis

264 4204 638 4262 comedunt:
676 4202 753 4261 Et
803 4203 1114 4278 quoniam
1168 4203 1424 4263 malitia
1460 4203 1524 4261 in
1561 4203 1741 4261 omni
1790 4203 2234 4277 perversitate
2269 4202 2335 4260 in
2385 4202 2484 4261 eis
2528 4203 2856 4276 completa
2890 4211 3016 4277 est,
3054 4207 3369 4281 complet·

263 4308 456 4368 etiam
491 4308 699 4378 Deus,
739 4309 918 4366 recto
947 4307 1199 4383 judicio
1233 4314 1302 4367 et
1338 4310 1519 4366 recta
1552 4306 2069 4380 examinatione,
2103 4306 2355 4380 judicia
2394 4323 2516 4365 sua
2551 4306 2615 4365 in
2647 4308 2835 4382 ipsis,
2867 4325 2944 4366 ac
2979 4308 3183 4368 etiam
3217 4324 3372 4370 con-

269 4413 464 4470 sumit
520 4412 674 4485 igne
726 4411 1032 4470 fiduciam
1084 4427 1338 4484 eorum,
1391 4415 1457 4470 et
1504 4411 1748 4469 evertit
1801 4409 2257 4470 fortitudinem
2309 4410 2624 4486 ipsorum:
2665 4411 2774 4470 ubi
2816 4412 3220 4473 munimenta
3258 4415 3372 4473 illa

269 4515 562 4573 concutit
596 4519 665 4573 et
697 4513 1008 4587 destruit,
1048 4515 1111 4572 in
1146 4513 1391 4590 quibus
1428 4515 1641 4588 magis
1677 4530 1874 4588 quam
1916 4514 1975 4571 in
2013 4512 2217 4572 Deum
2248 4514 2602 4574 confidunt.
2633 4515 2709 4573 Et
2741 4515 2919 4575 Deus
2944 4515 3109 4575 haec
3143 4520 3366 4578 omnia

272 4618 519 4678 faciens
551 4618 735 4692 juste
771 4619 1010 4677 cuncta
1042 4618 1387 4693 dijudicat,
1426 4620 1492 4677 et
1519 4618 1878 4693 unicuique
1909 4617 2173 4692 Judicia
2199 4634 2321 4676 sua
2356 4619 2718 4678 secundum
2765 4635 2965 4694 opera
3006 4621 3215 4694 ipsius
3252 4623 3371 4681 im-

271 4723 466 4794 ponit.
506 4720 687 4780 Deus
720 4722 894 4780 enim
933 4723 1155 4781 omnia
1191 4723 1340 4793 scit,
1379 4728 1446 4781 et
1482 4723 1763 4780 scientia
1800 4722 1981 4780 illius
2018 4723 2180 4780 nulli
2220 4724 2661 4796 perditionem
2720 4723 2900 4797 facit,
2939 4724 3233 4800 alioquin
3265 4727 3368 4801 ju-

271 4830 403 4885 stus
432 4825 638 4900 judex
673 4841 803 4884 non
838 4830 1039 4885 esset.
1077 4826 1201 4885 Sed
1236 4826 1552 4886 Diabolus
1588 4826 1762 4901 quod
1802 4825 2001 4899 videt,
2041 4829 2109 4885 et
2141 4828 2316 4901 quod
2364 4828 2513 4900 scit,
2552 4834 2870 4903 quantum
2913 4829 2975 4888 in
3011 4844 3082 4886 se
3118 4836 3363 4904 potest,

277 4930 550 5003 perdere
586 4934 818 4990 tentat.
853 4931 1030 4991 Deus
1065 4934 1285 4990 autem
1324 4946 1589 5003 semper
1638 4936 1706 4988 et
1740 4945 2005 5004 semper
2043 4930 2186 5003 fuit,
2240 4937 2306 4990 et
2346 4931 2492 4991 ideo
2529 4933 2751 4990 omnia
2793 4933 3121 4991 absconsa
3160 4934 3364 4999 novit:

281 5034 595 5095 Diabolus
631 5051 789 5096 vero
825 5037 939 5113 qui
980 5036 1240 5095 initium
1277 5036 1497 5107 habet,
1534 5035 1754 5093 omnia
1789 5050 1961 5109 quae
2000 5035 2173 5096 facta
2208 5042 2398 5093 erant
2436 5035 2623 5107 vidit,
2679 5035 2793 5092 sed
2831 5036 3034 5095 corda
3086 5034 3366 5093 interius

341 5187 383 5251 ⁸}
410 5191 711 5247 debumm
737 5191 802 5246 A.
835 5223 901 5233 —
926 5192 971 5255 ²>
1001 5194 1260 5261 inspicere
1285 5189 1348 5244 Α.
1379 5222 1441 5229 -
1465 5188 1508 5254 ³)
1538 5190 1769 5243 habeant
1797 5187 1860 5242 A.

3129 5296 3163 5331 ql
