4036 6117
1702 533 2162 581 Er1sr0LA13.
3259 511 3389 572 355

372 665 753 743 virginibus
809 667 878 726 et
924 681 962 724 a
1019 660 1361 723 monachis
1424 658 1724 720 Ecclesia
1786 660 1974 736 prius
2024 659 2425 733 ornabatur,
2485 662 2892 734 quapropter
2947 661 3014 715 et
3062 671 3291 716 omnes
3341 670 3456 731 po-

372 772 514 847 puli
565 773 748 846 ipsos
799 768 993 845 quasi
1044 767 1316 843 angelos
1363 764 1747 839 narrabant,
1800 764 1977 823 sicut
2024 769 2093 824 et
2131 762 2211 822 de
2263 762 2430 838 ipsis
2479 761 2804 838 propheta
2847 761 3275 821 clamaverat:
3330 761 3454 832 Qui

373 882 528 935 sunt
555 877 691 948 isti,
719 875 835 952 qui
866 879 941 932 ut
975 871 1179 932 nubes
1213 869 1457 943 volant,
1487 873 1549 927 et
1578 868 1767 944 quasi
1800 866 2131 928 columbae
2164 867 2249 925 ad
2272 867 2603 944 fenestras
2638 866 2825 923 suas?
2854 858 2900 941 ¹)
2935 862 3014 922 Et
3046 861 3280 921 eodem
3314 860 3458 937 Spi-

368 981 526 1052 ritu,
562 995 695 1056 quo
735 976 916 1037 istud
966 976 1322 1052 probatum
1360 972 1508 1045 fuit,
1543 972 1746 1031 etiam
1783 970 2036 1030 dictum
2069 976 2195 1030 est:
2256 971 2442 1047 Vir-90
2474 971 2818 1046 concipiet,
2869 974 2930 1026 et
2960 968 3181 1044 pariet
3216 966 3454 1046 filium,

366 1095 428 1145 et
463 1085 794 1145 vocabitur
825 1100 1066 1142 nomen
1095 1078 1237 1154 ejus
1273 1076 1691 1139 Emmanuel.
1724 1071 1775 1154 ²)

457 1187 562 1247 Sic
614 1188 678 1245 in
710 1184 1021 1245 omnibus
1069 1180 1428 1254 creaturis,
1460 1178 1672 1238 Filius
1700 1177 1820 1238 Dei
1850 1194 1972 1256 per
2021 1178 2545 1254 significationes
2592 1176 2916 1253 paulatim
2967 1180 3275 1234 ostensus
3322 1181 3450 1248 est,

366 1292 682 1368 quoniam
731 1288 1062 1365 sapientia
1094 1302 1225 1344 non
1273 1290 1377 1343 est
1409 1298 1760 1359 praecepS,
1815 1282 1932 1343 sed
1967 1281 2356 1357 diligentius
2391 1280 2758 1356 praevidet,
2795 1295 2876 1339 ne
2911 1280 2976 1338 in
3009 1279 3318 1339 omnibus
3353 1294 3458 1338 or-

365 1396 820 1456 dinationibus
871 1393 1014 1452 suis
1048 1390 1352 1452 defectus
1400 1391 1509 1449 sit:
1547 1389 1718 1466 quod
1771 1388 2021 1448 stultus
2055 1388 2251 1448 homo
2302 1405 2432 1448 non
2468 1388 2661 1462 facit,
2713 1389 2824 1465 qui
2862 1387 3228 1447 secundum
3278 1385 3454 1462 quod

367 1502 639 1577 repente
688 1500 962 1574 cogitat,
1001 1499 1270 1572 repente
1318 1499 1655 1571 operatum
1693 1499 1761 1552 et
1809 1492 1956 1553 ideo
1990 1508 2159 1566 opus
2208 1492 2354 1567 ejus
2397 1492 2791 1552 multociens
2842 1497 3023 1551 recte
3055 1507 3181 1551 non
3218 1506 3459 1566 cogno-

369 1610 602 1668 scitur.
651 1602 1220 1677 Quemadmodum
1251 1603 1456 1662 etiam
1508 1601 1572 1659 in
1604 1600 1820 1676 primo
1869 1600 2106 1676 angelo
2143 1598 2394 1659 factum
2427 1606 2554 1674 est,
2591 1600 2707 1676 qui
2744 1599 2809 1658 in
2842 1598 3310 1659 aestimatione
3344 1597 3461 1658 ho-

369 1711 554 1771 noris
589 1711 717 1783 sui,
770 1709 953 1767 velut
989 1707 1055 1766 in
1104 1706 1243 1765 ictu
1275 1705 1474 1778 oculi,
1529 1705 1594 1764 in
1629 1703 2059 1764 tenebrosum
2109 1704 2324 1765 locum
2360 1705 2625 1778 cecidit,
2663 1704 2776 1763 ubi
2810 1704 3031 1765 omnia
3065 1709 3455 1765 ornamenta

375 1834 497 1879 sua
530 1816 842 1893 perdidit,
878 1820 945 1874 et
977 1814 1168 1889 nigro
1202 1828 1281 1872 ac
1314 1810 1803 1886 inextinguibili
1839 1811 1973 1886 igni
2008 1826 2083 1870 se
2117 1811 2413 1871 tradidit.

1876 2031 1967 2103 V.

456 2258 748 2321 Praesati
797 2269 1022 2323 autem
1069 2263 1399 2340 planetae,
1440 2261 1505 2321 in
1539 2261 2141 2337 significationibus
2192 2262 2356 2338 suiS,
2393 2278 2545 2323 cum
2594 2278 2833 2339 magno
2877 2263 3126 2323 honore
3174 2269 3240 2324 et
3274 2281 3460 2325 reve-

375 2363 588 2422 rentia
613 2367 1142 2426 conversationis
1170 2380 1354 2439 suae,
1379 2380 1587 2440 usque
1615 2364 1695 2425 ad
1723 2369 1987 2438 tempus
2013 2364 2365 2440 cujusdam
2391 2366 2656 2440 tyranni
2682 2372 3144 2441 cucurrerunt,
3173 2368 3286 2442 qui
3306 2382 3462 2427 con-

378 2466 603 2525 silium
640 2469 893 2544 antiqui
930 2471 1261 2545 serpentis
1296 2468 1589 2528 osculari
1623 2469 1861 2545 coepit.
1910 2468 1990 2527 Et
2039 2474 2196 2528 tunc
2245 2469 2569 2528 muliebre
2603 2474 2867 2544 tempus
2918 2467 3055 2527 fere
3103 2470 3319 2544 primo
3354 2485 3462 2528 ca·-

374 2571 480 2630 sui
529 2570 748 2630 simile
779 2574 984 2647 venit,
1038 2575 1130 2633 ita
1165 2576 1238 2633 ut
1283 2573 1498 2633 omnis
1526 2571 1792 2648 justitia
1841 2555 2208 2632 secundum
2258 2572 2712 2632 infirmitatem
2762 2572 3061 2632 mulieris
3110 2572 3458 2634 debilitata

367 2680 494 2749 est,
532 2681 598 2735 et
646 2675 772 2735 hoc
806 2677 926 2736 tali
977 2679 1171 2738 modo
1205 2694 1408 2753 supra
1455 2677 1882 2737 medietatem
1917 2693 2110 2736 suam
2158 2677 2489 2737 decurret.
2526 2677 2650 2737 Sed
2698 2676 3019 2754 elephans
3050 2672 3099 2758 ⁸)
3135 2694 3283 2738 cum
3322 2695 3460 2739 ma-

366 2777 516 2852 gnis
566 2780 905 2841 aerumnis
948 2781 1283 2857 justitiam
1319 2780 1585 2841 vocabit
1620 2780 2015 2856 faciendam,
2051 2787 2125 2840 ut
2175 2780 2353 2861 aliud
2391 2782 2654 2855 tempus
2712 2785 2981 2856 surgat,
3032 2786 3101 2840 et
3149 2781 3248 2840 sic
3298 2783 3460 2842 utile

367 2887 632 2958 tempus
665 2883 1024 2957 probitatis
1054 2880 1102 2964 ⁴)
1138 2883 1467 2944 bellorum
1501 2889 1567 2942 et
1594 2883 1901 2960 justitiae
1935 2885 2176 2943 veniet.

456 2985 641 3046 Nunc
690 2995 913 3048 autem
964 2989 1045 3048 ad
1097 2989 1637 3049 ammonitionem
1673 2990 1900 3067 populi
1949 2988 2150 3065 hujus
2186 2988 2313 3048 loci
2362 2988 2528 3048 hacc
2561 2989 2781 3049 omnia
2829 2989 3007 3051 dicta
3040 2996 3223 3050 sunt:
3277 2991 3458 3051 scili-

373 3099 477 3152 cet
511 3095 840 3169 quomodo
875 3096 1110 3171 religio
1148 3095 1361 3171 ipsius
1395 3096 1783 3170 incoeperit,
1812 3099 1879 3154 et
1905 3095 2055 3171 quis
2083 3099 2300 3154 status
2326 3094 2472 3169 ejus
2497 3109 2671 3153 nunc
2705 3094 2817 3169 sit,
2846 3102 2912 3156 et
2938 3096 3156 3171 qualis
3193 3095 3459 3156 futurus

373 3199 480 3258 sit.
530 3198 742 3259 Locus
791 3202 963 3259 enim
1001 3200 1128 3260 iste
1164 3201 1230 3259 in
1278 3200 1550 3260 ardente
1600 3201 1742 3259 sole
1773 3195 1820 3278 ⁵)
1872 3205 2057 3259 tanta
2109 3198 2497 3261 fortitudine
2533 3199 2858 3275 spiritalis
2905 3200 3133 3275 populi
3178 3205 3453 3260 exortus

373 3308 513 3378 est,
566 3303 747 3364 velut
780 3306 1050 3364 saeculo
1100 3304 1256 3364 huic
1292 3310 1599 3364 mortuus
1649 3312 1852 3378 esset3
1890 3310 1956 3363 et
2004 3304 2207 3363 etiam
2243 3303 2309 3362 in
2357 3304 3051 3381 tantalsimplicitate,
3103 3307 3278 3383 quod
3314 3324 3461 3367 sae·

372 3408 666 3469 cularem
717 3413 1032 3486 populum
1067 3428 1216 3471 cum
1267 3412 1598 3473 charitate
1634 3411 1715 3472 ad
1765 3411 2240 3487 plenitudinem
2294 3411 2694 3487 inspectoris
2741 3412 2857 3473 Dei
2892 3429 3130 3489 capere
3178 3431 3308 3475 non
3343 3432 3458 3491 po-

372 3517 671 3588 tuerunt,
727 3517 1083 3593 unicuique
1133 3518 1496 3577 secundum
1545 3518 1938 3594 qualitatem
1990 3517 2171 3576 illlus
2222 3533 2351 3575 non
2384 3521 2845 3593 occurrenteS‚
2900 3519 3014 3578 sed
3051 3520 3257 3595 rigori
3307 3537 3461 3583 con-

371 3617 704 3677 versionis
753 3635 914 3678 suae
966 3620 1416 3681 inflexibiliter
1465 3622 1810 3681 instantes
1862 3620 2057 3680 Prius
2109 3620 2174 3678 in
2220 3635 2370 3680 eum
2419 3623 2604 3682 velut
2638 3624 2812 3698 ignis
2863 3623 3153 3699 fuerunt,
3206 3632 3274 3686 et
3329 3644 3460 3687 non

374 3719 443 3778 in
489 3719 754 3780 flamma
787 3722 1218 3799 circuierunt,
1269 3728 1336 3784 et
1369 3724 1518 3784 duri
1567 3724 1647 3783 ad
1682 3726 1889 3784 alium
1935 3726 2252 3800 populum
2285 3731 2513 3800 erant,
2565 3727 2723 3802 quia
2756 3727 3018 3788 coelum
3066 3729 3244 3789 sicut
3277 3733 3465 3807 aqui-

375 3825 479 3884 lae
529 3827 988 3901 inspiciebant.
1037 3829 1277 3890 Postea
1327 3829 1407 3890 ad
1443 3832 1788 3890 meliorem
1837 3837 2097 3907 partem
2146 3832 2726 3909 acceleraverunt,
2780 3838 2847 3895 et
2878 3836 3055 3895 sicut
3103 3852 3345 3898 cervus
3379 3840 3461 3898 ad

380 3926 597 3988 fontes
645 3946 1008 4007 aquarum,
1075 3933 1156 3992 de
1203 3933 1455 3994 virtute
1506 3934 1572 3993 in
1627 3935 1947 3994 virtutem
2011 3936 2492 4007 ascendenteS,
2558 3945 3033 4015 cucurrerunt,
3086 3947 3154 3999 et
3213 3941 3464 4001 lumine

379 4033 733 4095 charitatis
779 4035 912 4096 Deo
947 4042 1012 4096 et
1064 4036 1444 4097 hominibus
1480 4038 1809 4097 lucebant.
1856 4038 1937 4097 Et
1979 4040 2298 4115 quoniam
2332 4041 2397 4099 in
2447 4041 2685 4100 ardore
2717 4041 2835 4100 Dei
2882 4043 3227 4118 ardebant,
3267 4044 3467 4105 idcir-

380 4152 458 4197 co
494 4136 641 4198 laus
674 4137 789 4198 Dei
827 4141 892 4199 in
926 4142 1167 4215 populo
1202 4147 1414 4215 erant,
1451 4142 2009 4217 quemadmodum
2043 4144 2310 4219 planeta
2345 4143 2608 4202 flamma
2644 4145 2815 4220 ignis
2847 4152 2972 4206 est.

471 4241 651 4301 Tunc
698 4245 984 4320 populus
1032 4261 1148 4305 eos
1198 4245 1383 4303 velut
1428 4243 1886 4304 nobilissimos
1937 4245 2230 4320 lapideS,
2284 4246 2546 4305 scilicet
2593 4248 2950 4323 topazium,
3011 4251 3463 4325 smaragdum,

391 4344 778 4421 saphirum,
830 4354 896 4408 et
929 4349 1314 4424 hyacintum
1362 4365 1514 4409 cum
1550 4350 1742 4409 laude
1792 4352 2193 4425 narrabant;
2246 4353 2558 4427 quoniam
2612 4356 2676 4414 in
2710 4355 3051 4414 meliorem
3100 4364 3360 4432 partem
3396 4374 3468 4418 se

383 4458 809 4526 paraverunt3
861 4460 927 4512 et
960 4456 1118 4530 quia
1164 4455 1246 4513 de
1281 4455 1530 4513 virtute
1581 4455 1644 4513 in
1678 4455 1996 4514 virtutem
2047 4456 2509 4530 ascenderunt,
2548 4464 2614 4517 et
2663 4474 2734 4517 se
2772 4459 2836 4518 in
2870 4460 3200 4522 charitate
3232 4462 3472 4522 dilata-

384 4557 646 4625 verunt;
681 4561 749 4614 et
782 4558 1095 4630 quoniam
1128 4575 1248 4633 per
1280 4560 1569 4618 activam
1604 4560 1811 4618 vitam
1849 4560 1914 4619 in
1949 4559 2405 4635 hospitalitate
2432 4567 2499 4619 et
2534 4562 2596 4620 in
2624 4564 3092 4640 eleemosyniS,
3131 4567 3212 4627 ad
3240 4584 3468 4627 omnes

386 4664 453 4717 et
488 4660 567 4718 ad
604 4665 893 4719 montem
930 4660 1084 4719 Sion
1119 4662 1556 4738 aspiciebant,
1595 4661 1764 4721 unde
1799 4666 1865 4723 et
1897 4663 2207 4722 omnibus
2243 4664 2417 4723 filiae
2452 4663 2605 4724 Sion
2642 4668 2962 4727 nominati
2999 4677 3175 4732 sunt.

475 4764 598 4824 Sed
646 4771 714 4824 et
764 4766 829 4825 in
877 4766 1253 4829 obedientia
1303 4769 1839 4829 mortificationis
1888 4771 2112 4828 carnis
2168 4787 2319 4829 cum
2371 4771 2705 4833 Abraham
2765 4777 3235 4853 operabantur3
3288 4786 3355 4838 et
3404 4780 3471 4838 in

467 5013 509 5078 ¹)
537 5013 608 5070 Is,
633 5015 754 5079 Lx,
781 5021 832 5072 8.
857 5047 924 5058 -
947 5020 992 5084 2)
1021 5020 1090 5073 Is.
1119 5019 1250 5081 vn,
1280 5023 1360 5076 Η.
1391 5053 1450 5061 -—
1478 5020 1523 5085 ³)
1552 5021 1635 5076 Ad
1658 5021 1892 5094 Physio·
1983 5028 2295 5080 vocantem.
2348 5025 2478 5081 Mox
2518 5026 2638 5082 cod.
2681 5032 2962 5098 justitiam
3006 5030 3215 5083 vocabit
3254 5030 3469 5099 faciem,

400 5105 610 5172 logum,
650 5104 735 5159 uti
765 5121 931 5178 supra
957 5105 1025 5161 dc
1054 5106 1340 5170 unicorni,
1372 5109 1576 5163 transit
1602 5109 1890 5178 allegoria,
1980 5116 2105 5165 ut...
2138 5109 2230 5166 sed
2258 5126 2371 5180 quo
2401 5110 2728 5166 intellectu?
2749 5144 2814 5153 -
2836 5113 2880 5176 ⁴)
2902 5112 2986 5167 An
3010 5128 3175 5168 sensu
3200 5113 3473 5183 probatio-

398 5189 654 5246 alludens
680 5190 745 5245 ad
781 5192 1133 5263 elephantem
1164 5193 1406 5265 lapsum,
1446 5194 1686 5250 clamore
1712 5196 1892 5251 socios
1980 5201 2099 5252 nis?
2126 5230 2189 5237 ω
2218 5200 2257 5263 ⁵)
2287 5198 2351 5251 ln
2379 5213 2565 5269 apogr.
2592 5199 2757 5261 solea,
2800 5199 2884 5253 vel
2914 5199 3109 5254 stolas?
3132 5196 3214 5253 Cf.
3246 5212 3297 5251 n.
3332 5196 3431 5250 Vl.
