<?xml version="1.0" encoding="UTF-8"?>
<!DOCTYPE html PUBLIC "-//W3C//DTD XHTML 1.0 Transitional//EN"
    "http://www.w3.org/TR/xhtml1/DTD/xhtml1-transitional.dtd">
<html xmlns="http://www.w3.org/1999/xhtml" xml:lang="en" lang="en">
 <head>
  <title>
</title>
<meta http-equiv="Content-Type" content="text/html;charset=utf-8" />
  <meta name='ocr-system' content='tesseract 3.04.00' />
  <meta name='ocr-capabilities' content='ocr_page ocr_carea ocr_par ocr_line ocrx_word'/>
</head>
<body>
  <div class='ocr_page' id='page_1' title='image "analectasacrasp05pitrgoog_0431.png"; bbox 0 0 4036 6117; ppageno 0'>
   <div class='ocr_carea' id='block_1_1' title="bbox 1587 483 3257 546">
    <p class='ocr_par' dir='ltr' id='par_1_1' title="bbox 1587 483 3257 546">
     <span class='ocr_line' id='line_1_1' title="bbox 1587 483 3257 546; baseline 0.001 -3"><span class='ocrx_word' id='word_1_1' title='bbox 1587 491 2048 545; x_wconf 57' lang='lat' dir='ltr'>musi-onan.</span> <span class='ocrx_word' id='word_1_2' title='bbox 3128 483 3257 546; x_wconf 77' lang='grc'>383</span> 
     </span>
    </p>
   </div>
   <div class='ocr_carea' id='block_1_2' title="bbox 266 607 3364 4780">
    <p class='ocr_par' dir='ltr' id='par_1_2' title="bbox 273 607 3359 906">
     <span class='ocr_line' id='line_1_2' title="bbox 275 607 3359 698; baseline 0.003 -26"><span class='ocrx_word' id='word_1_3' title='bbox 275 607 416 674; x_wconf 76' lang='lat' dir='ltr'>sine</span> <span class='ocrx_word' id='word_1_4' title='bbox 454 611 966 690; x_wconf 77' lang='lat' dir='ltr'>interpolatione</span> <span class='ocrx_word' id='word_1_5' title='bbox 1004 613 1514 690; x_wconf 81' lang='lat' dir='ltr'>vicissitudiniS,</span> <span class='ocrx_word' id='word_1_6' title='bbox 1546 616 1757 675; x_wconf 89' lang='lat' dir='ltr'>altero</span> <span class='ocrx_word' id='word_1_7' title='bbox 1785 617 2045 677; x_wconf 91' lang='lat' dir='ltr'>cunctis</span> <span class='ocrx_word' id='word_1_8' title='bbox 2075 617 2335 677; x_wconf 85' lang='lat' dir='ltr'>vicibus</span> <span class='ocrx_word' id='word_1_9' title='bbox 2363 615 2806 693; x_wconf 78' lang='lat' dir='ltr'>perfundaris,</span> <span class='ocrx_word' id='word_1_10' title='bbox 2836 610 2879 696; x_wconf 85' lang='lat'>¹)</span> <span class='ocrx_word' id='word_1_11' title='bbox 2917 618 3162 696; x_wconf 79' lang='lat' dir='ltr'>Nempe</span> <span class='ocrx_word' id='word_1_12' title='bbox 3208 638 3359 698; x_wconf 85' lang='lat' dir='ltr'>spe·-</span> 
     </span>
     <span class='ocr_line' id='line_1_3' title="bbox 273 723 3359 801; baseline 0.002 -19"><span class='ocrx_word' id='word_1_13' title='bbox 273 727 428 783; x_wconf 85' lang='lat' dir='ltr'>ciali</span> <span class='ocrx_word' id='word_1_14' title='bbox 464 726 932 801; x_wconf 83' lang='lat' dir='ltr'>praerogativa</span> <span class='ocrx_word' id='word_1_15' title='bbox 969 725 1140 783; x_wconf 89' lang='lat' dir='ltr'>inter</span> <span class='ocrx_word' id='word_1_16' title='bbox 1177 723 1457 782; x_wconf 82' lang='lat' dir='ltr'>seminas</span> <span class='ocrx_word' id='word_1_17' title='bbox 1507 724 1721 782; x_wconf 81' lang='lat' dir='ltr'>nostri</span> <span class='ocrx_word' id='word_1_18' title='bbox 1770 724 2118 799; x_wconf 75' lang='lat' dir='ltr'>temporie,</span> <span class='ocrx_word' id='word_1_19' title='bbox 2158 723 2239 782; x_wconf 88' lang='lat' dir='ltr'>ad</span> <span class='ocrx_word' id='word_1_20' title='bbox 2274 723 2767 784; x_wconf 81' lang='lat' dir='ltr'>diffundendam</span> <span class='ocrx_word' id='word_1_21' title='bbox 2803 727 3168 787; x_wconf 86' lang='lat' dir='ltr'>salutarem</span> <span class='ocrx_word' id='word_1_22' title='bbox 3222 729 3359 789; x_wconf 87' lang='lat' dir='ltr'>lae-</span> 
     </span>
     <span class='ocr_line' id='line_1_4' title="bbox 273 824 2352 906; baseline 0.001 -22"><span class='ocrx_word' id='word_1_23' title='bbox 273 828 487 886; x_wconf 83' lang='lat' dir='ltr'>titiam</span> <span class='ocrx_word' id='word_1_24' title='bbox 526 829 589 887; x_wconf 92' lang='lat' dir='ltr'>in</span> <span class='ocrx_word' id='word_1_25' title='bbox 623 827 821 888; x_wconf 90' lang='lat' dir='ltr'>corde</span> <span class='ocrx_word' id='word_1_26' title='bbox 856 833 994 902; x_wconf 90' lang='lat' dir='ltr'>tuo,</span> <span class='ocrx_word' id='word_1_27' title='bbox 1033 829 1368 901; x_wconf 85' lang='lat' dir='ltr'>signatum</span> <span class='ocrx_word' id='word_1_28' title='bbox 1402 833 1505 885; x_wconf 90' lang='lat' dir='ltr'>est</span> <span class='ocrx_word' id='word_1_29' title='bbox 1542 827 1762 885; x_wconf 87' lang='lat' dir='ltr'>lumen</span> <span class='ocrx_word' id='word_1_30' title='bbox 1795 827 1911 885; x_wconf 91' lang='lat' dir='ltr'>Dei</span> <span class='ocrx_word' id='word_1_31' title='bbox 1948 843 2151 903; x_wconf 89' lang='lat' dir='ltr'>super</span> <span class='ocrx_word' id='word_1_32' title='bbox 2185 833 2268 887; x_wconf 90' lang='lat' dir='ltr'>te.</span> <span class='ocrx_word' id='word_1_33' title='bbox 2302 824 2352 906; x_wconf 80' lang='lat'>²)</span> 
     </span>
    </p>

    <p class='ocr_par' dir='ltr' id='par_1_3' title="bbox 268 924 3362 1624">
     <span class='ocr_line' id='line_1_5' title="bbox 371 924 3359 1010; baseline 0.003 -22"><span class='ocrx_word' id='word_1_34' title='bbox 371 931 553 1006; x_wconf 84' lang='lat' dir='ltr'><strong>Vere,</strong></span> <span class='ocrx_word' id='word_1_35' title='bbox 591 933 860 991; x_wconf 90' lang='lat' dir='ltr'>domina</span> <span class='ocrx_word' id='word_1_36' title='bbox 897 948 1066 1005; x_wconf 87' lang='lat' dir='ltr'>mea,</span> <span class='ocrx_word' id='word_1_37' title='bbox 1105 932 1468 1006; x_wconf 86' lang='lat' dir='ltr'>singularis</span> <span class='ocrx_word' id='word_1_38' title='bbox 1502 924 1550 1008; x_wconf 82' lang='lat'>³)</span> <span class='ocrx_word' id='word_1_39' title='bbox 1597 931 1722 989; x_wconf 89' lang='lat' dir='ltr'>hac</span> <span class='ocrx_word' id='word_1_40' title='bbox 1756 931 2101 991; x_wconf 81' lang='lat' dir='ltr'><strong>dumtaxat</strong></span> <span class='ocrx_word' id='word_1_41' title='bbox 2135 936 2323 1005; x_wconf 89' lang='lat' dir='ltr'>parte</span> <span class='ocrx_word' id='word_1_42' title='bbox 2358 932 2573 1006; x_wconf 87' lang='lat' dir='ltr'>gloria</span> <span class='ocrx_word' id='word_1_43' title='bbox 2609 939 2741 992; x_wconf 89' lang='lat' dir='ltr'>tua.</span> <span class='ocrx_word' id='word_1_44' title='bbox 2778 933 2941 993; x_wconf 90' lang='lat' dir='ltr'>Nam</span> <span class='ocrx_word' id='word_1_45' title='bbox 2974 940 3247 1010; x_wconf 89' lang='lat' dir='ltr'>excepta</span> <span class='ocrx_word' id='word_1_46' title='bbox 3285 938 3359 996; x_wconf 91' lang='lat' dir='ltr'>il·</span> 
     </span>
     <span class='ocr_line' id='line_1_6' title="bbox 275 1036 3356 1113; baseline 0.002 -19"><span class='ocrx_word' id='word_1_47' title='bbox 275 1036 402 1094; x_wconf 92' lang='lat' dir='ltr'>lius</span> <span class='ocrx_word' id='word_1_48' title='bbox 437 1038 819 1112; x_wconf 73' lang='lat' dir='ltr'>eminentia,</span> <span class='ocrx_word' id='word_1_49' title='bbox 856 1038 936 1096; x_wconf 90' lang='lat' dir='ltr'>de</span> <span class='ocrx_word' id='word_1_50' title='bbox 985 1054 1115 1113; x_wconf 85' lang='lat' dir='ltr'>qua</span> <span class='ocrx_word' id='word_1_51' title='bbox 1166 1043 1355 1096; x_wconf 91' lang='lat' dir='ltr'>ortus</span> <span class='ocrx_word' id='word_1_52' title='bbox 1390 1043 1494 1095; x_wconf 88' lang='lat' dir='ltr'>est</span> <span class='ocrx_word' id='word_1_53' title='bbox 1528 1038 1629 1096; x_wconf 89' lang='lat' dir='ltr'>sol</span> <span class='ocrx_word' id='word_1_54' title='bbox 1673 1037 2001 1112; x_wconf 89' lang='lat' dir='ltr'>justitiae,</span> <span class='ocrx_word' id='word_1_55' title='bbox 2054 1037 2166 1112; x_wconf 88' lang='lat' dir='ltr'>qui</span> <span class='ocrx_word' id='word_1_56' title='bbox 2220 1037 2286 1096; x_wconf 90' lang='lat' dir='ltr'>in</span> <span class='ocrx_word' id='word_1_57' title='bbox 2336 1037 2807 1113; x_wconf 81' lang='lat' dir='ltr'>splendoribus</span> <span class='ocrx_word' id='word_1_58' title='bbox 2858 1045 3242 1102; x_wconf 87' lang='lat' dir='ltr'>sanctorum</span> <span class='ocrx_word' id='word_1_59' title='bbox 3277 1059 3356 1103; x_wconf 82' lang='lat' dir='ltr'>ex</span> 
     </span>
     <span class='ocr_line' id='line_1_7' title="bbox 274 1140 3357 1220; baseline 0.003 -23"><span class='ocrx_word' id='word_1_60' title='bbox 274 1146 466 1199; x_wconf 91' lang='lat' dir='ltr'>utero</span> <span class='ocrx_word' id='word_1_61' title='bbox 502 1141 720 1200; x_wconf 87' lang='lat' dir='ltr'>Patris</span> <span class='ocrx_word' id='word_1_62' title='bbox 771 1147 923 1199; x_wconf 89' lang='lat' dir='ltr'>ante</span> <span class='ocrx_word' id='word_1_63' title='bbox 973 1140 1327 1200; x_wconf 85' lang='lat' dir='ltr'>luciferum</span> <span class='ocrx_word' id='word_1_64' title='bbox 1378 1142 1644 1214; x_wconf 90' lang='lat' dir='ltr'>genitus</span> <span class='ocrx_word' id='word_1_65' title='bbox 1691 1143 1818 1213; x_wconf 91' lang='lat' dir='ltr'>est,</span> <span class='ocrx_word' id='word_1_66' title='bbox 1856 1156 2028 1216; x_wconf 86' lang='lat' dir='ltr'>quae</span> <span class='ocrx_word' id='word_1_67' title='bbox 2077 1147 2143 1199; x_wconf 94' lang='lat' dir='ltr'>et</span> <span class='ocrx_word' id='word_1_68' title='bbox 2178 1141 2263 1200; x_wconf 91' lang='lat' dir='ltr'>ob</span> <span class='ocrx_word' id='word_1_69' title='bbox 2313 1141 2437 1200; x_wconf 91' lang='lat' dir='ltr'>hoc</span> <span class='ocrx_word' id='word_1_70' title='bbox 2475 1144 2713 1202; x_wconf 92' lang='lat' dir='ltr'>merito</span> <span class='ocrx_word' id='word_1_71' title='bbox 2766 1149 2959 1218; x_wconf 91' lang='lat' dir='ltr'>porta</span> <span class='ocrx_word' id='word_1_72' title='bbox 2994 1152 3357 1220; x_wconf 83' lang='lat' dir='ltr'>perpetuae</span> 
     </span>
     <span class='ocr_line' id='line_1_8' title="bbox 274 1243 3358 1320; baseline 0.003 -21"><span class='ocrx_word' id='word_1_73' title='bbox 274 1243 463 1316; x_wconf 78' lang='lat' dir='ltr'>luciS,</span> <span class='ocrx_word' id='word_1_74' title='bbox 499 1245 840 1318; x_wconf 88' lang='lat' dir='ltr'>marisque</span> <span class='ocrx_word' id='word_1_75' title='bbox 876 1245 1071 1303; x_wconf 89' lang='lat' dir='ltr'>stella</span> <span class='ocrx_word' id='word_1_76' title='bbox 1103 1243 1523 1319; x_wconf 82' lang='lat' dir='ltr'>praefulgida</span> <span class='ocrx_word' id='word_1_77' title='bbox 1555 1244 1956 1318; x_wconf 88' lang='lat' dir='ltr'>nominatur,</span> <span class='ocrx_word' id='word_1_78' title='bbox 1993 1243 2143 1318; x_wconf 88' lang='lat' dir='ltr'>hac,</span> <span class='ocrx_word' id='word_1_79' title='bbox 2184 1244 2476 1320; x_wconf 85' lang='lat' dir='ltr'>inquam,</span> <span class='ocrx_word' id='word_1_80' title='bbox 2506 1251 2805 1320; x_wconf 83' lang='lat' dir='ltr'>excepta,</span> <span class='ocrx_word' id='word_1_81' title='bbox 2843 1264 2879 1305; x_wconf 93' lang='lat' dir='ltr'>a</span> <span class='ocrx_word' id='word_1_82' title='bbox 2917 1249 3185 1307; x_wconf 87' lang='lat' dir='ltr'>saeculo</span> <span class='ocrx_word' id='word_1_83' title='bbox 3228 1265 3358 1307; x_wconf 92' lang='lat' dir='ltr'>non</span> 
     </span>
     <span class='ocr_line' id='line_1_9' title="bbox 268 1346 3362 1423; baseline 0.002 -19"><span class='ocrx_word' id='word_1_84' title='bbox 268 1353 372 1405; x_wconf 88' lang='lat' dir='ltr'>est</span> <span class='ocrx_word' id='word_1_85' title='bbox 406 1347 729 1421; x_wconf 91' lang='lat' dir='ltr'>auditum,</span> <span class='ocrx_word' id='word_1_86' title='bbox 769 1349 933 1407; x_wconf 92' lang='lat' dir='ltr'>utin</span> <span class='ocrx_word' id='word_1_87' title='bbox 958 1349 1090 1407; x_wconf 90' lang='lat' dir='ltr'>alia</span> <span class='ocrx_word' id='word_1_88' title='bbox 1123 1348 1349 1423; x_wconf 89' lang='lat' dir='ltr'>aliqua</span> <span class='ocrx_word' id='word_1_89' title='bbox 1375 1362 1573 1405; x_wconf 85' lang='lat' dir='ltr'>sexus</span> <span class='ocrx_word' id='word_1_90' title='bbox 1603 1346 1953 1420; x_wconf 63' lang='lat' dir='ltr'>seminem,</span> <span class='ocrx_word' id='word_1_91' title='bbox 1992 1362 2111 1421; x_wconf 90' lang='lat' dir='ltr'>per</span> <span class='ocrx_word' id='word_1_92' title='bbox 2137 1363 2335 1423; x_wconf 90' lang='lat' dir='ltr'>quem</span> <span class='ocrx_word' id='word_1_93' title='bbox 2360 1347 2606 1406; x_wconf 91' lang='lat' dir='ltr'>mundo</span> <span class='ocrx_word' id='word_1_94' title='bbox 2647 1348 2961 1408; x_wconf 81' lang='lat' dir='ltr'>tenebrae</span> <span class='ocrx_word' id='word_1_95' title='bbox 2998 1350 3232 1409; x_wconf 87' lang='lat' dir='ltr'>mortis</span> <span class='ocrx_word' id='word_1_96' title='bbox 3266 1350 3362 1410; x_wconf 83' lang='lat' dir='ltr'>ef-</span> 
     </span>
     <span class='ocr_line' id='line_1_10' title="bbox 273 1449 3359 1533; baseline 0.003 -26"><span class='ocrx_word' id='word_1_97' title='bbox 273 1449 459 1510; x_wconf 81' lang='lat' dir='ltr'>fusae</span> <span class='ocrx_word' id='word_1_98' title='bbox 495 1460 670 1526; x_wconf 90' lang='lat' dir='ltr'>sunt,</span> <span class='ocrx_word' id='word_1_99' title='bbox 709 1453 983 1529; x_wconf 89' lang='lat' dir='ltr'>majoris</span> <span class='ocrx_word' id='word_1_100' title='bbox 1016 1452 1368 1529; x_wconf 79' lang='lat' dir='ltr'>privilegio</span> <span class='ocrx_word' id='word_1_101' title='bbox 1406 1452 1702 1512; x_wconf 89' lang='lat' dir='ltr'>muneris</span> <span class='ocrx_word' id='word_1_102' title='bbox 1753 1451 2214 1527; x_wconf 80' lang='lat' dir='ltr'>insigniretur,</span> <span class='ocrx_word' id='word_1_103' title='bbox 2270 1454 2607 1528; x_wconf 87' lang='lat' dir='ltr'>tantisque</span> <span class='ocrx_word' id='word_1_104' title='bbox 2657 1454 3098 1515; x_wconf 88' lang='lat' dir='ltr'>irradiaretur</span> <span class='ocrx_word' id='word_1_105' title='bbox 3147 1457 3359 1533; x_wconf 85' lang='lat' dir='ltr'>fulgo-</span> 
     </span>
     <span class='ocr_line' id='line_1_11' title="bbox 271 1553 1206 1624; baseline 0.002 -13"><span class='ocrx_word' id='word_1_106' title='bbox 271 1553 478 1613; x_wconf 75' lang='lat' dir='ltr'>ribus,</span> <span class='ocrx_word' id='word_1_107' title='bbox 1200 1618 1206 1624; x_wconf 65' lang='grc'><strong>,</strong></span> 
     </span>
    </p>

    <p class='ocr_par' dir='ltr' id='par_1_4' title="bbox 266 1657 3361 2344">
     <span class='ocr_line' id='line_1_12' title="bbox 358 1657 3359 1736; baseline 0.003 -20"><span class='ocrx_word' id='word_1_108' title='bbox 358 1657 803 1719; x_wconf 86' lang='lat' dir='ltr'>Nihilominus</span> <span class='ocrx_word' id='word_1_109' title='bbox 837 1665 903 1719; x_wconf 90' lang='lat' dir='ltr'>et</span> <span class='ocrx_word' id='word_1_110' title='bbox 936 1676 1057 1735; x_wconf 89' lang='lat' dir='ltr'>pro</span> <span class='ocrx_word' id='word_1_111' title='bbox 1095 1659 1226 1720; x_wconf 88' lang='lat' dir='ltr'>alio</span> <span class='ocrx_word' id='word_1_112' title='bbox 1261 1660 1691 1733; x_wconf 85' lang='lat' dir='ltr'>charismate,</span> <span class='ocrx_word' id='word_1_113' title='bbox 1745 1659 1862 1719; x_wconf 85' lang='lat' dir='ltr'>tibi</span> <span class='ocrx_word' id='word_1_114' title='bbox 1913 1660 2199 1719; x_wconf 92' lang='lat' dir='ltr'>coelitus</span> <span class='ocrx_word' id='word_1_115' title='bbox 2247 1660 2516 1734; x_wconf 90' lang='lat' dir='ltr'>collato,</span> <span class='ocrx_word' id='word_1_116' title='bbox 2568 1667 2796 1736; x_wconf 80' lang='lat' dir='ltr'>grates</span> <span class='ocrx_word' id='word_1_117' title='bbox 2845 1664 3098 1723; x_wconf 83' lang='lat' dir='ltr'>exsolvi</span> <span class='ocrx_word' id='word_1_118' title='bbox 3144 1666 3359 1725; x_wconf 91' lang='lat' dir='ltr'>muni-</span> 
     </span>
     <span class='ocr_line' id='line_1_13' title="bbox 268 1761 3357 1839; baseline 0.003 -19"><span class='ocrx_word' id='word_1_119' title='bbox 268 1762 390 1821; x_wconf 86' lang='lat' dir='ltr'>fico</span> <span class='ocrx_word' id='word_1_120' title='bbox 427 1761 780 1835; x_wconf 87' lang='lat' dir='ltr'>Salvatori,</span> <span class='ocrx_word' id='word_1_121' title='bbox 817 1763 933 1839; x_wconf 89' lang='lat' dir='ltr'>qui</span> <span class='ocrx_word' id='word_1_122' title='bbox 967 1769 1221 1823; x_wconf 85' lang='lat' dir='ltr'>tantam</span> <span class='ocrx_word' id='word_1_123' title='bbox 1259 1763 1321 1822; x_wconf 90' lang='lat' dir='ltr'>in</span> <span class='ocrx_word' id='word_1_124' title='bbox 1359 1763 1559 1823; x_wconf 86' lang='lat' dir='ltr'>labiis</span> <span class='ocrx_word' id='word_1_125' title='bbox 1593 1764 1726 1822; x_wconf 89' lang='lat' dir='ltr'>tuis</span> <span class='ocrx_word' id='word_1_126' title='bbox 1760 1762 2024 1823; x_wconf 81' lang='lat' dir='ltr'>diffudit</span> <span class='ocrx_word' id='word_1_127' title='bbox 2059 1763 2369 1838; x_wconf 84' lang='lat' dir='ltr'>gratiam,</span> <span class='ocrx_word' id='word_1_128' title='bbox 2412 1769 2483 1822; x_wconf 90' lang='lat' dir='ltr'>ut</span> <span class='ocrx_word' id='word_1_129' title='bbox 2514 1765 2875 1824; x_wconf 84' lang='lat' dir='ltr'>verborum</span> <span class='ocrx_word' id='word_1_130' title='bbox 2912 1772 2978 1826; x_wconf 90' lang='lat' dir='ltr'>et</span> <span class='ocrx_word' id='word_1_131' title='bbox 3012 1767 3357 1829; x_wconf 88' lang='lat' dir='ltr'>doctrinae</span> 
     </span>
     <span class='ocr_line' id='line_1_14' title="bbox 275 1867 3361 1946; baseline 0.003 -23"><span class='ocrx_word' id='word_1_132' title='bbox 275 1871 426 1925; x_wconf 91' lang='lat' dir='ltr'>tuae</span> <span class='ocrx_word' id='word_1_133' title='bbox 461 1867 850 1940; x_wconf 84' lang='lat' dir='ltr'>stillicidiis,</span> <span class='ocrx_word' id='word_1_134' title='bbox 890 1867 956 1926; x_wconf 91' lang='lat' dir='ltr'>in</span> <span class='ocrx_word' id='word_1_135' title='bbox 988 1868 1386 1944; x_wconf 89' lang='lat' dir='ltr'>quibusdam</span> <span class='ocrx_word' id='word_1_136' title='bbox 1423 1869 1566 1927; x_wconf 90' lang='lat' dir='ltr'>suis</span> <span class='ocrx_word' id='word_1_137' title='bbox 1600 1868 1904 1942; x_wconf 89' lang='lat' dir='ltr'>partibus</span> <span class='ocrx_word' id='word_1_138' title='bbox 1955 1867 2235 1941; x_wconf 85' lang='lat' dir='ltr'>irrigata</span> <span class='ocrx_word' id='word_1_139' title='bbox 2271 1883 2428 1926; x_wconf 85' lang='lat' dir='ltr'>area</span> <span class='ocrx_word' id='word_1_140' title='bbox 2459 1867 2826 1943; x_wconf 87' lang='lat' dir='ltr'>Ecclesiae,</span> <span class='ocrx_word' id='word_1_141' title='bbox 2883 1870 3167 1930; x_wconf 87' lang='lat' dir='ltr'>laetetur</span> <span class='ocrx_word' id='word_1_142' title='bbox 3214 1887 3361 1946; x_wconf 88' lang='lat' dir='ltr'>ger-</span> 
     </span>
     <span class='ocr_line' id='line_1_15' title="bbox 269 1969 3358 2050; baseline 0.002 -23"><span class='ocrx_word' id='word_1_143' title='bbox 269 1969 551 2046; x_wconf 76' lang='lat' dir='ltr'>minanS,</span> <span class='ocrx_word' id='word_1_144' title='bbox 589 1974 656 2029; x_wconf 93' lang='lat' dir='ltr'>et</span> <span class='ocrx_word' id='word_1_145' title='bbox 689 1971 1014 2046; x_wconf 89' lang='lat' dir='ltr'>condigno</span> <span class='ocrx_word' id='word_1_146' title='bbox 1067 1970 1289 2031; x_wconf 86' lang='lat' dir='ltr'>fructu</span> <span class='ocrx_word' id='word_1_147' title='bbox 1338 1971 1771 2048; x_wconf 67' lang='lat' dir='ltr'>respondem,</span> <span class='ocrx_word' id='word_1_148' title='bbox 1821 1970 2100 2030; x_wconf 91' lang='lat' dir='ltr'>Domino</span> <span class='ocrx_word' id='word_1_149' title='bbox 2148 1971 2350 2030; x_wconf 89' lang='lat' dir='ltr'>dante</span> <span class='ocrx_word' id='word_1_150' title='bbox 2402 1971 2909 2047; x_wconf 81' lang='lat' dir='ltr'>benignitatem,</span> <span class='ocrx_word' id='word_1_151' title='bbox 2961 1989 3081 2049; x_wconf 92' lang='lat' dir='ltr'>pro</span> <span class='ocrx_word' id='word_1_152' title='bbox 3130 1975 3358 2050; x_wconf 88' lang='lat' dir='ltr'>pluvia</span> 
     </span>
     <span class='ocr_line' id='line_1_16' title="bbox 266 2074 3348 2155; baseline 0.002 -22"><span class='ocrx_word' id='word_1_153' title='bbox 266 2074 391 2134; x_wconf 84' lang='lat' dir='ltr'>hac</span> <span class='ocrx_word' id='word_1_154' title='bbox 426 2076 825 2150; x_wconf 88' lang='lat' dir='ltr'>voluntaria,</span> <span class='ocrx_word' id='word_1_155' title='bbox 861 2092 1062 2152; x_wconf 88' lang='lat' dir='ltr'>quam</span> <span class='ocrx_word' id='word_1_156' title='bbox 1096 2078 1476 2152; x_wconf 82' lang='lat' dir='ltr'>segregavit</span> <span class='ocrx_word' id='word_1_157' title='bbox 1507 2076 1683 2135; x_wconf 87' lang='lat' dir='ltr'>Deus</span> <span class='ocrx_word' id='word_1_158' title='bbox 1717 2075 2114 2134; x_wconf 79' lang='lat' dir='ltr'>haereditati</span> <span class='ocrx_word' id='word_1_159' title='bbox 2144 2090 2327 2148; x_wconf 87' lang='lat' dir='ltr'>suae,</span> <span class='ocrx_word' id='word_1_160' title='bbox 2358 2074 2672 2150; x_wconf 79' lang='lat' dir='ltr'>hymnum</span> <span class='ocrx_word' id='word_1_161' title='bbox 2698 2077 2879 2136; x_wconf 89' lang='lat' dir='ltr'>dicat</span> <span class='ocrx_word' id='word_1_162' title='bbox 2904 2079 3150 2137; x_wconf 90' lang='lat' dir='ltr'>nomini</span> <span class='ocrx_word' id='word_1_163' title='bbox 3178 2079 3348 2155; x_wconf 78' lang='lat' dir='ltr'>ejuS,</span> 
     </span>
     <span class='ocr_line' id='line_1_17' title="bbox 269 2179 3351 2258; baseline 0.002 -20"><span class='ocrx_word' id='word_1_164' title='bbox 269 2182 381 2256; x_wconf 86' lang='lat' dir='ltr'>qui</span> <span class='ocrx_word' id='word_1_165' title='bbox 435 2187 617 2241; x_wconf 90' lang='lat' dir='ltr'>tuum</span> <span class='ocrx_word' id='word_1_166' title='bbox 653 2197 916 2258; x_wconf 86' lang='lat' dir='ltr'>quoque</span> <span class='ocrx_word' id='word_1_167' title='bbox 965 2196 1206 2240; x_wconf 92' lang='lat' dir='ltr'>nomen</span> <span class='ocrx_word' id='word_1_168' title='bbox 1255 2181 1349 2240; x_wconf 89' lang='lat' dir='ltr'>ita</span> <span class='ocrx_word' id='word_1_169' title='bbox 1398 2180 1871 2255; x_wconf 76' lang='lat' dir='ltr'>magnificavit,</span> <span class='ocrx_word' id='word_1_170' title='bbox 1912 2185 2148 2239; x_wconf 92' lang='lat' dir='ltr'>utnon</span> <span class='ocrx_word' id='word_1_171' title='bbox 2180 2179 2445 2239; x_wconf 86' lang='lat' dir='ltr'>deficiat</span> <span class='ocrx_word' id='word_1_172' title='bbox 2492 2180 2641 2239; x_wconf 88' lang='lat' dir='ltr'>laus</span> <span class='ocrx_word' id='word_1_173' title='bbox 2691 2186 2804 2240; x_wconf 90' lang='lat' dir='ltr'>tua</span> <span class='ocrx_word' id='word_1_174' title='bbox 2850 2182 2932 2240; x_wconf 91' lang='lat' dir='ltr'>de</span> <span class='ocrx_word' id='word_1_175' title='bbox 2974 2198 3089 2241; x_wconf 90' lang='lat' dir='ltr'>ore</span> <span class='ocrx_word' id='word_1_176' title='bbox 3139 2182 3351 2244; x_wconf 88' lang='lat' dir='ltr'>homi-</span> 
     </span>
     <span class='ocr_line' id='line_1_18' title="bbox 272 2300 447 2344; baseline 0.017 -3"><span class='ocrx_word' id='word_1_177' title='bbox 272 2300 447 2344; x_wconf 89' lang='lat' dir='ltr'>num.</span> 
     </span>
    </p>

    <p class='ocr_par' dir='ltr' id='par_1_5' title="bbox 270 2386 3363 3730">
     <span class='ocr_line' id='line_1_19' title="bbox 359 2386 3359 2468; baseline 0.002 -23"><span class='ocrx_word' id='word_1_178' title='bbox 359 2386 703 2448; x_wconf 88' lang='lat' dir='ltr'>Postremo</span> <span class='ocrx_word' id='word_1_179' title='bbox 736 2389 940 2448; x_wconf 85' lang='lat' dir='ltr'>etiam</span> <span class='ocrx_word' id='word_1_180' title='bbox 988 2392 1140 2449; x_wconf 89' lang='lat' dir='ltr'>tuae</span> <span class='ocrx_word' id='word_1_181' title='bbox 1173 2388 1530 2461; x_wconf 90' lang='lat' dir='ltr'>dulcedini,</span> <span class='ocrx_word' id='word_1_182' title='bbox 1579 2388 1714 2449; x_wconf 90' lang='lat' dir='ltr'>Deo</span> <span class='ocrx_word' id='word_1_183' title='bbox 1765 2392 1828 2449; x_wconf 92' lang='lat' dir='ltr'>te</span> <span class='ocrx_word' id='word_1_184' title='bbox 1861 2389 2358 2460; x_wconf 85' lang='lat' dir='ltr'>commendans,</span> <span class='ocrx_word' id='word_1_185' title='bbox 2406 2404 2536 2449; x_wconf 91' lang='lat' dir='ltr'>non</span> <span class='ocrx_word' id='word_1_186' title='bbox 2583 2389 2888 2464; x_wconf 87' lang='lat' dir='ltr'>ingratus</span> <span class='ocrx_word' id='word_1_187' title='bbox 2937 2391 3148 2450; x_wconf 84' lang='lat' dir='ltr'>extiti:</span> <span class='ocrx_word' id='word_1_188' title='bbox 3187 2407 3359 2468; x_wconf 85' lang='lat' dir='ltr'>quae</span> 
     </span>
     <span class='ocr_line' id='line_1_20' title="bbox 274 2492 3351 2568; baseline 0.002 -17"><span class='ocrx_word' id='word_1_189' title='bbox 274 2509 374 2550; x_wconf 89' lang='lat' dir='ltr'>me</span> <span class='ocrx_word' id='word_1_190' title='bbox 402 2493 590 2567; x_wconf 84' lang='lat' dir='ltr'>juxta</span> <span class='ocrx_word' id='word_1_191' title='bbox 625 2493 845 2552; x_wconf 87' lang='lat' dir='ltr'>cordis</span> <span class='ocrx_word' id='word_1_192' title='bbox 881 2494 1007 2552; x_wconf 92' lang='lat' dir='ltr'>mei</span> <span class='ocrx_word' id='word_1_193' title='bbox 1042 2501 1294 2568; x_wconf 88' lang='lat' dir='ltr'>votum,</span> <span class='ocrx_word' id='word_1_194' title='bbox 1348 2500 1420 2553; x_wconf 92' lang='lat' dir='ltr'>ut</span> <span class='ocrx_word' id='word_1_195' title='bbox 1467 2509 1546 2551; x_wconf 84' lang='lat' dir='ltr'>ex</span> <span class='ocrx_word' id='word_1_196' title='bbox 1585 2493 1816 2553; x_wconf 88' lang='lat' dir='ltr'>verbis</span> <span class='ocrx_word' id='word_1_197' title='bbox 1866 2493 2001 2553; x_wconf 91' lang='lat' dir='ltr'>tuis</span> <span class='ocrx_word' id='word_1_198' title='bbox 2048 2492 2439 2568; x_wconf 87' lang='lat' dir='ltr'>apparebat,</span> <span class='ocrx_word' id='word_1_199' title='bbox 2495 2493 2667 2552; x_wconf 87' lang='lat' dir='ltr'>inter</span> <span class='ocrx_word' id='word_1_200' title='bbox 2717 2494 3045 2566; x_wconf 88' lang='lat' dir='ltr'>speciales</span> <span class='ocrx_word' id='word_1_201' title='bbox 3094 2496 3351 2558; x_wconf 87' lang='lat' dir='ltr'>amicos</span> 
     </span>
     <span class='ocr_line' id='line_1_21' title="bbox 271 2596 3355 2675; baseline 0.001 -17"><span class='ocrx_word' id='word_1_202' title='bbox 271 2600 611 2675; x_wconf 84' lang='lat' dir='ltr'>indignum</span> <span class='ocrx_word' id='word_1_203' title='bbox 644 2607 711 2659; x_wconf 89' lang='lat' dir='ltr'>et</span> <span class='ocrx_word' id='word_1_204' title='bbox 744 2617 872 2659; x_wconf 91' lang='lat' dir='ltr'>non</span> <span class='ocrx_word' id='word_1_205' title='bbox 906 2606 1268 2658; x_wconf 88' lang='lat' dir='ltr'>merentem</span> <span class='ocrx_word' id='word_1_206' title='bbox 1307 2600 1451 2657; x_wconf 94' lang='lat' dir='ltr'>loco</span> <span class='ocrx_word' id='word_1_207' title='bbox 1500 2599 1861 2675; x_wconf 89' lang='lat' dir='ltr'>praecipuo</span> <span class='ocrx_word' id='word_1_208' title='bbox 1897 2599 2230 2657; x_wconf 89' lang='lat' dir='ltr'>collocare</span> <span class='ocrx_word' id='word_1_209' title='bbox 2262 2596 2535 2671; x_wconf 82' lang='lat' dir='ltr'>dignata</span> <span class='ocrx_word' id='word_1_210' title='bbox 2570 2613 2669 2671; x_wconf 90' lang='lat' dir='ltr'>es;</span> <span class='ocrx_word' id='word_1_211' title='bbox 2722 2598 2886 2657; x_wconf 86' lang='lat' dir='ltr'>adeo</span> <span class='ocrx_word' id='word_1_212' title='bbox 2934 2603 3005 2656; x_wconf 92' lang='lat' dir='ltr'>ut</span> <span class='ocrx_word' id='word_1_213' title='bbox 3053 2605 3355 2659; x_wconf 87' lang='lat' dir='ltr'>reserato</span> 
     </span>
     <span class='ocr_line' id='line_1_22' title="bbox 270 2702 3355 2780; baseline -0.002 -14"><span class='ocrx_word' id='word_1_214' title='bbox 270 2707 431 2766; x_wconf 87' lang='lat' dir='ltr'>mihi</span> <span class='ocrx_word' id='word_1_215' title='bbox 466 2707 764 2766; x_wconf 87' lang='lat' dir='ltr'>sacrario</span> <span class='ocrx_word' id='word_1_216' title='bbox 815 2706 1214 2766; x_wconf 83' lang='lat' dir='ltr'>lucidissimi</span> <span class='ocrx_word' id='word_1_217' title='bbox 1264 2706 1557 2780; x_wconf 86' lang='lat' dir='ltr'>pectoris</span> <span class='ocrx_word' id='word_1_218' title='bbox 1608 2705 1728 2778; x_wconf 91' lang='lat' dir='ltr'>tui,</span> <span class='ocrx_word' id='word_1_219' title='bbox 1780 2703 2047 2763; x_wconf 90' lang='lat' dir='ltr'>modum</span> <span class='ocrx_word' id='word_1_220' title='bbox 2082 2709 2150 2762; x_wconf 91' lang='lat' dir='ltr'>et</span> <span class='ocrx_word' id='word_1_221' title='bbox 2197 2703 2591 2779; x_wconf 87' lang='lat' dir='ltr'>qualitatem</span> <span class='ocrx_word' id='word_1_222' title='bbox 2630 2702 3157 2762; x_wconf 88' lang='lat' dir='ltr'>illustrationum</span> <span class='ocrx_word' id='word_1_223' title='bbox 3211 2709 3355 2763; x_wconf 91' lang='lat' dir='ltr'>tua-</span> 
     </span>
     <span class='ocr_line' id='line_1_23' title="bbox 273 2807 3358 2888; baseline -0.001 -17"><span class='ocrx_word' id='word_1_224' title='bbox 273 2829 417 2871; x_wconf 87' lang='lat' dir='ltr'>rum</span> <span class='ocrx_word' id='word_1_225' title='bbox 456 2812 876 2872; x_wconf 78' lang='lat' dir='ltr'>manisestius</span> <span class='ocrx_word' id='word_1_226' title='bbox 925 2829 1124 2888; x_wconf 85' lang='lat' dir='ltr'>quam</span> <span class='ocrx_word' id='word_1_227' title='bbox 1177 2812 1502 2871; x_wconf 87' lang='lat' dir='ltr'>hactenus</span> <span class='ocrx_word' id='word_1_228' title='bbox 1551 2811 1776 2883; x_wconf 88' lang='lat' dir='ltr'>alicui,</span> <span class='ocrx_word' id='word_1_229' title='bbox 1825 2815 1899 2868; x_wconf 88' lang='lat' dir='ltr'>ut</span> <span class='ocrx_word' id='word_1_230' title='bbox 1948 2809 2033 2868; x_wconf 87' lang='lat' dir='ltr'>ab</span> <span class='ocrx_word' id='word_1_231' title='bbox 2081 2807 2187 2867; x_wconf 89' lang='lat' dir='ltr'>his</span> <span class='ocrx_word' id='word_1_232' title='bbox 2247 2809 2361 2884; x_wconf 84' lang='lat' dir='ltr'>qui</span> <span class='ocrx_word' id='word_1_233' title='bbox 2411 2809 2663 2883; x_wconf 90' lang='lat' dir='ltr'>scripta</span> <span class='ocrx_word' id='word_1_234' title='bbox 2714 2815 2829 2868; x_wconf 90' lang='lat' dir='ltr'>tua</span> <span class='ocrx_word' id='word_1_235' title='bbox 2879 2809 3120 2883; x_wconf 87' lang='lat' dir='ltr'>legent,</span> <span class='ocrx_word' id='word_1_236' title='bbox 3174 2809 3358 2867; x_wconf 90' lang='lat' dir='ltr'>inno-</span> 
     </span>
     <span class='ocr_line' id='line_1_24' title="bbox 276 2911 3361 2996; baseline -0.002 -20"><span class='ocrx_word' id='word_1_237' title='bbox 276 2922 592 2991; x_wconf 78' lang='lat' dir='ltr'>tescereS,</span> <span class='ocrx_word' id='word_1_238' title='bbox 632 2918 1045 2978; x_wconf 88' lang='lat' dir='ltr'>aestimatur.</span> <span class='ocrx_word' id='word_1_239' title='bbox 1079 2911 1126 2996; x_wconf 87' lang='lat'>⁴)</span> <span class='ocrx_word' id='word_1_240' title='bbox 1163 2916 1288 2975; x_wconf 87' lang='lat' dir='ltr'>Sed</span> <span class='ocrx_word' id='word_1_241' title='bbox 1322 2915 1623 2990; x_wconf 84' lang='lat' dir='ltr'>profecto</span> <span class='ocrx_word' id='word_1_242' title='bbox 1669 2915 2053 2989; x_wconf 86' lang='lat' dir='ltr'>petitionem</span> <span class='ocrx_word' id='word_1_243' title='bbox 2091 2929 2303 2972; x_wconf 88' lang='lat' dir='ltr'>meam</span> <span class='ocrx_word' id='word_1_244' title='bbox 2340 2919 2408 2971; x_wconf 89' lang='lat' dir='ltr'>et</span> <span class='ocrx_word' id='word_1_245' title='bbox 2442 2913 2861 2987; x_wconf 87' lang='lat' dir='ltr'>largitionem</span> <span class='ocrx_word' id='word_1_246' title='bbox 2898 2918 3081 2972; x_wconf 89' lang='lat' dir='ltr'>tuam</span> <span class='ocrx_word' id='word_1_247' title='bbox 3124 2913 3189 2971; x_wconf 89' lang='lat' dir='ltr'>in</span> <span class='ocrx_word' id='word_1_248' title='bbox 3222 2919 3361 2972; x_wconf 90' lang='lat' dir='ltr'>sta-</span> 
     </span>
     <span class='ocr_line' id='line_1_25' title="bbox 271 3014 3359 3097; baseline -0.002 -15"><span class='ocrx_word' id='word_1_249' title='bbox 271 3030 413 3082; x_wconf 88' lang='lat' dir='ltr'>tera</span> <span class='ocrx_word' id='word_1_250' title='bbox 448 3028 561 3081; x_wconf 90' lang='lat' dir='ltr'>tua</span> <span class='ocrx_word' id='word_1_251' title='bbox 604 3021 787 3097; x_wconf 89' lang='lat' dir='ltr'>justa</span> <span class='ocrx_word' id='word_1_252' title='bbox 821 3027 887 3081; x_wconf 90' lang='lat' dir='ltr'>et</span> <span class='ocrx_word' id='word_1_253' title='bbox 922 3038 1050 3081; x_wconf 92' lang='lat' dir='ltr'>non</span> <span class='ocrx_word' id='word_1_254' title='bbox 1096 3020 1328 3081; x_wconf 89' lang='lat' dir='ltr'>dolosa</span> <span class='ocrx_word' id='word_1_255' title='bbox 1379 3017 1779 3095; x_wconf 88' lang='lat' dir='ltr'>appendisti,</span> <span class='ocrx_word' id='word_1_256' title='bbox 1820 3033 2108 3093; x_wconf 82' lang='lat' dir='ltr'>aequum</span> <span class='ocrx_word' id='word_1_257' title='bbox 2137 3015 2448 3092; x_wconf 87' lang='lat' dir='ltr'>judicans</span> <span class='ocrx_word' id='word_1_258' title='bbox 2484 3018 2557 3076; x_wconf 91' lang='lat' dir='ltr'>ut</span> <span class='ocrx_word' id='word_1_259' title='bbox 2605 3016 2801 3075; x_wconf 91' lang='lat' dir='ltr'>oculo</span> <span class='ocrx_word' id='word_1_260' title='bbox 2852 3014 3204 3076; x_wconf 90' lang='lat' dir='ltr'>charitatis</span> <span class='ocrx_word' id='word_1_261' title='bbox 3248 3032 3359 3076; x_wconf 86' lang='lat' dir='ltr'>cu·-</span> 
     </span>
     <span class='ocr_line' id='line_1_26' title="bbox 272 3121 3361 3203; baseline -0.002 -15"><span class='ocrx_word' id='word_1_262' title='bbox 272 3130 564 3189; x_wconf 88' lang='lat' dir='ltr'>biculum</span> <span class='ocrx_word' id='word_1_263' title='bbox 601 3129 927 3203; x_wconf 89' lang='lat' dir='ltr'>panderes</span> <span class='ocrx_word' id='word_1_264' title='bbox 976 3128 1352 3200; x_wconf 84' lang='lat' dir='ltr'>charitatiS,</span> <span class='ocrx_word' id='word_1_265' title='bbox 1403 3132 1470 3184; x_wconf 89' lang='lat' dir='ltr'>et</span> <span class='ocrx_word' id='word_1_266' title='bbox 1505 3126 1586 3184; x_wconf 86' lang='lat' dir='ltr'>ad</span> <span class='ocrx_word' id='word_1_267' title='bbox 1635 3124 2063 3200; x_wconf 89' lang='lat' dir='ltr'>participium</span> <span class='ocrx_word' id='word_1_268' title='bbox 2113 3122 2545 3183; x_wconf 83' lang='lat' dir='ltr'>exultationis</span> <span class='ocrx_word' id='word_1_269' title='bbox 2595 3124 2661 3181; x_wconf 90' lang='lat' dir='ltr'>in</span> <span class='ocrx_word' id='word_1_270' title='bbox 2696 3138 3014 3182; x_wconf 90' lang='lat' dir='ltr'>arcanum</span> <span class='ocrx_word' id='word_1_271' title='bbox 3067 3121 3229 3182; x_wconf 92' lang='lat' dir='ltr'>illud</span> <span class='ocrx_word' id='word_1_272' title='bbox 3257 3123 3361 3197; x_wconf 90' lang='lat' dir='ltr'>ju-</span> 
     </span>
     <span class='ocr_line' id='line_1_27' title="bbox 270 3229 3363 3310; baseline -0.002 -13"><span class='ocrx_word' id='word_1_273' title='bbox 270 3239 558 3297; x_wconf 89' lang='lat' dir='ltr'>cundum</span> <span class='ocrx_word' id='word_1_274' title='bbox 605 3237 980 3310; x_wconf 80' lang='lat' dir='ltr'>inducereS,</span> <span class='ocrx_word' id='word_1_275' title='bbox 1031 3252 1162 3295; x_wconf 92' lang='lat' dir='ltr'>non</span> <span class='ocrx_word' id='word_1_276' title='bbox 1209 3235 1722 3308; x_wconf 87' lang='lat' dir='ltr'>exploratorem,</span> <span class='ocrx_word' id='word_1_277' title='bbox 1777 3231 1891 3289; x_wconf 89' lang='lat' dir='ltr'>sed</span> <span class='ocrx_word' id='word_1_278' title='bbox 1944 3229 2332 3290; x_wconf 88' lang='lat' dir='ltr'>dilectorem</span> <span class='ocrx_word' id='word_1_279' title='bbox 2385 3231 2610 3305; x_wconf 86' lang='lat' dir='ltr'>gaudii</span> <span class='ocrx_word' id='word_1_280' title='bbox 2665 3232 2797 3305; x_wconf 91' lang='lat' dir='ltr'>tui,</span> <span class='ocrx_word' id='word_1_281' title='bbox 2852 3233 2917 3291; x_wconf 93' lang='lat' dir='ltr'>in</span> <span class='ocrx_word' id='word_1_282' title='bbox 2966 3249 3071 3292; x_wconf 87' lang='lat' dir='ltr'>me</span> <span class='ocrx_word' id='word_1_283' title='bbox 3121 3239 3188 3291; x_wconf 90' lang='lat' dir='ltr'>et</span> <span class='ocrx_word' id='word_1_284' title='bbox 3236 3233 3363 3293; x_wconf 88' lang='lat' dir='ltr'>hoc</span> 
     </span>
     <span class='ocr_line' id='line_1_28' title="bbox 276 3335 3360 3415; baseline -0 -16"><span class='ocrx_word' id='word_1_285' title='bbox 276 3343 616 3415; x_wconf 82' lang='lat' dir='ltr'>impletum</span> <span class='ocrx_word' id='word_1_286' title='bbox 657 3341 737 3400; x_wconf 92' lang='lat' dir='ltr'>iri</span> <span class='ocrx_word' id='word_1_287' title='bbox 784 3341 1042 3413; x_wconf 85' lang='lat' dir='ltr'>volens,</span> <span class='ocrx_word' id='word_1_288' title='bbox 1078 3338 1237 3413; x_wconf 85' lang='lat' dir='ltr'>quia</span> <span class='ocrx_word' id='word_1_289' title='bbox 1284 3337 1575 3412; x_wconf 89' lang='lat' dir='ltr'>pulsanti</span> <span class='ocrx_word' id='word_1_290' title='bbox 1614 3336 1933 3411; x_wconf 89' lang='lat' dir='ltr'>aperitur.</span> <span class='ocrx_word' id='word_1_291' title='bbox 1982 3335 2219 3405; x_wconf 90' lang='lat' dir='ltr'>Quidni</span> <span class='ocrx_word' id='word_1_292' title='bbox 2272 3343 2430 3395; x_wconf 85' lang='lat' dir='ltr'>tunc</span> <span class='ocrx_word' id='word_1_293' title='bbox 2462 3336 2795 3394; x_wconf 83' lang='lat' dir='ltr'>exultaret</span> <span class='ocrx_word' id='word_1_294' title='bbox 2831 3336 2893 3393; x_wconf 94' lang='lat' dir='ltr'>in</span> <span class='ocrx_word' id='word_1_295' title='bbox 2928 3336 3204 3396; x_wconf 90' lang='lat' dir='ltr'>Domino</span> <span class='ocrx_word' id='word_1_296' title='bbox 3243 3354 3360 3398; x_wconf 89' lang='lat' dir='ltr'>cor</span> 
     </span>
     <span class='ocr_line' id='line_1_29' title="bbox 276 3438 3356 3519; baseline 0 -16"><span class='ocrx_word' id='word_1_297' title='bbox 276 3460 518 3519; x_wconf 89' lang='lat' dir='ltr'>meum,</span> <span class='ocrx_word' id='word_1_298' title='bbox 554 3450 621 3502; x_wconf 90' lang='lat' dir='ltr'>et</span> <span class='ocrx_word' id='word_1_299' title='bbox 669 3460 744 3501; x_wconf 88' lang='lat' dir='ltr'>os</span> <span class='ocrx_word' id='word_1_300' title='bbox 795 3442 1169 3516; x_wconf 87' lang='lat' dir='ltr'>repleretur</span> <span class='ocrx_word' id='word_1_301' title='bbox 1195 3438 1444 3514; x_wconf 66' lang='lat' dir='ltr'>jubilo?</span> <span class='ocrx_word' id='word_1_302' title='bbox 1478 3438 1704 3513; x_wconf 87' lang='lat' dir='ltr'>quidni</span> <span class='ocrx_word' id='word_1_303' title='bbox 1740 3438 2111 3513; x_wconf 87' lang='lat' dir='ltr'>gauderent</span> <span class='ocrx_word' id='word_1_304' title='bbox 2158 3438 2338 3497; x_wconf 86' lang='lat' dir='ltr'>labia</span> <span class='ocrx_word' id='word_1_305' title='bbox 2371 3438 2552 3498; x_wconf 70' lang='lat' dir='ltr'>mea?</span> <span class='ocrx_word' id='word_1_306' title='bbox 2585 3455 2738 3498; x_wconf 91' lang='lat' dir='ltr'>cum</span> <span class='ocrx_word' id='word_1_307' title='bbox 2773 3441 3159 3515; x_wconf 89' lang='lat' dir='ltr'>specialiter</span> <span class='ocrx_word' id='word_1_308' title='bbox 3193 3443 3356 3504; x_wconf 92' lang='lat' dir='ltr'>mihi</span> 
     </span>
     <span class='ocr_line' id='line_1_30' title="bbox 274 3541 3357 3623; baseline -0 -15"><span class='ocrx_word' id='word_1_309' title='bbox 274 3550 480 3608; x_wconf 88' lang='lat' dir='ltr'>missa</span> <span class='ocrx_word' id='word_1_310' title='bbox 514 3551 580 3608; x_wconf 90' lang='lat' dir='ltr'>et</span> <span class='ocrx_word' id='word_1_311' title='bbox 613 3548 811 3607; x_wconf 91' lang='lat' dir='ltr'>corde</span> <span class='ocrx_word' id='word_1_312' title='bbox 844 3546 1207 3619; x_wconf 86' lang='lat' dir='ltr'>volverem,</span> <span class='ocrx_word' id='word_1_313' title='bbox 1244 3550 1310 3604; x_wconf 91' lang='lat' dir='ltr'>et</span> <span class='ocrx_word' id='word_1_314' title='bbox 1343 3559 1458 3603; x_wconf 93' lang='lat' dir='ltr'>ore</span> <span class='ocrx_word' id='word_1_315' title='bbox 1508 3544 1841 3619; x_wconf 88' lang='lat' dir='ltr'>loquerer,</span> <span class='ocrx_word' id='word_1_316' title='bbox 1893 3549 1962 3602; x_wconf 91' lang='lat' dir='ltr'>et</span> <span class='ocrx_word' id='word_1_317' title='bbox 1994 3541 2194 3602; x_wconf 89' lang='lat' dir='ltr'>labiis</span> <span class='ocrx_word' id='word_1_318' title='bbox 2245 3543 2743 3617; x_wconf 89' lang='lat' dir='ltr'>pronuntiarem</span> <span class='ocrx_word' id='word_1_319' title='bbox 2796 3560 2873 3604; x_wconf 89' lang='lat' dir='ltr'>ea</span> <span class='ocrx_word' id='word_1_320' title='bbox 2908 3546 3136 3621; x_wconf 89' lang='lat' dir='ltr'>verba,</span> <span class='ocrx_word' id='word_1_321' title='bbox 3185 3563 3357 3623; x_wconf 88' lang='lat' dir='ltr'>quae</span> 
     </span>
     <span class='ocr_line' id='line_1_31' title="bbox 273 3648 3272 3730; baseline -0 -15"><span class='ocrx_word' id='word_1_322' title='bbox 273 3673 392 3715; x_wconf 90' lang='lat' dir='ltr'>nec</span> <span class='ocrx_word' id='word_1_323' title='bbox 441 3672 517 3715; x_wconf 86' lang='lat' dir='ltr'>ex</span> <span class='ocrx_word' id='word_1_324' title='bbox 557 3663 641 3730; x_wconf 93' lang='lat' dir='ltr'>te,</span> <span class='ocrx_word' id='word_1_325' title='bbox 691 3670 814 3714; x_wconf 91' lang='lat' dir='ltr'>nec</span> <span class='ocrx_word' id='word_1_326' title='bbox 850 3654 934 3713; x_wconf 88' lang='lat' dir='ltr'>ab</span> <span class='ocrx_word' id='word_1_327' title='bbox 969 3652 1104 3713; x_wconf 89' lang='lat' dir='ltr'>ullo</span> <span class='ocrx_word' id='word_1_328' title='bbox 1154 3651 1448 3720; x_wconf 89' lang='lat' dir='ltr'>homine,</span> <span class='ocrx_word' id='word_1_329' title='bbox 1486 3648 1602 3708; x_wconf 86' lang='lat' dir='ltr'>sed</span> <span class='ocrx_word' id='word_1_330' title='bbox 1640 3650 1703 3709; x_wconf 91' lang='lat' dir='ltr'>in</span> <span class='ocrx_word' id='word_1_331' title='bbox 1739 3664 2027 3725; x_wconf 88' lang='lat' dir='ltr'>superna</span> <span class='ocrx_word' id='word_1_332' title='bbox 2063 3648 2480 3709; x_wconf 84' lang='lat' dir='ltr'>solummodo</span> <span class='ocrx_word' id='word_1_333' title='bbox 2517 3651 2772 3710; x_wconf 89' lang='lat' dir='ltr'>visione</span> <span class='ocrx_word' id='word_1_334' title='bbox 2807 3653 3272 3729; x_wconf 73' lang='lat' dir='ltr'>comperisses</span> 
     </span>
    </p>

    <p class='ocr_par' dir='ltr' id='par_1_6' title="bbox 272 3755 3361 4263">
     <span class='ocr_line' id='line_1_32' title="bbox 363 3755 3358 3833; baseline -0.001 -12"><span class='ocrx_word' id='word_1_335' title='bbox 363 3763 631 3822; x_wconf 87' lang='lat' dir='ltr'>Interim</span> <span class='ocrx_word' id='word_1_336' title='bbox 668 3763 889 3820; x_wconf 90' lang='lat' dir='ltr'>tamen</span> <span class='ocrx_word' id='word_1_337' title='bbox 922 3774 1001 3817; x_wconf 82' lang='lat' dir='ltr'>ex</span> <span class='ocrx_word' id='word_1_338' title='bbox 1035 3757 1477 3817; x_wconf 90' lang='lat' dir='ltr'>admiratione</span> <span class='ocrx_word' id='word_1_339' title='bbox 1512 3756 1604 3814; x_wconf 93' lang='lat' dir='ltr'>tui</span> <span class='ocrx_word' id='word_1_340' title='bbox 1643 3755 1723 3815; x_wconf 88' lang='lat' dir='ltr'>ad</span> <span class='ocrx_word' id='word_1_341' title='bbox 1768 3755 2370 3815; x_wconf 91' lang='lat' dir='ltr'>considerationem</span> <span class='ocrx_word' id='word_1_342' title='bbox 2405 3758 2537 3815; x_wconf 92' lang='lat' dir='ltr'>mei</span> <span class='ocrx_word' id='word_1_343' title='bbox 2567 3758 2778 3833; x_wconf 87' lang='lat' dir='ltr'>ipsius</span> <span class='ocrx_word' id='word_1_344' title='bbox 2814 3775 3190 3831; x_wconf 89' lang='lat' dir='ltr'>recurrens,</span> <span class='ocrx_word' id='word_1_345' title='bbox 3228 3776 3358 3821; x_wconf 91' lang='lat' dir='ltr'>non</span> 
     </span>
     <span class='ocr_line' id='line_1_33' title="bbox 272 3858 3357 3938; baseline -0.003 -7"><span class='ocrx_word' id='word_1_346' title='bbox 272 3872 532 3931; x_wconf 89' lang='lat' dir='ltr'>modica</span> <span class='ocrx_word' id='word_1_347' title='bbox 566 3870 810 3929; x_wconf 90' lang='lat' dir='ltr'>urebar</span> <span class='ocrx_word' id='word_1_348' title='bbox 842 3866 1267 3938; x_wconf 85' lang='lat' dir='ltr'>verecundia,</span> <span class='ocrx_word' id='word_1_349' title='bbox 1319 3869 1386 3922; x_wconf 88' lang='lat' dir='ltr'>et</span> <span class='ocrx_word' id='word_1_350' title='bbox 1419 3858 1580 3938; x_wconf 76' lang='lat' dir='ltr'>prae</span> <span class='ocrx_word' id='word_1_351' title='bbox 1615 3865 1855 3923; x_wconf 89' lang='lat' dir='ltr'>timore</span> <span class='ocrx_word' id='word_1_352' title='bbox 1904 3879 2258 3937; x_wconf 86' lang='lat' dir='ltr'>concussa,</span> <span class='ocrx_word' id='word_1_353' title='bbox 2310 3864 2726 3938; x_wconf 88' lang='lat' dir='ltr'>palpitabant</span> <span class='ocrx_word' id='word_1_354' title='bbox 2775 3863 3166 3938; x_wconf 90' lang='lat' dir='ltr'>praecordia</span> <span class='ocrx_word' id='word_1_355' title='bbox 3211 3880 3357 3921; x_wconf 92' lang='lat' dir='ltr'>mea</span> 
     </span>
     <span class='ocr_line' id='line_1_34' title="bbox 272 3968 3361 4043; baseline -0.004 -6"><span class='ocrx_word' id='word_1_356' title='bbox 272 3995 423 4037; x_wconf 88' lang='lat' dir='ltr'>cum</span> <span class='ocrx_word' id='word_1_357' title='bbox 460 3978 658 4036; x_wconf 88' lang='lat' dir='ltr'>istinc</span> <span class='ocrx_word' id='word_1_358' title='bbox 692 3981 760 4036; x_wconf 90' lang='lat' dir='ltr'>et</span> <span class='ocrx_word' id='word_1_359' title='bbox 809 3973 1163 4034; x_wconf 85' lang='lat' dir='ltr'>infirmitas</span> <span class='ocrx_word' id='word_1_360' title='bbox 1211 3970 1685 4043; x_wconf 90' lang='lat' dir='ltr'>conscientiae,</span> <span class='ocrx_word' id='word_1_361' title='bbox 1736 3976 1804 4029; x_wconf 90' lang='lat' dir='ltr'>et</span> <span class='ocrx_word' id='word_1_362' title='bbox 1853 3986 2111 4030; x_wconf 91' lang='lat' dir='ltr'>morum</span> <span class='ocrx_word' id='word_1_363' title='bbox 2165 3970 2636 4043; x_wconf 89' lang='lat' dir='ltr'>inconstantia,</span> <span class='ocrx_word' id='word_1_364' title='bbox 2692 3968 2873 4027; x_wconf 90' lang='lat' dir='ltr'>illinc</span> <span class='ocrx_word' id='word_1_365' title='bbox 2924 3982 3027 4025; x_wconf 92' lang='lat' dir='ltr'>me</span> <span class='ocrx_word' id='word_1_366' title='bbox 3074 3968 3238 4026; x_wconf 89' lang='lat' dir='ltr'>talia</span> <span class='ocrx_word' id='word_1_367' title='bbox 3270 3968 3361 4026; x_wconf 87' lang='lat' dir='ltr'>le-</span> 
     </span>
     <span class='ocr_line' id='line_1_35' title="bbox 272 4070 3355 4157; baseline -0.005 -15"><span class='ocrx_word' id='word_1_368' title='bbox 272 4090 489 4157; x_wconf 84' lang='lat' dir='ltr'>gente,</span> <span class='ocrx_word' id='word_1_369' title='bbox 527 4081 788 4156; x_wconf 88' lang='lat' dir='ltr'>publice</span> <span class='ocrx_word' id='word_1_370' title='bbox 824 4078 1215 4138; x_wconf 88' lang='lat' dir='ltr'>audirentur</span> <span class='ocrx_word' id='word_1_371' title='bbox 1262 4076 1467 4135; x_wconf 81' lang='lat' dir='ltr'>verba</span> <span class='ocrx_word' id='word_1_372' title='bbox 1504 4080 1639 4147; x_wconf 93' lang='lat' dir='ltr'>tua,</span> <span class='ocrx_word' id='word_1_373' title='bbox 1679 4074 1923 4148; x_wconf 83' lang='lat' dir='ltr'>quibus</span> <span class='ocrx_word' id='word_1_374' title='bbox 1973 4075 2303 4132; x_wconf 87' lang='lat' dir='ltr'>moestum</span> <span class='ocrx_word' id='word_1_375' title='bbox 2355 4071 2469 4130; x_wconf 90' lang='lat' dir='ltr'>Dei</span> <span class='ocrx_word' id='word_1_376' title='bbox 2506 4072 2612 4130; x_wconf 86' lang='lat' dir='ltr'>vel</span> <span class='ocrx_word' id='word_1_377' title='bbox 2663 4086 2932 4129; x_wconf 90' lang='lat' dir='ltr'>servum</span> <span class='ocrx_word' id='word_1_378' title='bbox 2980 4071 3085 4128; x_wconf 85' lang='lat' dir='ltr'>vel</span> <span class='ocrx_word' id='word_1_379' title='bbox 3123 4070 3355 4145; x_wconf 84' lang='lat' dir='ltr'>filium,</span> 
     </span>
     <span class='ocr_line' id='line_1_36' title="bbox 277 4171 1660 4263; baseline -0.007 -17"><span class='ocrx_word' id='word_1_380' title='bbox 277 4205 393 4245; x_wconf 83' lang='lat' dir='ltr'>seu</span> <span class='ocrx_word' id='word_1_381' title='bbox 431 4187 707 4263; x_wconf 90' lang='lat' dir='ltr'>probum</span> <span class='ocrx_word' id='word_1_382' title='bbox 761 4183 1040 4242; x_wconf 91' lang='lat' dir='ltr'>militem</span> <span class='ocrx_word' id='word_1_383' title='bbox 1091 4180 1579 4256; x_wconf 84' lang='lat' dir='ltr'>persalutabas.</span> <span class='ocrx_word' id='word_1_384' title='bbox 1614 4171 1660 4245; x_wconf 71' lang='lat'>⁵)</span> 
     </span>
    </p>

    <p class='ocr_par' dir='ltr' id='par_1_7' title="bbox 273 4276 3364 4780">
     <span class='ocr_line' id='line_1_37' title="bbox 363 4276 3357 4361; baseline -0.005 -11"><span class='ocrx_word' id='word_1_385' title='bbox 363 4292 600 4350; x_wconf 86' lang='lat' dir='ltr'>Pareat</span> <span class='ocrx_word' id='word_1_386' title='bbox 633 4289 754 4350; x_wconf 90' lang='lat' dir='ltr'>tibi</span> <span class='ocrx_word' id='word_1_387' title='bbox 790 4288 1208 4361; x_wconf 89' lang='lat' dir='ltr'>omnipotens</span> <span class='ocrx_word' id='word_1_388' title='bbox 1241 4284 1441 4355; x_wconf 79' lang='lat' dir='ltr'>DeuS,</span> <span class='ocrx_word' id='word_1_389' title='bbox 1482 4282 1886 4341; x_wconf 84' lang='lat' dir='ltr'>venerabilis</span> <span class='ocrx_word' id='word_1_390' title='bbox 1935 4284 2169 4340; x_wconf 88' lang='lat' dir='ltr'>mater:</span> <span class='ocrx_word' id='word_1_391' title='bbox 2207 4281 2363 4355; x_wconf 84' lang='lat' dir='ltr'>quid</span> <span class='ocrx_word' id='word_1_392' title='bbox 2400 4285 2503 4338; x_wconf 90' lang='lat' dir='ltr'>est</span> <span class='ocrx_word' id='word_1_393' title='bbox 2540 4279 2715 4355; x_wconf 85' lang='lat' dir='ltr'>quod</span> <span class='ocrx_word' id='word_1_394' title='bbox 2752 4278 3130 4353; x_wconf 86' lang='lat' dir='ltr'>imposuisti</span> <span class='ocrx_word' id='word_1_395' title='bbox 3168 4276 3357 4352; x_wconf 87' lang='lat' dir='ltr'>mihi,</span> 
     </span>
     <span class='ocr_line' id='line_1_38' title="bbox 277 4382 3364 4472; baseline -0.006 -16"><span class='ocrx_word' id='word_1_396' title='bbox 277 4400 498 4472; x_wconf 87' lang='lat' dir='ltr'>inepto</span> <span class='ocrx_word' id='word_1_397' title='bbox 533 4397 599 4454; x_wconf 89' lang='lat' dir='ltr'>et</span> <span class='ocrx_word' id='word_1_398' title='bbox 634 4392 856 4467; x_wconf 78' lang='lat' dir='ltr'>segni‘?</span> <span class='ocrx_word' id='word_1_399' title='bbox 889 4391 1149 4450; x_wconf 88' lang='lat' dir='ltr'>Videris</span> <span class='ocrx_word' id='word_1_400' title='bbox 1181 4404 1342 4463; x_wconf 83' lang='lat' dir='ltr'>ergo</span> <span class='ocrx_word' id='word_1_401' title='bbox 1390 4403 1520 4462; x_wconf 83' lang='lat' dir='ltr'>quo</span> <span class='ocrx_word' id='word_1_402' title='bbox 1557 4385 1796 4461; x_wconf 89' lang='lat' dir='ltr'>spiritu</span> <span class='ocrx_word' id='word_1_403' title='bbox 1848 4385 1976 4443; x_wconf 91' lang='lat' dir='ltr'>ista</span> <span class='ocrx_word' id='word_1_404' title='bbox 2011 4385 2392 4459; x_wconf 71' lang='lat' dir='ltr'>protuleris</span> <span class='ocrx_word' id='word_1_405' title='bbox 2430 4382 2592 4442; x_wconf 88' lang='lat' dir='ltr'>Nam</span> <span class='ocrx_word' id='word_1_406' title='bbox 2631 4382 2694 4440; x_wconf 90' lang='lat' dir='ltr'>in</span> <span class='ocrx_word' id='word_1_407' title='bbox 2729 4398 2857 4457; x_wconf 92' lang='lat' dir='ltr'>me,</span> <span class='ocrx_word' id='word_1_408' title='bbox 2894 4382 3006 4442; x_wconf 89' lang='lat' dir='ltr'>ubi</span> <span class='ocrx_word' id='word_1_409' title='bbox 3042 4386 3364 4457; x_wconf 84' lang='lat' dir='ltr'>apparent</span> 
     </span>
     <span class='ocr_line' id='line_1_39' title="bbox 274 4486 3360 4571; baseline -0.005 -11"><span class='ocrx_word' id='word_1_410' title='bbox 274 4500 471 4560; x_wconf 77' lang='lat' dir='ltr'>haec‘?</span> <span class='ocrx_word' id='word_1_411' title='bbox 502 4500 681 4570; x_wconf 86' lang='lat' dir='ltr'>Quae</span> <span class='ocrx_word' id='word_1_412' title='bbox 730 4496 786 4556; x_wconf 92' lang='lat' dir='ltr'>si</span> <span class='ocrx_word' id='word_1_413' title='bbox 837 4496 988 4571; x_wconf 89' lang='lat' dir='ltr'>quis</span> <span class='ocrx_word' id='word_1_414' title='bbox 1023 4495 1197 4555; x_wconf 89' lang='lat' dir='ltr'>alius</span> <span class='ocrx_word' id='word_1_415' title='bbox 1230 4491 1527 4567; x_wconf 84' lang='lat' dir='ltr'>profecto</span> <span class='ocrx_word' id='word_1_416' title='bbox 1578 4491 1658 4548; x_wconf 90' lang='lat' dir='ltr'>de</span> <span class='ocrx_word' id='word_1_417' title='bbox 1708 4504 1809 4548; x_wconf 91' lang='lat' dir='ltr'>me</span> <span class='ocrx_word' id='word_1_418' title='bbox 1861 4489 2267 4564; x_wconf 83' lang='lat' dir='ltr'>loqueretur,</span> <span class='ocrx_word' id='word_1_419' title='bbox 2324 4487 2734 4546; x_wconf 90' lang='lat' dir='ltr'>mendacium</span> <span class='ocrx_word' id='word_1_420' title='bbox 2771 4487 2876 4545; x_wconf 83' lang='lat' dir='ltr'>vel</span> <span class='ocrx_word' id='word_1_421' title='bbox 2910 4486 3360 4546; x_wconf 90' lang='lat' dir='ltr'>adulationem</span> 
     </span>
     <span class='ocr_line' id='line_1_40' title="bbox 277 4591 3362 4680; baseline -0.004 -17"><span class='ocrx_word' id='word_1_422' title='bbox 277 4610 614 4680; x_wconf 73' lang='lat' dir='ltr'>reputan8‚</span> <span class='ocrx_word' id='word_1_423' title='bbox 652 4619 782 4661; x_wconf 90' lang='lat' dir='ltr'>non</span> <span class='ocrx_word' id='word_1_424' title='bbox 817 4600 1240 4660; x_wconf 87' lang='lat' dir='ltr'>sustinerem.</span> <span class='ocrx_word' id='word_1_425' title='bbox 1278 4597 1461 4656; x_wconf 92' lang='lat' dir='ltr'>Nunc</span> <span class='ocrx_word' id='word_1_426' title='bbox 1496 4601 1717 4654; x_wconf 88' lang='lat' dir='ltr'>autem</span> <span class='ocrx_word' id='word_1_427' title='bbox 1757 4593 1890 4653; x_wconf 92' lang='lat' dir='ltr'>tuis</span> <span class='ocrx_word' id='word_1_428' title='bbox 1924 4593 2369 4667; x_wconf 79' lang='lat' dir='ltr'>sermonibuS,</span> <span class='ocrx_word' id='word_1_429' title='bbox 2400 4610 2437 4651; x_wconf 90' lang='lat' dir='ltr'>a</span> <span class='ocrx_word' id='word_1_430' title='bbox 2466 4608 2777 4668; x_wconf 90' lang='lat' dir='ltr'>supern0,</span> <span class='ocrx_word' id='word_1_431' title='bbox 2817 4599 2889 4650; x_wconf 93' lang='lat' dir='ltr'>ut</span> <span class='ocrx_word' id='word_1_432' title='bbox 2916 4593 3188 4667; x_wconf 80' lang='lat' dir='ltr'>asseriS,</span> <span class='ocrx_word' id='word_1_433' title='bbox 3222 4591 3362 4651; x_wconf 85' lang='lat' dir='ltr'>fon-</span> 
     </span>
     <span class='ocr_line' id='line_1_41' title="bbox 273 4696 3363 4780; baseline -0.005 -10"><span class='ocrx_word' id='word_1_434' title='bbox 273 4715 337 4769; x_wconf 88' lang='lat' dir='ltr'>te</span> <span class='ocrx_word' id='word_1_435' title='bbox 374 4707 821 4780; x_wconf 80' lang='lat' dir='ltr'>manantibuS,</span> <span class='ocrx_word' id='word_1_436' title='bbox 859 4703 1327 4764; x_wconf 83' lang='lat' dir='ltr'>contradicere</span> <span class='ocrx_word' id='word_1_437' title='bbox 1369 4716 1500 4760; x_wconf 91' lang='lat' dir='ltr'>non</span> <span class='ocrx_word' id='word_1_438' title='bbox 1549 4697 1823 4773; x_wconf 80' lang='lat' dir='ltr'>audenS,</span> <span class='ocrx_word' id='word_1_439' title='bbox 1877 4698 2050 4757; x_wconf 90' lang='lat' dir='ltr'>inter</span> <span class='ocrx_word' id='word_1_440' title='bbox 2100 4697 2223 4757; x_wconf 89' lang='lat' dir='ltr'>hoc</span> <span class='ocrx_word' id='word_1_441' title='bbox 2258 4697 2434 4773; x_wconf 85' lang='lat' dir='ltr'>quod</span> <span class='ocrx_word' id='word_1_442' title='bbox 2485 4696 2684 4756; x_wconf 86' lang='lat' dir='ltr'>audio</span> <span class='ocrx_word' id='word_1_443' title='bbox 2732 4700 2800 4755; x_wconf 91' lang='lat' dir='ltr'>et</span> <span class='ocrx_word' id='word_1_444' title='bbox 2835 4697 3049 4756; x_wconf 88' lang='lat' dir='ltr'>sentio</span> <span class='ocrx_word' id='word_1_445' title='bbox 3100 4696 3181 4755; x_wconf 91' lang='lat' dir='ltr'>de</span> <span class='ocrx_word' id='word_1_446' title='bbox 3231 4710 3363 4770; x_wconf 89' lang='lat' dir='ltr'>me,</span> 
     </span>
    </p>
   </div>
   <div class='ocr_carea' id='block_1_3' title="bbox 274 4944 3362 5198">
    <p class='ocr_par' dir='ltr' id='par_1_8' title="bbox 274 4944 3362 5198">
     <span class='ocr_line' id='line_1_42' title="bbox 345 4944 3360 5030; baseline -0.007 -11"><span class='ocrx_word' id='word_1_447' title='bbox 345 4964 388 5030; x_wconf 87' lang='lat'>¹)</span> <span class='ocrx_word' id='word_1_448' title='bbox 433 4964 633 5019; x_wconf 80' lang='lat' dir='ltr'>Fateor</span> <span class='ocrx_word' id='word_1_449' title='bbox 671 4961 766 5017; x_wconf 87' lang='lat' dir='ltr'>hic</span> <span class='ocrx_word' id='word_1_450' title='bbox 793 4975 903 5016; x_wconf 90' lang='lat' dir='ltr'>non</span> <span class='ocrx_word' id='word_1_451' title='bbox 944 4960 1126 5015; x_wconf 89' lang='lat' dir='ltr'>solum</span> <span class='ocrx_word' id='word_1_452' title='bbox 1167 4957 1371 5030; x_wconf 82' lang='lat' dir='ltr'>respici</span> <span class='ocrx_word' id='word_1_453' title='bbox 1419 4954 1764 5027; x_wconf 84' lang='lat' dir='ltr'>superiorem</span> <span class='ocrx_word' id='word_1_454' title='bbox 1854 4953 1977 5010; x_wconf 86' lang='lat' dir='ltr'>cod.</span> <span class='ocrx_word' id='word_1_455' title='bbox 2008 4984 2075 4993; x_wconf 93' lang='lat'><strong>—</strong></span> <span class='ocrx_word' id='word_1_456' title='bbox 2102 4952 2146 5016; x_wconf 86' lang='lat'>⁴)</span> <span class='ocrx_word' id='word_1_457' title='bbox 2173 4957 2493 5009; x_wconf 72' lang='lat' dir='ltr'>aestimatur</span> <span class='ocrx_word' id='word_1_458' title='bbox 2518 4955 2865 5007; x_wconf 73' lang='lat' dir='ltr'>innotesceres</span> <span class='ocrx_word' id='word_1_459' title='bbox 2893 4947 2966 5003; x_wconf 92' lang='lat' dir='ltr'>id.</span> <span class='ocrx_word' id='word_1_460' title='bbox 2998 4978 3063 4986; x_wconf 92' lang='lat'>—-</span> <span class='ocrx_word' id='word_1_461' title='bbox 3088 4948 3130 5009; x_wconf 85' lang='lat'>⁵)</span> <span class='ocrx_word' id='word_1_462' title='bbox 3153 4944 3360 5017; x_wconf 72' lang='lat' dir='ltr'>persal-</span> 
     </span>
     <span class='ocr_line' id='line_1_43' title="bbox 274 5029 3355 5120; baseline -0.006 -16"><span class='ocrx_word' id='word_1_463' title='bbox 274 5050 594 5120; x_wconf 74' lang='lat' dir='ltr'>epistolam,</span> <span class='ocrx_word' id='word_1_464' title='bbox 622 5048 715 5103; x_wconf 85' lang='lat' dir='ltr'>sed</span> <span class='ocrx_word' id='word_1_465' title='bbox 742 5046 909 5101; x_wconf 84' lang='lat' dir='ltr'>aliam</span> <span class='ocrx_word' id='word_1_466' title='bbox 941 5045 1186 5098; x_wconf 88' lang='lat' dir='ltr'>nondum</span> <span class='ocrx_word' id='word_1_467' title='bbox 1217 5042 1449 5103; x_wconf 84' lang='lat' dir='ltr'>editam,</span> <span class='ocrx_word' id='word_1_468' title='bbox 1484 5057 1627 5110; x_wconf 84' lang='lat' dir='ltr'>quae</span> <span class='ocrx_word' id='word_1_469' title='bbox 1654 5057 1766 5096; x_wconf 87' lang='lat' dir='ltr'>me·</span> <span class='ocrx_word' id='word_1_470' title='bbox 1857 5040 2011 5093; x_wconf 72' lang='lat' dir='ltr'>tabas</span> <span class='ocrx_word' id='word_1_471' title='bbox 2032 5044 2222 5110; x_wconf 82' lang='lat' dir='ltr'>aperte</span> <span class='ocrx_word' id='word_1_472' title='bbox 2243 5052 2433 5108; x_wconf 82' lang='lat' dir='ltr'>apogr.</span> <span class='ocrx_word' id='word_1_473' title='bbox 2459 5035 2541 5091; x_wconf 83' lang='lat' dir='ltr'>Cl&#39;.</span> <span class='ocrx_word' id='word_1_474' title='bbox 2562 5037 2793 5110; x_wconf 73' lang='lat' dir='ltr'>probum</span> <span class='ocrx_word' id='word_1_475' title='bbox 2816 5035 3039 5089; x_wconf 81' lang='lat' dir='ltr'>militem</span> <span class='ocrx_word' id='word_1_476' title='bbox 3062 5032 3117 5086; x_wconf 91' lang='lat' dir='ltr'>in</span> <span class='ocrx_word' id='word_1_477' title='bbox 3141 5047 3193 5084; x_wconf 90' lang='lat' dir='ltr'>n.</span> <span class='ocrx_word' id='word_1_478' title='bbox 3226 5029 3355 5086; x_wconf 81' lang='lat' dir='ltr'>XV.</span> 
     </span>
     <span class='ocr_line' id='line_1_44' title="bbox 274 5115 3362 5198; baseline -0.005 -10"><span class='ocrx_word' id='word_1_479' title='bbox 274 5140 526 5189; x_wconf 84' lang='lat' dir='ltr'>moratur</span> <span class='ocrx_word' id='word_1_480' title='bbox 574 5133 629 5187; x_wconf 88' lang='lat' dir='ltr'>in</span> <span class='ocrx_word' id='word_1_481' title='bbox 673 5132 785 5187; x_wconf 78' lang='lat' dir='ltr'>vita</span> <span class='ocrx_word' id='word_1_482' title='bbox 834 5128 1219 5198; x_wconf 78' lang='lat' dir='ltr'>HildegardiS,</span> <span class='ocrx_word' id='word_1_483' title='bbox 1277 5126 1376 5183; x_wconf 88' lang='lat' dir='ltr'>lib.</span> <span class='ocrx_word' id='word_1_484' title='bbox 1422 5127 1526 5188; x_wconf 88' lang='lat'>111.</span> <span class='ocrx_word' id='word_1_485' title='bbox 1577 5143 1630 5181; x_wconf 91' lang='lat' dir='ltr'>n.</span> <span class='ocrx_word' id='word_1_486' title='bbox 1680 5133 1761 5182; x_wconf 82' lang='grc' dir='ltr'>Η.</span> <span class='ocrx_word' id='word_1_487' title='bbox 1861 5124 2075 5180; x_wconf 81' lang='lat' dir='ltr'>I&#39;atrol.</span> <span class='ocrx_word' id='word_1_488' title='bbox 2119 5124 2223 5179; x_wconf 88' lang='lat' dir='ltr'>col.</span> <span class='ocrx_word' id='word_1_489' title='bbox 2258 5126 2342 5178; x_wconf 80' lang='grc'>93.</span> <span class='ocrx_word' id='word_1_490' title='bbox 2389 5124 2525 5188; x_wconf 75' lang='lat'>——2)</span> <span class='ocrx_word' id='word_1_491' title='bbox 2555 5122 2641 5176; x_wconf 82' lang='lat' dir='ltr'>Ps.</span> <span class='ocrx_word' id='word_1_492' title='bbox 2687 5120 2786 5183; x_wconf 86' lang='lat' dir='ltr'>lv,</span> <span class='ocrx_word' id='word_1_493' title='bbox 2830 5124 2877 5175; x_wconf 81' lang='lat'>7.</span> <span class='ocrx_word' id='word_1_494' title='bbox 2910 5118 3043 5182; x_wconf 79' lang='lat'>—³)</span> <span class='ocrx_word' id='word_1_495' title='bbox 3079 5115 3362 5189; x_wconf 72' lang='lat' dir='ltr'>sinyulari</span> 
     </span>
    </p>
   </div>
  </div>
 </body>
</html>
