4036 6117
575 386 710 447 308
1767 402 1819 445 S.
1872 401 2421 447 niem-:oannis

507 521 808 580 auditum
843 520 1126 597 adeptus
1160 520 1249 579 sit
1283 534 1484 595 quam
1519 518 1709 594 prius
1758 518 2071 593 haberet,
2106 525 2169 577 et
2204 538 2503 596 eaepuens
2540 520 2949 595 inspirando,
2988 524 3201 599 tetiqit
3237 537 3358 598 per
3390 522 3624 581 admo-

505 624 828 683 nitionem
863 625 1161 700 linquam
1193 619 1361 697 ejus,
1399 622 1512 680 ubi
1547 621 1701 696 Legi
1739 621 1922 681 dedit
1958 627 2192 696 aperta
2239 623 2444 681 verba
2476 622 2559 681 ad
2601 623 3142 698 cognoscendum
3174 631 3241 684 et
3274 624 3624 700 proferen-

509 727 667 787 dum
715 729 980 787 Patrem
1014 730 1079 787 et
1127 727 1368 787 Filium
1402 733 1468 786 et
1515 726 1837 801 Spiritum
1884 725 2219 786 Sanctum.
2272 728 2354 787 Et
2399 730 2765 803 suspiciens
2799 730 2871 787 in
2921 729 3196 803 coelum,
3234 729 3348 787 ubi
3383 732 3617 787 sancta

510 830 894 889 humanitas
945 830 1010 889 in
1042 830 1229 889 coelo
1278 829 1555 903 effulsit,
1591 832 1937 906 inqemuit,
1972 830 2069 889 ita
2116 836 2189 889 ut
2226 831 2652 889 rationalitas
2684 830 2923 905 Legem
2963 832 3030 889 in
3065 831 3398 906 spiritalia
3430 846 3621 889 ever-

511 936 704 1007 teret,
755 942 816 992 et
868 937 961 993 ait
1011 935 1116 993 illi
1151 949 1270 1009 per
1316 933 1866 993 admonitionem:
1920 934 2172 1011 Effela,
2222 936 2394 1011 quod
2441 940 2536 993 est
2585 936 2964 1011 adaperire.
3018 934 3081 993 id
3116 940 3220 993 est
3268 934 3455 1009 aperi
3502 948 3618 993 cor

512 1044 704 1098 tuum
739 1039 1065 1098 radicitus
1102 1039 1166 1097 in
1201 1038 1552 1096 veritatem
1587 1037 1951 1111 Evangelii.

601 1145 681 1203 Et
718 1145 942 1202 statim
975 1150 1246 1221 aperlae
1281 1148 1434 1200 sunt
1469 1161 1666 1201 aures
1700 1139 1842 1214 ejus
1876 1141 1958 1200 ad
1997 1142 2298 1202 auditum
2333 1143 2508 1215 fidei,
2545 1149 2607 1202 et
2643 1144 2933 1202 solutum
2965 1149 3060 1203 est
3108 1144 3454 1204 vinculum
3488 1143 3619 1202 lin·-

509 1265 675 1323 9uae
724 1245 889 1321 ejus,
925 1249 997 1307 ut
1033 1248 1322 1322 ligatura
1358 1246 1471 1304 illa
1520 1262 1692 1321 quae
1726 1246 1965 1321 Legem
2005 1252 2260 1305 mutam
2296 1246 2568 1319 fecerat,
2620 1248 2936 1323 quoniam
2971 1248 3115 1306 sine
3152 1245 3616 1307 misericordia

512 1356 682 1425 erat,
735 1352 957 1411 soluta
990 1359 1094 1410 est
1131 1352 1195 1410 in
1229 1350 1435 1410 verba
1467 1350 1834 1424 Evangelii,
1869 1356 1932 1408 et
1967 1350 2356 1428 loquebatur
2388 1358 2564 1411 recte
2598 1351 2795 1410 fidem
2828 1352 3299 1426 praedicandO,
3335 1358 3405 1411 et
3437 1350 3614 1427 quod

516 1454 583 1512 in
617 1455 1025 1530 poenitentia
1061 1455 1375 1513 restituta
1412 1453 1522 1513 sit.

605 1559 688 1618 Ec
729 1562 1071 1636 praecepit
1119 1560 1283 1632 illis,
1320 1577 1403 1617 ne
1438 1560 1546 1617 cui
1579 1559 1901 1631 dicerent,
1957 1558 2050 1617 ita
2099 1558 2275 1634 quod
2312 1558 2471 1634 Legi
2505 1560 2732 1620 ablata
2764 1567 2868 1620 est
2918 1560 3235 1637 superbia
3268 1564 3335 1618 et
3384 1573 3615 1617 rumor

514 1677 715 1738 quem
751 1662 939 1736 prius
971 1662 1330 1736 habebant,
1368 1661 1526 1720 dum
1555 1662 1881 1737 justiores
1915 1679 2119 1738 quam
2153 1668 2384 1723 essent
2416 1664 2629 1723 videri
2665 1664 3040 1724 voluerunt.

609 1768 866 1839 Quanto
913 1773 1137 1825 autem
1172 1769 1267 1825 eis
1292 1765 1766 1843 praecipiebat,
1806 1767 1872 1825 id
1922 1768 2029 1826 est
2060 1774 2312 1843 quanto
2358 1784 2432 1827 se
2465 1767 2934 1843 humiliabant,
2971 1773 3331 1843 praecepta
3362 1766 3480 1825 Dei
3514 1781 3622 1825 se-

513 1871 801 1948 quendo,
839 1876 1020 1930 tanto
1045 1873 1251 1947 maqis
1277 1871 1435 1947 plus
1464 1870 1962 1948 praedicabant,
1999 1871 2114 1930 ubi
2148 1873 2250 1930 eis
2283 1888 2598 1947 magnum
2631 1873 2949 1947 gaudium
2981 1873 3188 1946 venit,
3224 1872 3382 1947 quia
3416 1870 3615 1930 homo

515 1976 761 2052 ubique
813 1975 894 2034 de
926 1974 1059 2034 Deo
1109 1974 1518 2050 adjutorium
1556 1974 1811 2049 habuit,
1864 1976 1960 2034 ita
1992 1981 2067 2034 ut
2099 1991 2248 2034 cum
2282 1974 2505 2050 justus
2552 1978 2757 2049 esset,
2795 1992 2869 2034 se
2905 1975 3310 2047 humiliaret,
3346 1980 3414 2033 et
3461 1989 3615 2032 cum

513 2082 806 2154 caderet,
845 2080 1323 2155 poenitentiam
1361 2078 1758 2153 requireret,
1796 2085 1856 2137 et
1893 2097 1966 2137 eo
1997 2080 2289 2155 amplius
2337 2079 2845 2138 admirabantur
2878 2096 3049 2138 nova
3085 2079 3409 2137 miracula
3442 2093 3616 2153 quae

513 2188 992 2261 apparuerunt,
1027 2184 1345 2243 dicentes:
1385 2184 1567 2242 Bene
1600 2185 1823 2242 omnia
1852 2184 2037 2259 fecit,
2078 2189 2374 2242 veterem
2408 2182 2651 2257 Legem
2687 2184 2752 2243 in
2801 2183 3175 2257 spiritalem
3203 2181 3617 2241 intellectum

510 2287 858 2359 vertend0‚
889 2293 951 2345 et
987 2287 1217 2345 surdos
1253 2287 1413 2362 fecit
1448 2287 1708 2360 audire,
1742 2286 1853 2345 ubi
1879 2287 2168 2346 obscura
2203 2293 2270 2346 et
2304 2287 2521 2346 latens
2547 2285 2901 2362 prophetia
2938 2286 3002 2345 in
3029 2300 3275 2344 novum
3310 2282 3616 2343 auditum

517 2396 750 2465 aperta
783 2395 910 2463 est,
947 2395 1007 2450 et
1041 2394 1255 2448 mutos
1290 2389 1501 2466 loqui,
1538 2389 1833 2464 sciend0,
1871 2389 2158 2449 videndo
2193 2394 2260 2448 et
2293 2389 2735 2463 praedicando
2773 2389 2949 2465 quod
2985 2389 3292 2448 Christus
3325 2386 3500 2446 Deus
3547 2388 3621 2459 et,

516 2494 715 2553 homo
748 2499 875 2570 est,
909 2493 1133 2569 justus
1169 2494 1233 2552 in
1262 2492 1551 2569 justitia.

2030 2783 2107 2841 11.

1855 3020 2002 3080 Alio
2049 3021 2257 3081 modo,

607 3244 855 3304 Exiens
903 3241 1118 3316 lesus,
1156 3241 1416 3301 scilicet
1463 3240 1636 3301 Deus
1670 3243 1750 3301 de
1798 3242 2042 3321 finibus
2078 3243 2253 3320 Tyri,
2309 3243 2373 3301 id
2406 3246 2511 3303 est
2542 3244 2624 3303 dc
2671 3246 2970 3320 peccatis
3018 3246 3399 3321 hominum,
3453 3247 3614 3323 quia

514 3365 664 3407 cum
717 3347 912 3406 homo
947 3346 1029 3404 ad
1074 3351 1352 3421 peccata
1385 3345 1705 3414 declinat,
1755 3343 1935 3406 Deus
1969 3345 2053 3404 ab
2088 3361 2166 3404 eo
2200 3345 2360 3419 exit,
2396 3349 2574 3404 venit
2603 3365 2730 3424 per
2765 3349 3099 3424 Sidonem,
3149 3349 3466 3408 videlicet
3499 3348 3618 3408 ad-

515 3453 946 3513 monitionem
981 3449 1291 3525 Spiritus,
1340 3449 1425 3509 ad
1473 3468 1688 3518 mare,
1741 3449 2001 3508 scilicet
2045 3449 2129 3508 ad
2180 3449 2676 3524 inquietudines
2725 3453 3189 3528 tentationum,
3243 3453 3607 3526 Galilaeae,

513 3573 680 3633 quas
717 3554 913 3613 homo
963 3552 1252 3612 transire
1284 3551 1503 3626 debet,
1543 3553 1636 3611 ita
1681 3558 1753 3610 ut
1785 3558 2066 3627 peccata
2099 3552 2417 3627 dimittat,
2454 3554 2521 3612 et
2554 3569 2632 3612 ea
2665 3560 3113 3631 pertranseat,
3149 3559 3330 3616 inter
3360 3557 3612 3615 medios

513 3663 673 3740 fines
708 3658 1126 3734 Decapoleos‚
1164 3655 1257 3715 ita
1307 3661 1380 3714 ut
1416 3661 1597 3715 recte
1644 3655 1958 3716 incedens
1995 3656 2062 3715 in
2108 3656 2445 3716 decimum
2479 3657 2755 3718 chorum
2808 3661 3176 3736 perveniat,
3213 3665 3282 3720 et
3329 3660 3617 3721 centesi-

519 3783 627 3826 ma
662 3765 811 3824 ovis
861 3763 996 3823 fiat.

605 3871 684 3930 Et
718 3869 1059 3928 adducunt
1096 3867 1461 3926 sacerdotes
1510 3881 1630 3942 per
1663 3865 2157 3925 confessionem
2190 3873 2258 3927 et
2307 3867 2623 3946 suspiria,
2661 3870 2745 3942 ei,
2799 3868 3060 3928 scilicet
3105 3868 3263 3943 De0,
3302 3869 3608 3938 surdum,

515 3976 832 4036 videlicet
866 3973 1225 4045 hominem,
1263 3970 1378 4047 qui
1411 3977 1770 4047 praecepta
1800 3969 1918 4029 Dei
1956 3986 2086 4030 non
2118 3971 2325 4045 audit,
2364 3972 2481 4030 sed
2515 3973 3044 4047 praevaricatur,
3080 3979 3142 4032 et
3176 3978 3459 4048 mutum,
3496 3973 3612 4048 qui

510 4080 844 4157 justitiam
893 4093 1025 4137 non
1070 4077 1390 4152 loquitur,
1444 4075 1560 4134 sed
1612 4073 2064 4149 mendacium,
2115 4081 2175 4133 et
2226 4075 2751 4152 deprecabantur
2798 4096 2951 4136 eum
2993 4093 3114 4152 per
3160 4078 3497 4137 orationes
3545 4082 3612 4136 et

517 4184 834 4259 suspiria,
882 4186 957 4241 ut
991 4183 1286 4258 imponat
1336 4182 1727 4254 cimanum,
1765 4179 2028 4239 scilicet
2077 4184 2150 4239 ut
2188 4177 2363 4238 Deus
2414 4180 2479 4239 in
2529 4180 2863 4256 adjutorio
2912 4196 3080 4256 opus
3124 4197 3319 4240 suum
3370 4182 3468 4241 illi
3516 4182 3612 4240 in-

518 4288 739 4347 ducat

610 4393 689 4452 Et
739 4391 1247 4467 apprehendens
1296 4407 1448 4448 eum
1470 4383 1514 4466 ¹)
1567 4387 1695 4447 sihi
1728 4386 2168 4462 adtrahendO,
2220 4389 2300 4447 de
2350 4388 2545 4448 turba
2591 4407 2916 4464 seorsum,
2952 4389 3069 4449 ubi
3102 4389 3611 4465 comprehensio

518 4494 872 4555 charitatis
907 4493 1021 4550 Dei
1060 4492 1244 4551 illum
1269 4488 1320 4569 ⁴²)
1359 4491 1534 4552 tollit
1567 4491 1648 4550 de
1684 4491 2166 4550 consuetudine
2192 4496 2644 4566 peccatorum,
2681 4494 2862 4551 misit
2891 4493 3125 4568 diqitos
3153 4509 3301 4550 suos
3327 4494 3399 4550 in
3434 4494 3615 4551 auri-

519 4602 724 4674 culas,
761 4599 918 4674 quia
952 4614 1070 4673 per
1102 4598 1274 4657 dona
1306 4598 1595 4672 Spiritus
1627 4596 1850 4657 Sancti
1885 4614 2085 4657 aures
2128 4599 2350 4658 cordis
2385 4599 2446 4657 ei
2481 4599 2765 4673 aperuit,
2802 4605 2863 4658 et
2898 4616 3200 4677 empuens
3234 4601 3445 4676 tetiqit
3484 4600 3612 4658 lin-

515 4722 713 4782 quam
746 4699 910 4775 ejus,
948 4703 1106 4778 quia
1155 4702 1633 4761 suavissimum
1682 4708 1955 4777 gustum
2002 4719 2122 4778 per
2171 4703 2695 4762 rationalitatem
2743 4703 3001 4762 animae
3053 4703 3234 4761 illius
3282 4702 3457 4761 Deus
3515 4703 3612 4762 illi

518 4809 651 4870 dat.
689 4810 770 4868 Et
821 4809 1187 4884 suspiciens
1236 4809 1303 4866 in
1343 4807 1596 4866 coelum
1644 4809 1995 4883 inqemuit,
2034 4808 2190 4883 quia
2224 4825 2345 4883 per
2376 4808 2737 4867 clamorem
2783 4808 2962 4867 illius
2993 4806 3170 4867 Dcus
3205 4824 3277 4867 sc
3313 4808 3616 4867 incarna-

597 5045 638 5110 1)
666 5064 780 5099 eum
819 5060 934 5107 oin,
974 5044 1093 5100 cod.
1219 5046 1264 5109 2)
1294 5044 1420 5100 illos
1445 5042 1565 5098 cod.
1598 5047 1794 5098 contra
1825 5041 2043 5098 seriem.
