4036 6117
595 438 717 487 XIV
1802 447 2301 501 Pnoomnuu

492 573 660 663 401,
700 575 861 669 404,
903 576 1064 677 580,
1108 577 1302 672 581).
1341 575 1477 664 Qui
1515 587 1911 676 susceptum
1967 583 2216 656 saltem
2271 583 2528 656 librum
2597 583 2788 657 Vitae
2819 587 3210 661 meritorum
3246 586 3378 685 (1),
3436 587 3603 686 ipsis

487 704 558 771 et
593 698 936 776 Guiberto
992 703 1295 798 missum,
1352 705 1632 800 publice
1687 708 1753 778 in
1811 732 2052 781 mensa
2107 711 2520 783 lectitabant
2575 710 2676 808 (p.
2735 713 2875 783 394
2930 716 3124 808 397).

593 827 747 915 Quo
816 832 1230 905 commercio
1289 832 1683 908 litterarum
1732 839 2162 932 augebatur,
2220 839 2474 912 nedum
2515 840 2920 937 expleretur
2956 842 3285 917 Guiberti
3337 844 3608 917 deside-

490 957 673 1031 rium
703 958 1052 1032 invisendi
1088 961 1438 1057 Bingense
1474 965 1910 1037 asceterium.
1955 965 2190 1038 Etiam
2229 967 2628 1064 incoeptum
2657 992 2801 1041 una
2826 992 2986 1042 cum
3020 973 3277 1045 abbate
3312 973 3446 1044 iter
3472 981 3595 1065 est,

493 1083 615 1154 sed
642 1107 1053 1181 suspensum
1085 1091 1181 1184 (p.
1211 1091 1407 1187 393),
1439 1091 1809 1187 interjecto
1838 1118 1925 1166 ex
1956 1094 2152 1167 falsis
2179 1096 2575 1169 rumoribus
2601 1096 2803 1170 ferali
2833 1100 3084 1173 nuntio
3112 1100 3198 1173 de
3224 1102 3420 1173 obitu
3446 1100 3606 1172 Hil-

497 1208 847 1305 degardis.
886 1212 1201 1286 Tandem
1238 1216 1423 1290 socio
1459 1218 1528 1291 S.
1565 1218 1929 1292 Lamberti
1957 1220 2367 1294 Leodiensis
2402 1224 2705 1319 quodam
2754 1226 3117 1320 canonicO,
3164 1227 3251 1299 ad
3290 1235 3608 1324 optatum

497 1335 729 1409 locum
765 1341 1113 1434 pervenit,
1168 1366 1402 1416 coram
1453 1353 1649 1419 stans
1700 1370 1853 1419 cum
1896 1349 2357 1446 prophetissa,
2412 1352 2528 1424 sed
2565 1362 2869 1448 quatuor
2913 1354 3157 1428 diebus
3202 1355 3601 1429 dumtaxat.

500 1464 729 1541 Paulo
757 1478 913 1566 post
933 1494 1087 1543 cum
1111 1468 1393 1546 obiisset
1410 1473 1837 1570 Wolmarus,
1865 1478 1936 1549 in
1966 1478 2264 1575 epistola
2280 1505 2491 1576 quam
2508 1481 2822 1555 dolemus
2839 1484 3199 1577 excidisse,
3222 1484 3602 1582 Hildegar-

494 1594 604 1669 dis
630 1596 1055 1672 Guibertum
1107 1608 1380 1674 mortuo
1415 1603 1939 1701 subrogandum
1975 1607 2342 1681 accersivit
2395 1608 2494 1705 (p.
2537 1611 2733 1705 578).
2790 1610 3110 1684 Licentia
3161 1602 3286 1683 vix
3322 1613 3613 1685 obtenta

506 1750 639 1823 ope
669 1724 983 1822 Philippi
1010 1726 1082 1798 in
1113 1727 1335 1801 Parco
1367 1731 1663 1820 abbatis,
1696 1732 1950 1805 iterum
1981 1757 2136 1806 cum
2167 1736 2354 1809 socio
2373 1735 2755 1811 Wolchero
2781 1737 3258 1811 Helnonensis
3284 1739 3615 1811 abbatiae

507 1852 830 1946 custode,
886 1853 1113 1928 denuo
1165 1856 1457 1930 accessit
1507 1858 1596 1931 ad
1649 1859 1717 1932 S.
1776 1860 2192 1957 Rupertum.
2250 1862 2397 1934 Vix
2449 1863 2853 1957 advenerat,
2916 1889 3131 1960 quum
3186 1866 3323 1937 duo
3375 1890 3605 1941 rerum

505 1982 1003 2079 temporalium
1055 1991 1125 2056 et
1175 1984 1650 2081 spiritualium
1691 2011 1906 2084 supra
1939 1991 2306 2062 memorati
2344 2000 2703 2064 curatores
2736 1991 2942 2065 simul
2980 1990 3420 2064 interierunt.
3462 1990 3611 2063 Un-

507 2108 596 2183 de
646 2117 837 2183 totus
887 2110 1298 2185 monialium
1352 2122 1739 2187 conventus
1770 2139 1928 2189 cum
1965 2124 2193 2190 matre
2227 2117 2436 2190 enixe
2468 2118 2910 2212 obstiterunt,
2950 2141 3039 2191 ne
3071 2118 3164 2190 ad
3195 2141 3323 2191 sua
3375 2141 3607 2191 rever-

506 2243 797 2313 teretur.
852 2239 1013 2335 Ipse
1064 2238 1376 2313 Joannes
1427 2242 1646 2314 abbas
1696 2240 2246 2336 Gemblacensis,
2303 2267 2680 2340 properare
2713 2252 2996 2317 coactus
3036 2268 3079 2317 a
3114 2244 3277 2334 suiS,
3327 2251 3407 2316 ut
3440 2243 3617 2315 Gui—

506 2369 784 2444 bertum
835 2372 1217 2463 reduceret,
1272 2372 1503 2446 victus
1535 2374 1739 2469 quasi
1790 2373 2058 2470 ejulatu
2110 2374 2543 2465 monialium,
2600 2374 2925 2447 inefficax
2978 2379 3048 2446 et
3091 2374 3280 2446 solus
3313 2371 3615 2444 recessit.

516 2494 729 2574 Unde
781 2469 906 2595 per
940 2498 1112 2573 duos
1157 2522 1378 2573 annos
1430 2501 1756 2598 integros,
1814 2502 2027 2575 etiam
2079 2511 2235 2599 post
2286 2503 2727 2576 venerandae
2778 2500 3173 2573 abbatissae
3226 2507 3615 2572 extremum

510 2627 719 2722 diem,
760 2627 832 2701 in
880 2629 1030 2726 ejus
1063 2632 1484 2705 monasterio
1517 2633 1921 2730 permansit.

616 2762 767 2836 Nec
799 2764 1021 2837 solum
1064 2767 1131 2837 in
1171 2773 1375 2838 tanta
1418 2789 1614 2839 mora
1649 2766 1871 2861 licuit,
1908 2765 2367 2864 Hildegardis
2400 2750 2700 2861 nomine,
2740 2767 3120 2854 extendere
3155 2762 3624 2861 amplissimas

517 2894 821 2992 paginas
853 2894 938 2968 de
972 2897 1445 2994 contemplata
1495 2896 1736 2970 Sancti
1790 2896 2084 2970 Martini
2137 2897 2362 2992 gloria
2412 2900 2510 2995 (p.
2551 2900 2924 2992 sss-378),
2979 2897 3066 2970 de
3109 2896 3377 2970 visione
3410 2894 3621 2966 trium

522 3023 871 3099 virtutum
902 3026 1002 3124 (p.
1042 3030 1415 3126 415-434);
1445 3053 1583 3103 non
1620 3028 1843 3103 solum
1878 3029 2208 3125 colligere
2234 3029 2422 3126 juvit
2457 3029 2864 3103 fasciculum
2908 3028 3383 3127 epistolarum,
3420 3032 3628 3124 prout

520 3150 658 3224 sibi
708 3152 969 3226 dudum
1025 3156 1438 3252 promiserat
1490 3155 1592 3253 (p.
1634 3159 1826 3252 399):
1880 3159 1999 3230 sed
2054 3181 2230 3253 opus
2281 3181 2650 3254 aggressus
2700 3166 2825 3252 est,
2878 3157 3214 3254 profecto,
3259 3157 3319 3228 si
3371 3156 3458 3228 ad
3504 3179 3629 3229 nos

523 3285 976 3381 pervenisset,
1032 3289 1238 3363 cedro
1292 3288 1673 3382 linendum,
1711 3288 1931 3362 vitam
1969 3310 2220 3384 nempe
2270 3295 2576 3388 sanctae,
2608 3287 3085 3383 Hildegardis,
3140 3287 3292 3383 ipsa
3344 3285 3627 3358 vivente

523 3414 947 3513 incoeptam,
1002 3418 1526 3515 expolitamque
1577 3419 1668 3490 ab
1718 3416 1988 3491 oculari
2038 3425 2232 3511 teste,
2287 3417 2510 3513 gravi,
2565 3416 2824 3504 solerti,
2879 3414 3181 3511 copios03
3235 3412 3354 3509 qui
3408 3412 3618 3484 etiam

525 3545 731 3620 nobis
763 3545 1023 3619 referre
1075 3546 1411 3643 potuisset
1455 3546 1912 3643 Hildegardis
1945 3547 2327 3621 novissima
2361 3549 2575 3620 verba
2610 3555 2679 3620 et
2712 3554 3063 3644 postrema
3095 3543 3459 3638 vaticinia,
3509 3542 3630 3614 sed

527 3675 717 3771 quod
753 3685 1067 3773 superest
1095 3676 1167 3749 in
1196 3678 1468 3750 duobus
1493 3701 1652 3749 mss.
1682 3674 2175 3767 voluminibus,
2212 3677 2453 3749 eodem
2482 3676 2686 3749 modo
2721 3675 3045 3748 mutilum
3072 3681 3196 3746 est:
3226 3671 3345 3744 hic
3384 3671 3458 3743 in
3493 3693 3636 3742 me·

530 3803 654 3876 dia
687 3805 952 3902 pagina
1000 3830 1246 3902 vacua,
1301 3804 1448 3878 illic
1498 3805 1587 3878 ad
1639 3805 1901 3877 calcem
1935 3803 2439 3899 quaternionis,
2494 3804 2693 3900 cujus
2726 3827 3022 3899 sequens
3066 3809 3189 3876 aut
3223 3799 3454 3898 periit,
3509 3807 3636 3872 aut

535 3932 799 4006 alicubi
850 3933 1027 4008 latet
1075 3935 1377 4031 ignotus.
1431 3933 1727 4006 Utinam
1778 3931 2105 4006 restituta
2156 3956 2244 4004 ex
2297 3932 2651 4035 insperato
2686 3931 2961 4022 lacuna,
3018 3931 3319 4026 denique
3352 3928 3636 4003 tandem

438 4110 447 4119 .
537 4079 715 4153 opus
742 4058 1132 4134 redivivum
1167 4083 1255 4133 ex
1293 4083 1454 4133 orco
1490 4061 1823 4155 emergat!
1858 4059 1968 4157 (2)

616 4371 1681 4446 (1)sanderus,bibliothecasBelgicas
1702 4374 2051 4437 describens.
2144 4373 2398 4443 legenda.
2441 4375 2499 4430 in
2538 4375 2677 4431 thl
2717 4373 3061 4431 lectionibus
3098 4372 3304 4436 divisa,
3341 4388 3485 4444 quae
3512 4372 3634 4428 Bot-

545 4464 770 4516 exstare
814 4459 1038 4515 notavit
1094 4462 1321 4518 Librum
1360 4466 1507 4519 vitae
1546 4465 1857 4519 meritorum
1901 4460 2050 4531 apud
2141 4459 2415 4516 landistas
2454 4459 2605 4530 sugit
2644 4460 2781 4527 (υἱώ
2806 4477 2862 4532 p.
2895 4461 3043 4524 434),
3077 4459 3145 4514 ad
3175 4474 3363 4524 usum.
3392 4465 3456 4516 ut
3484 4460 3634 4516 vide-

547 4545 945 4610 VillarienseS.
987 4547 1235 4620 idipsum
1265 4548 1501 4605 sortasse
1535 4550 1798 4603 volumen
1825 4549 1898 4603 ab
1924 4546 2052 4602 Hil—
2143 4552 2257 4610 tur,
2309 4547 2467 4602 chori
2505 4543 2960 4608 Gemblacensis,
3013 4550 3314 4615 antequam
3355 4543 3631 4601 Breviarii

550 4631 793 4702 degarde
846 4633 1083 4690 missum
1135 4641 1192 4690 et
1241 4650 1271 4689 a
1318 4634 1601 4691 Guiberto
1651 4643 2048 4692 memoratum.
2141 4632 2440 4690 monastici
2479 4632 2615 4689 ordo
2642 4645 2905 4704 praesens
2943 4635 3313 4694 statueretur,
3343 4645 3470 4687 cum
3502 4637 3636 4687 nota

548 4718 699 4774 Bibe.
732 4718 888 4792 Belq.
929 4738 1023 4776 ms.
1056 4719 1267 4776 {usulis
1307 4723 1438 4777 ¹6⁴¹
1482 4737 1534 4792 p.
1567 4727 1689 4780 271.
1721 4721 1872 4791 Quid
1900 4721 1947 4779 si
1989 4723 2054 4778 il·
2142 4720 2496 4777 successione
2516 4719 2866 4792 Scripturas.
2891 4717 3156 4789 legendae
3174 4723 3234 4775 et
3253 4719 3546 4783 homiliam
3573 4726 3637 4776 ut

551 4804 649 4860 lud
675 4802 1103 4876 Afflighemium
1141 4806 1455 4872 transierit.
1484 4807 1615 4865 inde
1637 4808 2055 4867 Termundum?
2143 4815 2539 4879 argumentum
2568 4807 2699 4863 inde
2735 4806 2833 4870 sit.
2873 4806 3093 4862 cultum
3120 4806 3414 4878 publicum
3443 4806 3642 4863 Hilde-

623 4893 701 4958 (2)
741 4890 1095 4948 Desiderium
1137 4908 1249 4949 non
1288 4894 1475 4966 explet
1517 4910 1681 4959 nova,
1729 4897 1822 4952 scd
1864 4898 2053 4954 brevis
2142 4896 2330 4965 gardis
2354 4912 2382 4950 a
2411 4894 2633 4951 saeculo
2659 4893 2798 4960 xm
2826 4892 3116 4950 Gcmblaci
3150 4891 3479 4963 incoepisse.
