4036 6117
1357 488 1819 535 zrxsroLAauM
1867 488 2050 534 nova
2101 488 2349 533 semes.
3204 469 3333 531 557

312 629 388 671 ra
437 611 955 671 admonitionem
991 608 1207 681 audit,
1260 614 1326 667 et
1362 611 1605 669 iterum
1642 609 1706 668 in
1740 610 1873 670 alia
1906 609 2074 668 hora
2108 624 2255 667 eam
2290 606 2521 667 audire
2556 604 2822 664 desinit.
2859 604 2955 663 Tu
2989 618 3148 678 ergo
3182 603 3296 679 qui
3332 604 3401 662 in

315 719 460 777 vice
511 716 759 778 Christi
795 731 892 790 es,
929 716 1188 790 virgam
1224 716 1670 790 correptionis
1698 715 1795 775 illi
1831 731 1950 790 per
1997 712 2647 774 administrationem
2695 709 3011 787 provide,
3061 709 3220 784 quia
3252 707 3399 767 dies

313 822 461 896 ejus
512 822 655 881 sine
688 819 1029 879 viriditate
1079 820 1464 880 securitatis
1498 822 1642 897 spei
1692 820 1861 881 aridi
1898 826 2072 879 sunt.
2127 818 2310 878 Nunc
2346 819 2410 877 in
2459 823 2805 876 aeternum
2838 814 3013 887 vive,
3062 818 3131 873 et
3164 813 3229 872 in
3264 811 3402 871 ani·

313 943 421 986 mo
456 933 570 987 tuo
607 924 951 1000 speculum
990 923 1300 982 veritatis
1335 930 1504 984 estc.

393 1501 608 1570 vagum
635 1503 931 1572 quemdam
959 1508 1017 1557 et
1044 1502 1327 1559 lubricum
1356 1507 1574 1566 monet,
1601 1506 1749 1558 tacet
1776 1516 1905 1557 vero
1932 1500 2333 1572 propemodum
2360 1499 2429 1555 de
2452 1500 2672 1555 duabus
2700 1499 2929 1556 reminis
2955 1504 3013 1555 et
3049 1497 3119 1555 de
3154 1494 3396 1569 quodam

317 1604 494 1658 puero
521 1587 885 1658 interrogata.

403 1728 605 1788 Video
657 1729 722 1788 in
758 1745 916 1788 vero
966 1730 1237 1804 lumine,
1274 1730 1451 1805 quod
1504 1745 1688 1788 mens
1730 1734 1844 1788 tua
1896 1727 2080 1787 vadit
2127 1728 2299 1786 sicut
2347 1727 2492 1787 dies
2540 1727 2777 1802 oritur,
2831 1728 2926 1787 ita
2972 1725 3149 1802 quod
3201 1726 3404 1786 inter·-

310 1834 471 1891 dum
520 1834 701 1893 clara
736 1842 870 1908 est,
921 1839 990 1893 et
1024 1835 1265 1894 iterum
1317 1839 1390 1893 ut
1425 1835 1631 1893 mixta
1679 1834 1892 1893 nubes
1927 1848 2077 1891 cum
2130 1830 2417 1906 turbine;
2454 1838 2522 1891 et
2569 1834 2801 1906 postea
2835 1830 3023 1890 vides
3055 1844 3204 1889 earn
3237 1829 3405 1889 ruti-

311 1937 586 2010 lantem,
639 1940 816 1996 sicut
848 1954 1182 1997 auroram.
1234 1938 1619 2014 Ligaturam
1658 1938 1723 1996 in
1771 1938 1961 2012 virga
1999 1934 2219 1995 ferrea
2264 1935 2441 1996 Deus
2484 1935 2649 1995 mihi
2695 1934 2890 1995 modo
2923 1949 3053 1994 non
3085 1931 3398 1993 ostendit.

309 2040 404 2099 De
452 2039 713 2100 duabus
747 2047 972 2101 autem
1024 2041 1313 2116 feminis,
1350 2041 1430 2100 de
1479 2040 1726 2118 quibus
1761 2055 1866 2098 me
1915 2039 2369 2114 interrogasti,
2419 2038 2596 2098 Deus
2631 2038 2795 2098 mihi
2828 2050 3226 2113 responsum
3272 2051 3401 2095 non

311 2143 450 2204 dat:
488 2144 606 2203 sed
657 2151 878 2205 tamen
925 2162 1042 2206 eas
1076 2148 1143 2207 in
1192 2149 1455 2223 magnis
1504 2147 1824 2223 periculis
1874 2163 2005 2208 non
2053 2146 2267 2206 video.
2316 2146 2493 2207 Deus
2530 2143 2672 2224 (fol.
2717 2146 2833 2226 94)
2880 2144 3199 2205 infantem
3247 2142 3396 2213 scit,

314 2246 432 2306 sed
467 2264 598 2307 non
647 2249 712 2309 in
745 2249 1142 2326 perditione.
1193 2251 1354 2322 Quis
1387 2251 1561 2310 enim
1614 2250 1810 2310 homo
1847 2252 2061 2310 totum
2108 2265 2290 2308 mare
2326 2248 2597 2308 haurire
2632 2248 2899 2323 poterit,
2935 2251 3002 2306 et
3035 2243 3270 2305 stellas
3302 2241 3402 2301 di-

311 2353 702 2414 numerare?
750 2352 855 2413 Sic
888 2354 1113 2414 nullus
1161 2353 1360 2416 homo
1394 2356 1617 2414 omnia
1667 2355 1843 2414 scire
1890 2355 2140 2431 poterit
2189 2356 2317 2414 nisi
2364 2356 2551 2416 solus
2600 2354 2794 2414 Deus
2844 2353 3031 2414 Nunc
3079 2352 3302 2411 autem
3338 2348 3402 2407 in

311 2470 442 2514 una
474 2455 582 2515 die
619 2458 839 2517 anima
875 2460 986 2517 tua
1025 2459 1232 2531 vivat,
1269 2462 1336 2517 et
1372 2459 1436 2517 in
1472 2458 1585 2518 illo
1621 2458 1685 2517 in
1720 2462 2066 2518 aeternum
2102 2465 2507 2533 permaneat.

1771 2669 1948 2730 CXV.

920 2864 1224 2925 Cunrado
1257 2859 1300 2941 ¹)
1336 2865 1821 2940 archiepiscopo
1858 2865 2301 2939 Moyuntiensi
2346 2864 2790 2941 Hildeqardis.

386 3063 465 3120 De
494 3064 640 3118 bono
666 3069 724 3119 et
749 3064 898 3119 malo
928 3070 1040 3118 tam
1068 3064 1128 3118 in
1156 3064 1367 3119 mundo
1390 3078 1560 3134 quam
1589 3063 1650 3119 in
1675 3063 1926 3119 Ecclesia
1953 3063 2230 3137 disputat.

405 3200 583 3260 Haec
634 3200 837 3260 verba
904 3202 970 3260 in
1017 3217 1177 3260 vero
1228 3200 1476 3260 lumine
1525 3200 1685 3275 vidi,
1737 3207 1803 3259 et
1852 3200 2100 3260 audivi:
2150 3201 2305 3260 Dies
2353 3202 2528 3261 diem
2577 3207 2797 3276 vocat,
2847 3206 2914 3260 et
2947 3201 3400 3278 pestilentiam

314 3305 721 3382 comprimit,
773 3310 849 3364 ut
895 3304 1144 3364 dictum
1196 3310 1319 3364 est:
1371 3304 1526 3365 Dies
1575 3304 1709 3363 diei
1758 3310 2014 3363 eructat
2061 3303 2353 3379 verbum,
2389 3311 2452 3363 et
2501 3322 2634 3364 nox
2670 3307 2844 3365 nocti
2892 3305 3143 3367 indicat
3191 3308 3401 3366 scien-

315 3411 498 3467 tiam.
546 3404 599 3485 ²)
635 3408 799 3467 Nam
847 3406 1021 3467 Deus
1056 3407 1406 3467 rationalis
1453 3412 1580 3481 est,
1617 3413 1685 3466 et
1731 3408 1948 3466 omnis
1979 3407 2245 3483 justitia
2294 3408 2359 3467 in
2391 3407 2526 3467 Deo
2576 3412 2703 3482 est,
2739 3413 2941 3484 atque
2974 3407 3196 3468 omnia
3227 3407 3401 3468 bona

319 3519 387 3572 et
414 3513 595 3589 J‘usta
629 3513 713 3572 ab
749 3512 894 3588 ipso
928 3514 1407 3588 processerunt
1442 3511 1507 3570 in
1541 3510 1808 3570 homine
1839 3517 1907 3570 et
1942 3513 2007 3570 in
2040 3511 2352 3572 omnibus
2386 3513 2741 3572 creaturis.
2774 3511 2855 3571 Et
2889 3511 3150 3573 factura
3186 3510 3402 3587 ipsius

317 3620 385 3678 in
419 3619 567 3696 ipso
616 3636 784 3695 pura
817 3624 954 3694 est,
1007 3624 1080 3678 ut
1113 3619 1442 3693 scriptum
1477 3624 1602 3678 est:
1641 3617 1880 3678 Omnia
1904 3637 2031 3695 per
2061 3620 2283 3695 ipsum
2314 3621 2495 3697 facta
2528 3626 2703 3680 sunt.
2737 3613 2787 3698 ³)
2823 3618 2980 3679 Dies
3013 3618 3403 3695 praeclarus

313 3743 445 3787 non
493 3733 697 3801 esset,
737 3727 1090 3786 scientiam
1138 3724 1193 3786 si
1230 3740 1359 3785 non
1410 3724 1711 3797 haberet,
1765 3724 2029 3785 scilicet
2078 3726 2413 3799 tenebraS,
2466 3741 2638 3802 quae
2687 3724 2954 3785 laudem
3000 3722 3134 3784 diei
3182 3728 3404 3783 osten·

315 3829 499 3889 dunt.
551 3827 659 3888 Sic
691 3830 893 3888 etiam
945 3827 1332 3903 malignitas
1365 3834 1432 3887 et
1482 3827 1794 3904 impietas
1834 3826 2095 3888 Diaboli
2144 3828 2351 3887 Deum
2386 3827 2770 3901 ostendunt,
2823 3826 3140 3903 quoniam
3187 3825 3404 3886 omnis

319 3933 631 4009 impietas
682 3948 758 3991 ac
796 3932 1093 4008 inquieta
1142 3931 1318 3991 bella
1354 3932 1452 3991 illi
1500 3930 1830 3991 obsistere
1863 3946 1994 3991 non
2043 3937 2348 4007 possunt.
2383 3930 2560 3991 Deus
2610 3931 2856 3991 malum
2894 3945 3026 3990 non
3066 3929 3247 4004 fecit,
3285 3928 3404 3988 sed

319 4034 481 4096 illud
533 4036 901 4111 superavit,
938 4034 1123 4094 velut
1170 4034 1541 4095 scabellum
1574 4034 1765 4110 pedis
1816 4034 1950 4106 sui,
1988 4035 2146 4111 quia
2196 4035 2341 4094 sine
2378 4035 2525 4111 ipso
2576 4034 2827 4096 factum
2859 4040 2966 4096 est
2996 4034 3184 4096 nihil.
3218 4033 3406 4094 Nunc

319 4141 412 4214 tu,
450 4155 489 4200 o
523 4138 614 4198 tili
646 4138 793 4209 Dei,
831 4139 898 4198 in
933 4138 1353 4199 invocatione
1400 4138 1533 4198 diei
1566 4154 1660 4198 es.
1712 4137 2152 4214 Apprehende
2200 4154 2360 4214 ergo
2410 4144 2674 4199 scutum
2710 4137 2885 4214 fidei,
2936 4144 3003 4199 et
3036 4135 3409 4214 pulcherri-

317 4258 497 4303 mam
538 4242 874 4319 justitiam
906 4241 1024 4300 Dei
1075 4243 1141 4301 in
1175 4242 1591 4318 amplexione
1640 4242 1866 4301 cordis
1901 4242 1998 4302 tui
2047 4241 2408 4318 diligenter
2456 4241 2657 4317 habe,
2706 4241 2894 4301 velut
2940 4237 3406 4300 dulcissimam

317 4349 600 4408 amicam
654 4348 719 4406 in
770 4348 921 4408 sinu
969 4352 1082 4407 tuo
1133 4349 1333 4424 atque
1383 4349 1450 4407 in
1496 4348 1807 4408 omnibus
1863 4347 2182 4423 operibus
2231 4348 2366 4408 tuis
2424 4348 2739 4409 tenebras
2802 4346 3175 4424 injustitiae
3224 4345 3404 4423 fuge,

318 4454 478 4530 quia
508 4453 685 4514 Deus
735 4469 937 4514 verax
971 4458 1098 4528 est,
1150 4453 1247 4515 ita
1296 4453 1471 4530 quod
1506 4453 1763 4513 electus
1813 4452 1992 4512 filius
2043 4451 2482 4513 haereditatis
2516 4453 2645 4525 sis,
2697 4454 2763 4512 et
2795 4467 2927 4512 non
2975 4450 3409 4526 concubinae,

319 4557 581 4618 scilicet
630 4557 1022 4633 injustitiae.
1062 4557 1187 4617 Sed
1221 4560 1288 4618 et
1319 4557 1585 4633 cingulo
1614 4556 1922 4632 justitiae
1960 4562 2023 4615 te
2058 4557 2275 4632 cinge,
2315 4559 2514 4634 atque
2550 4557 2616 4616 in
2649 4571 2877 4617 amore
2918 4560 3231 4615 aeternae
3267 4553 3412 4614 feli-

319 4661 548 4722 citatis
581 4659 846 4721 lumbos
880 4667 1034 4722 tuos
1068 4659 1141 4738 (f.
1171 4660 1286 4739 95)
1317 4660 1726 4737 constringe,
1762 4676 1884 4721 nec
1915 4661 2123 4720 etiam
2159 4661 2221 4719 in
2260 4660 2680 4721 invocatione
2714 4660 2848 4719 diei
2883 4659 3036 4718 illos
3071 4655 3257 4732 audi,
3293 4658 3411 4734 qui

315 4769 522 4830 Deum
552 4770 893 4845 spernunt,
922 4775 989 4829 et
1015 4771 1129 4846 qui
1154 4785 1359 4847 opera
1390 4770 1570 4830 illius
1598 4770 2085 4846 contradicunt,
2108 4777 2182 4831 ut
2206 4772 2585 4833 dictumest:
2626 4773 2802 4833 Erue
2830 4791 2870 4832 α
2893 4774 3180 4851 framea,
3205 4771 3404 4841 Deus,

316 4876 614 4934 animam
658 4891 896 4949 meam,
934 4879 996 4933 et
1047 4874 1127 4933 de
1159 4893 1368 4934 manu
1419 4877 1603 4937 canis
1637 4877 1906 4935 unicam
1952 4893 2195 4950 meam,
2229 4870 2276 4955 ⁴)
2327 4876 2425 4936 ita
2457 4882 2530 4936 ut
2564 4881 2636 4935 tu
2674 4875 3074 4935 incidentem
3110 4872 3411 4948 gladium

325 5073 765 5217 leconndm
800 5074 1131 5145 Moguntiae
1169 5075 1316 5132 sedit
1355 5091 1404 5134 a.
1454 5080 1775 5134 1161-1165.
1819 5108 1884 5118 -
1924 5079 1969 5142 2)
2022 5077 2112 5136 Ps.
2155 5076 2373 5143 xvm,
2418 5081 2471 5134 2.
2516 5109 2580 5118 -—
2618 5076 2663 5140 ⁸)
2702 5078 2863 5135 Joan.
2920 5077 2967 5140 l,
3019 5080 3070 5133 5.
3122 5106 3187 5116 -
3232 5075 3276 5140 ⁴)
3316 5074 3409 5130 Ps.

387 5159 430 5215 „⁹
471 5204 485 5224 ,
515 5164 600 5215 2¹.
