4036 6117
719 500 850 562 128
1866 518 1917 563 S.
1981 517 2534 566 uttmr-:oAnms

642 640 963 698 ditiarum
996 636 1218 696 carnis
1253 637 1351 695 eis
1387 635 1608 709 infert,
1645 635 1725 694 de
1760 636 2005 712 quibus
2042 653 2114 696 se
2148 639 2408 713 eripere
2442 654 2561 698 nec
2597 638 2848 710 volunt,
2900 652 3021 696 nec
3052 646 3373 714 possunt,
3424 638 3741 715 quoniam

638 759 721 802 ea
755 741 1003 814 colunt,
1042 756 1080 798 a
1114 739 1361 816 quibus
1397 740 1653 801 nullum
1691 739 2138 815 refrigerium,
2176 758 2297 800 nec
2332 743 2537 812 ullam
2573 742 2857 801 salutem
2893 741 3142 800 habere
3176 743 3421 801 valent.
3469 742 3747 801 Creatu-

646 861 792 910 ram
832 845 1033 918 enim,
1068 859 1266 919 quam
1302 844 1511 903 Adam
1553 844 1617 903 in
1653 844 2110 910 rationalitate
2143 862 2264 921 per
2296 845 2519 908 officia
2554 846 2738 905 velut
2770 862 2891 921 per
2921 847 3191 905 nomina
3242 863 3365 912 sua
3400 846 3738 922 cognovit,

638 950 771 1009 sibi
806 949 873 1008 in
905 948 1111 1008 Deum
1148 948 1425 1022 eligunt,
1464 963 1541 1007 ac
1576 949 1863 1007 salutem
1899 949 1983 1008 ab
2020 965 2098 1007 ea
2131 950 2499 1024 postulant,
2537 965 2708 1025 quae
2744 950 2911 1026 ipsis
2948 950 3014 1009 in
3048 951 3443 1010 servitutem
3493 950 3744 1010 consti-

641 1057 786 1114 tuta
818 1054 942 1126 est;
979 1055 1046 1111 et
1080 1066 1351 1110 servum
1384 1050 1592 1110 Deum
1625 1056 1886 1126 vocant,
1925 1053 2189 1128 quando
2221 1053 2430 1118 Deum
2461 1069 2692 1113 verum
2720 1052 3214 1129 derelinquunt,
3244 1055 3362 1130 qui
3398 1055 3464 1115 in
3496 1069 3737 1129 perpe-

640 1163 757 1216 tuo
809 1155 1058 1220 honore
1106 1170 1308 1231 super
1356 1169 1618 1214 omnem
1665 1158 2044 1216 creaturam
2095 1173 2285 1220 suam
2338 1158 2402 1216 in
2451 1158 2721 1218 saecula
2770 1156 3162 1217 benedictus
3197 1163 3320 1217 est.
3369 1157 3476 1216 Sic
3511 1161 3737 1219 autem

641 1260 817 1321 Deus
850 1260 1105 1326 veritas
1140 1265 1266 1333 est,
1301 1258 1621 1319 Diabolus
1653 1276 1813 1320 vero
1848 1262 2290 1335 mendacium,
2328 1263 2442 1338 qui
2479 1263 2608 1322 sibi
2645 1264 3017 1323 servientes
3062 1263 3142 1322 ad
3178 1265 3515 1339 pessimas
3557 1263 3737 1322 coin-

639 1365 1065 1441 quinationes
1099 1364 1402 1440 corporis
1435 1367 1503 1424 et
1534 1365 1795 1424 animae
1830 1366 2185 1425 incurvare
2221 1382 2487 1441 semper
2522 1367 2813 1428 festinat.

730 1469 837 1529 54.
874 1469 1291 1545 Quapropter
1323 1471 1389 1528 et
1426 1468 1686 1528 luxuria
1721 1485 1801 1527 ex
1834 1485 1950 1528 ore
1986 1485 2109 1528 suo
2143 1470 2501 1545 quemdam
2535 1471 2906 1535 anhelitum
2938 1476 3005 1529 et
3039 1471 3401 1546 quamdam
3448 1487 3737 1530 veneno·-

643 1588 787 1632 sam
837 1588 1143 1649 spumam
1190 1573 1474 1646 emittit,
1525 1574 1839 1647 quoniam
1889 1574 1955 1632 in
2004 1572 2230 1633 verbis
2282 1574 2425 1632 suis
2475 1578 2787 1640 conatum
2835 1581 2904 1634 et
2931 1574 3324 1651 Jactantiam
3374 1574 3735 1650 superbiae

636 1677 932 1737 ostendit
958 1693 1036 1736 ac
1069 1676 1252 1737 elicit
1273 1671 1318 1754 ¹)
1365 1692 1440 1735 ac
1474 1675 1809 1735 desideria
1859 1694 1981 1736 sua
2013 1677 2416 1752 quibusdam
2444 1678 2753 1753 turpibus
2791 1678 3238 1738 locutionibus
3282 1677 3609 1753 producit.
3638 1679 3735 1738 Ac

636 1779 867 1839 dextro
890 1780 1092 1839 ubere
1119 1778 1313 1864 quasi
1340 1778 1632 1837 catulum
1663 1779 1848 1837 canis
1877 1779 2105 1855 lactat,
2136 1780 2411 1838 sinistro
2439 1795 2598 1840 vero
2626 1780 2809 1840 velut
2835 1780 3158 1854 viperam,
3181 1779 3495 1854 quoniam
3523 1778 3637 1837 ubi
3664 1777 3733 1837 in

644 1883 1042 1944 rectitudine
1076 1882 1483 1948 nutrimenta
1518 1880 1899 1949 hominibus
1933 1897 2052 1958 per
2086 1882 2484 1958 sapientiam
2519 1883 2727 1947 veluti
2774 1898 2894 1964 per
2926 1881 3228 1940 dextram
3274 1881 3588 1944 exhibere
3622 1879 3737 1940 de·-

643 1990 852 2064 beret,
891 1988 983 2049 ibi
1018 1987 1505 2056 immunditiam
1537 2002 1658 2062 per
1691 1988 2145 2062 insipientiam
2170 1988 2431 2062 educat;
2460 1995 2528 2048 et
2553 1988 2666 2047 ubi
2693 1988 2777 2047 ab
2804 1988 3133 2063 injustitia
3156 1985 3208 2067 ⁴²)
3239 1993 3555 2064 tanquam
3581 2005 3620 2046 a
3646 1989 3734 2047 si-

636 2095 853 2156 nistra
886 2109 957 2154 se
990 2108 1110 2170 per
1141 2091 1565 2168 prudentiam
1613 2092 1954 2155 continere
2001 2091 2298 2167 deberet,
2351 2091 2444 2151 ibi
2493 2093 3007 2152 amaritudinem
3041 2107 3161 2168 per
3209 2092 3568 2151 stultitiam
3615 2108 3735 2151 nu—

635 2200 776 2272 trit,
814 2198 976 2257 nulli
1011 2212 1316 2272 parcenS,
1355 2197 1516 2272 quin
1547 2196 1609 2254 ei
1640 2195 1962 2263 scandala
1994 2196 2291 2272 objiciat,
2321 2197 2437 2273 qui
2471 2197 2802 2256 voluntati
2831 2212 2991 2265 suae
3027 2196 3306 2256 resistit:
3345 2196 3498 2256 illos
3524 2196 3730 2255 etiam

640 2300 970 2362 interdum
1005 2299 1359 2374 dilanians,
1398 2300 1513 2375 qui
1548 2300 1675 2375 ipsi
1711 2291 2096 2368 adhaerent.
2129 2300 2310 2359 Unde
2343 2299 2652 2360 manibus
2686 2301 2886 2360 flores
2920 2300 3236 2360 arborum
3267 2308 3336 2359 et
3370 2299 3729 2360 herbarum

629 2405 960 2482 decerpit,
998 2420 1076 2463 ac
1109 2405 1384 2470 odorem
1433 2405 1700 2472 illorum
1750 2405 2028 2474 naribus
2078 2406 2277 2480 capit,
2330 2407 2487 2480 quia
2536 2406 2846 2466 omnibus
2879 2406 3262 2481 persuadet,
3305 2406 3480 2465 utin
3512 2406 3731 2481 operi-

636 2508 763 2578 bus
797 2507 940 2566 suis
974 2507 1159 2576 velut
1182 2506 1612 2572 floriditatem
1633 2499 1685 2585 ³)
1715 2506 2046 2581 majorum
2066 2513 2138 2567 et
2164 2509 2746 2578 innaturaliumac
2778 2507 2980 2568 etiam
3009 2509 3339 2576 minorum
3367 2515 3435 2568 et
3458 2516 3731 2570 natura-

635 2611 801 2680 lium
837 2609 1298 2678 incendiorum
1346 2610 1571 2669 carnis
1619 2612 1955 2686 appetant,
2007 2628 2211 2687 quam
2260 2612 2391 2671 sibi
2425 2613 2492 2671 in
2525 2611 2798 2672 odorem
2840 2613 3411 2673 consuetudinarii
3461 2615 3727 2690 saporis

628 2713 991 2781 indiscrete
1026 2718 1382 2789 apponant;
1433 2713 1748 2787 quoniam
1798 2730 1949 2773 cum
1999 2717 2240 2790 gustus
2288 2715 2517 2776 odoris
2554 2717 3045 2776 immundarum
3095 2717 3397 2777 sordium
3439 2719 3726 2793 turpiter

633 2816 1121 2892 frequentatur,
1159 2815 1499 2891 appetitus
1525 2832 1792 2891 quoque
1828 2817 1908 2876 ad
1942 2819 2240 2893 pessima
2262 2822 2332 2880 et
2359 2818 2594 2878 illicita
2628 2818 2964 2878 desideria
2994 2820 3058 2878 in
3092 2819 3476 2879 hominibus
3506 2820 3725 2896 ipsum

635 2921 1217 2998 frequentantibus
1267 2927 1758 2996 augmentatur.
1809 2923 1965 2999 Ipsa
2011 2939 2279 3000 quoque
2325 2924 2461 2994 alia
2511 2923 2894 2983 indumenta
2942 2940 3076 2982 non
3122 2922 3361 2998 habet,
3414 2924 3532 2983 sed
3585 2928 3725 2984 tota

631 3029 824 3104 ignea
871 3030 998 3101 est;
1042 3029 1110 3085 et
1143 3025 1382 3086 ardore
1417 3042 1538 3086 suo
1573 3028 1796 3088 omnia
1831 3027 1961 3089 sibi
1998 3028 2373 3104 adjacentia
2408 3028 2584 3091 sicut
2623 3027 2846 3088 fenum
2881 3027 3182 3103 arefacit,
3221 3029 3539 3105 quoniam
3574 3030 3724 3107 ipsa

624 3133 868 3192 decore
899 3130 1176 3207 pudoris
1210 3136 1278 3190 et
1311 3130 1686 3193 honestatis
1719 3148 1979 3206 carenS,
2017 3134 2330 3203 omnibus
2365 3148 2436 3192 se
2468 3132 2715 3200 nudam
2748 3132 2814 3190 in
2848 3131 3245 3191 confusione
3279 3132 3715 3194 demonstrat.

630 3236 725 3311 Ac
759 3249 833 3293 se
866 3232 1272 3294 diabolicum
1308 3236 1374 3293 et
1410 3240 1780 3295 tartareum
1814 3237 2034 3311 ignem
2068 3251 2221 3296 esse
2255 3234 2664 3311 manifestat,
2700 3235 2794 3294 ita
2828 3235 3003 3311 quod
3036 3235 3419 3310 deceptibili
3456 3235 3720 3297 fervore

623 3339 1110 3423 ,spurcitiarum
1145 3352 1420 3402 suarum
1455 3355 1662 3398 venas
1710 3345 1778 3399 et
1825 3355 2094 3399 carnem
2145 3339 2487 3399 hominum
2534 3340 2667 3399 sibi
2714 3339 3212 3398 occurrentium
3260 3355 3712 3415 commovens„

629 3441 896 3501 fructus
925 3442 1311 3501 sanctitatis
1343 3441 1528 3513 velut
1564 3443 1826 3502 aridum
1863 3443 2086 3503 senum
2119 3444 2219 3503 eis
2254 3442 2607 3517 abstrahit,
2656 3447 2726 3502 et
2766 3442 2849 3513 ad
2890 3458 3195 3518 quaeque
3231 3443 3467 3503 illicita
3500 3444 3723 3504 incen-

628 3545 771 3610 tiva
804 3544 1171 3603 carnalium
1207 3547 1902 3621 concupiscentiarum
1955 3547 2107 3606 illos
2140 3547 2468 3622 perducit;
2521 3548 2699 3607 sicut
2728 3546 2929 3613 etiam
2968 3547 3033 3607 in
3066 3546 3333 3622 loquela
3367 3563 3489 3607 sua
3523 3563 3720 3625 supe-

628 3648 772 3708 rius
807 3646 1076 3722 fatetur,
1114 3649 1221 3707 cui
1250 3649 1531 3709 castitas
1560 3650 1836 3723 resistit,
1867 3655 1934 3710 et
1966 3659 2040 3710 ut
2071 3650 2376 3711 homines
2411 3651 2494 3711 ab
2530 3651 2643 3721 illa
2674 3650 3034 3725 declinent,
3069 3656 3137 3710 et
3163 3666 3237 3711 se
3263 3651 3546 3723 fideliter
3571 3651 3718 3711 imi-

625 3753 871 3826 tentur,
909 3751 1233 3827 admonet,

2044 3964 2288 4035 xum,

1877 4173 1970 4241 De
2015 4175 2235 4251 forma
2284 4173 2428 4233 zeli.

705 4383 814 4445 55.
849 4380 1037 4452 Quod
1070 4384 1290 4441 autem
1341 4380 1422 4439 ad
1471 4379 1814 4440 dexteram
1863 4383 2121 4455 partem
2169 4379 2491 4455 praedicti
2544 4379 2672 4439 viri
2709 4380 3064 4456 imaginem
3097 4381 3283 4440 velut
3316 4380 3383 4449 in
3416 4380 3705 4444 humana

612 4490 826 4550 forma
862 4493 1151 4557 stantem
1185 4488 1393 4560 vich,
1431 4487 1556 4547 hoc
1589 4491 1693 4546 est
1726 4474 1903 4566 quod
1939 4487 2004 4545 in
2040 4485 2439 4551 rectitudine
2472 4492 2538 4545 et
2574 4487 2640 4545 in
2674 4485 3065 4546 fortitudine
3094 4486 3211 4546 Dei
3246 4488 3430 4546 zelus
3481 4488 3699 4563 ipsius

613 4598 890 4669 peccata
941 4591 1283 4653 hominurn
1329 4605 1624 4668 purgans
1671 4596 1739 4650 et
1785 4590 2237 4653 exterminans
2272 4596 2572 4667 apparet,
2624 4592 2783 4665 quia
2833 4590 3030 4650 homo
3064 4590 3148 4650 ad
3180 4592 3540 4667 imaginem
3580 4592 3699 4653 Dei

613 4696 832 4755 factus
866 4700 932 4754 et
967 4694 1248 4753 scientia
1283 4694 1439 4753 boni
1474 4699 1540 4754 et
1575 4693 1734 4753 mali
1769 4694 2055 4769 infusus,
2106 4708 2227 4770 per
2269 4693 2453 4769 justa
2497 4692 2750 4770 judicia
2799 4694 3047 4753 summi
3089 4693 3362 4770 judicis,
3407 4696 3525 4770 qui
3562 4712 3704 4755 om-

607 4802 718 4861 nia
751 4810 909 4859 vere
941 4798 1286 4875 dijudicat,
1318 4797 1720 4874 judicandus
1769 4804 1893 4859 est.
1944 4798 2123 4869 Quae
2175 4796 2414 4858 faciem
2463 4798 2726 4873 igneam
2760 4797 2985 4871 habet,
3025 4799 3343 4874 quoniam
3384 4799 3559 4858 idem
3595 4815 3700 4858 ze—

607 4907 714 4968 lus
749 4904 968 4963 omnia
1004 4918 1177 4980 quae
1213 4902 1461 4979 injusta
1496 4908 1674 4977 sunt,
1728 4903 1794 4962 in
1845 4902 2107 4962 fervore
2150 4902 2555 4978 judiciorum
2594 4918 2870 4962 suorum
2903 4903 3087 4964 velut
3122 4904 3296 4979 ignis
3332 4906 3694 4978 consumit,

608 5024 739 5069 non
772 5007 947 5084 quod
983 5007 1206 5067 omnia
1236 5023 1356 5084 per
1394 5008 1609 5083 ignem
1644 5013 1910 5084 purgat,
1941 5007 2058 5067 sed
2096 5008 2272 5083 quod
2307 5008 2529 5068 omnia
2556 5008 2731 5068 mala
2764 5008 3264 5069 exterminando
3294 5010 3371 5069 ad
3410 5009 3697 5069 nihilum

672 5160 714 5228 ¹)
741 5161 889 5217 elicit
911 5162 986 5217 ad
1012 5161 1282 5216 desideria
1307 5159 1378 5223 A,
1406 5159 1498 5215 W.
1533 5192 1591 5201 -
1629 5162 1673 5230 2)
1703 5162 1800 5217 ubi
1823 5162 1894 5217 ab
1920 5162 2267 5218 immunditia
2292 5160 2384 5218 W.
2420 5192 2486 5201 —-
2512 5160 2555 5230 ⁸)
2580 5162 2880 5233 floriditate
2904 5158 2970 5216 A.
