4036 6117
749 481 884 552 404
1911 501 1964 548 s.
2016 498 2559 550 mnnzmmnrs

681 624 1030 688 eabuntur:
1062 616 1110 703 ¹)
1143 621 1480 700 numquid
1510 623 1565 680 si
1609 622 1910 683 Christus
1943 640 2081 684 non
2115 625 2414 698 veniret,
2464 621 2713 682 mortui
2746 624 3199 697 resumerent,
3248 623 3325 688 ut
3359 619 3435 679 in
3486 634 3694 680 cmc
3724 614 3803 676 in

679 747 812 806 qua
836 734 1272 804 peccaverant
1288 725 1604 801 judicati,
1637 729 2095 803 punirentur?

769 832 956 893 XXV.
1013 833 1083 894 Si
1116 831 1483 892 secundum
1532 830 1725 908 fidem
1760 831 2152 892 catholicam
2198 835 2335 890 tota
2374 846 2654 906 prorsus
2703 830 2925 889 carnis
2972 834 3235 890 nostrae
3286 824 3664 886 substantia
3693 841 3810 881 νει

681 935 1101 1014 surqentibus
1149 934 1575 994 restituenda
1608 940 1736 1007 est,
1788 933 1950 1010 quid
1983 933 2411 992 sentiendum
2458 938 2555 991 est
2587 932 2667 991 de
2706 931 3065 993 Salvatoris
3097 931 3307 990 nostri
3323 924 3475 1003 jam
3506 947 3545 988 a
3578 932 3799 985 morte

681 1040 1024 1112 suscitati,
1075 1044 1137 1097 et
1173 1036 1488 1096 umbilico
1534 1039 1648 1113 qui
1681 1039 1984 1096 nascenti
2027 1038 2375 1112 praecisus
2409 1040 2529 1110 est,
2581 1040 2645 1093 et
2679 1033 2983 1094 dentibus
3030 1034 3146 1112 qui
3179 1036 3428 1109 septem
3460 1031 3648 1090 novis
3678 1046 3811 1085 ur·-

678 1140 980 1220 9entibus
1030 1142 1243 1217 elapsi
1292 1146 1494 1209 sunt,
1557 1146 1618 1198 et
1672 1142 1995 1216 sanquine
2047 1141 2163 1217 qui
2212 1158 2296 1198 eae
2352 1157 2426 1198 eo
2483 1139 2686 1198 clavis
2733 1144 2797 1197 et
2863 1139 3098 1198 lancea
3136 1139 3436 1216 perfosso
3483 1133 3802 1210 defluxit:

681 1263 831 1305 cum
863 1244 1179 1303 nonnulli
1213 1247 1450 1304 horum
1480 1244 1807 1320 reliquias
1841 1245 2165 1320 hodieque
2193 1260 2317 1322 pro
2351 1248 2526 1304 certo
2558 1262 2625 1302 se
2657 1241 2890 1305 habere
2922 1243 3309 1321 fateantur?

776 1348 994 1408 XXVI.
1045 1349 1211 1408 Item
1244 1350 1300 1406 si
1330 1344 1539 1420 juxta
1592 1349 1838 1409 Christi
1887 1350 2314 1422 sententiam,
2367 1364 2590 1406 omnes
2640 1347 2872 1422 capilli
2919 1346 3155 1421 capitis
3188 1346 3398 1403 nostri
3443 1341 3797 1402 numerati

681 1456 861 1526 sunt,
891 1457 955 1510 et
979 1470 1154 1510 unus
1179 1451 1428 1511 exiliis
1461 1468 1593 1511 non
1614 1451 1882 1528 peribit,
1914 1454 1986 1510 in
2012 1454 2501 1512 resurrectione
2526 1451 2823 1527 qenerali
2846 1450 3009 1526 quid
3033 1451 3114 1508 de
3140 1456 3517 1508 nostrorum
3540 1447 3651 1524 fiet
3677 1462 3791 1503 su·

667 1561 1073 1639 perfluitate,
1107 1559 1210 1618 vel
1244 1559 1663 1634 capillorum,
1690 1560 1792 1618 vel
1827 1559 2131 1620 dentium
2162 1564 2277 1618 aut
2312 1559 2663 1635 unquium,
2701 1558 2816 1635 qui
2850 1562 3095 1630 aetate,
3126 1560 3403 1627 natura,
3427 1570 3543 1612 seu
3574 1552 3791 1609 etiam

677 1663 1067 1741 infirmitate
1101 1664 1434 1738 eaeiqente,
1471 1662 1811 1736 decidunt,
1849 1662 1951 1720 vel
1986 1680 2142 1738 quos
2174 1663 2306 1738 ipsi
2340 1661 2410 1720 ob
2443 1678 2673 1721 curam
2707 1666 2769 1717 et
2805 1661 3103 1719 decorem
3138 1659 3425 1736 corporis
3450 1653 3800 1734 praecidi-

676 1786 849 1843 mus,
879 1787 1029 1830 cum
1053 1785 1186 1828 non
1219 1768 1432 1830 solum
1466 1770 1809 1838 indecens,
1847 1769 1961 1828 sed
1987 1775 2048 1828 et
2075 1776 2493 1828 monstruosa
2523 1785 2753 1827 eorum
2784 1769 3048 1844 inteqra
3078 1768 3415 1827 restitutio
3438 1764 3791 1824 videatur?

765 1873 1011 1937 XXVII.
1077 1873 1252 1946 Quid
1297 1875 1711 1951 opinandum
1757 1878 1852 1936 est
1888 1874 1970 1932 de
2021 1873 2235 1933 salute
2284 1873 2695 1934 naturaliter
2744 1872 3103 1932 surdorum
3135 1878 3198 1932 et
3245 1875 3616 1941 mutorum,
3663 1867 3787 1943 qui

674 1996 825 2040 eum
867 1997 993 2055 per
1024 1985 1309 2039 aetatem
1352 1982 1630 2056 possint,
1664 1998 1788 2055 per
1836 1981 2169 2039 rationem
2210 1979 2313 2038 vel
2362 1979 2561 2057 fidem
2610 1984 3026 2039 sacramenta
3078 1978 3323 2038 Christi
3365 1982 3596 2052 petere
3645 1989 3781 2034 non

668 2090 981 2161 possunt;
1017 2089 1132 2143 aut
1169 2086 1223 2142 si
1252 2085 1697 2159 peccaverint,
1735 2102 1856 2142 nec
1890 2086 2392 2161 confessionem,
2429 2102 2550 2143 nec
2578 2084 3063 2159 poenitentiam
3096 2099 3288 2158 aqere
3325 2082 3586 2140 sciunt?

765 2185 1041 2248 XXVIII.
1095 2187 1270 2258 Quid
1300 2189 1500 2245 etiam
1535 2185 1613 2245 de
1646 2187 2038 2259 amentium,
2089 2189 2568 2264 freneticorum
2601 2186 2701 2243 vel
2748 2188 3156 2263 furentium,
3191 2203 3311 2244 seu
3356 2184 3632 2244 illorum
3660 2183 3781 2258 qui

669 2312 797 2369 per
830 2293 1382 2366 interceptionem
1415 2292 1657 2349 mentis
1692 2309 1757 2349 se
1793 2292 1966 2367 ipsos
2001 2292 2438 2370 interficiunt,
2477 2290 2691 2348 salute
2726 2288 3192 2349 arbitrandum
3225 2292 3362 2350 est?

723 2394 938 2455 XXIX.
995 2395 1167 2466 Quid
1201 2393 1607 2468 sperandum
1641 2400 1736 2453 est
1772 2395 1851 2453 de
1887 2395 2101 2453 salute
2149 2395 2485 2470 virq1'num
2517 2393 2619 2453 vel
2652 2394 3042 2469 mulierum,
3093 2411 3260 2470 quae
3287 2392 3781 2470 persecutionis

678 2506 1000 2575 tempore,
1051 2494 1427 2574 obsequium
1462 2516 1528 2557 se
1580 2498 1714 2557 Deo
1740 2503 2084 2574 praestare
2134 2495 2556 2570 arbitrantes,
2590 2515 2675 2555 ne
2708 2498 2990 2557 hostium
3024 2492 3432 2569 subjacerent
3469 2494 3777 2568 ludibrio,

678 2622 745 2665 se
778 2606 956 2679 ipsas
990 2601 1266 2661 illorum
1297 2618 1539 2660 manus
1566 2600 2136 2677 praeoccupandO,
2172 2602 2395 2676 quovis
2427 2618 2666 2676 qenere
2699 2602 2931 2658 mortis
2964 2601 3494 2659 interemerunt?
3522 2595 3572 2675 2)

687 2738 690 2741 >
766 2706 955 2767 XXX.
1012 2705 1172 2766 Cum
1206 2707 1281 2764 in
1325 2707 1529 2762 veteri
1563 2708 1625 2760 et
1673 2705 1748 2761 in
1782 2720 1941 2760 novo
1981 2703 2035 2762 T
2031 2708 2393 2762 estamento
2440 2704 2765 2780 diliqendi
2812 2709 2875 2762 et
2909 2705 3280 2766 honorandi
3329 2702 3633 2764 carnales
3660 2718 3784 2778 pa-

676 2816 903 2870 rentes
952 2816 1016 2870 et
1051 2807 1438 2884 spirituales
1485 2807 1855 2881 maqistrOS,
1889 2812 1950 2864 et
1995 2809 2090 2865 eis
2124 2805 2469 2866 obediendi
2502 2813 2564 2866 et
2598 2808 2970 2867 honorandi
3010 2814 3372 2884 praecepta
3400 2805 3776 2881 habeamus,

682 2932 967 2992 quorum
1009 2913 1453 2983 dilectionem,
1503 2910 2070 2988 honorificentiam
2104 2914 2165 2967 et
2202 2908 2664 2985 obedientiam,
2704 2929 2819 2970 seu
2853 2909 3232 2989 obsequium
3270 2912 3623 2989 praeferre
3669 2910 3784 2968 de-

675 3019 944 3081 bemus?

769 3126 986 3187 XXXI.
1035 3120 1386 3202 Numquid
1420 3122 1804 3201 putandum
1851 3128 1946 3183 est
1997 3143 2199 3185 auras
2250 3130 2313 3184 et
2369 3130 2595 3184 ventos
2642 3127 2990 3202 propriam
3037 3131 3101 3184 et
3141 3133 3655 3202 permanentem
3698 3129 3771 3185 in

672 3236 938 3291 natura·
967 3246 1196 3287 rerum
1230 3226 1462 3288 habere
1513 3227 1971 3302 substantiam,
2008 3234 2123 3286 aut
2161 3230 2217 3287 si
2251 3248 2336 3287 eae
2368 3234 2554 3287 motu
2585 3231 2785 3305 aeris,
2820 3236 2894 3289 ut
2929 3228 3320 3307 quibusdam
3344 3230 3591 3307 placet,
3620 3247 3774 3307 pro-

676 3338 1014 3406 creantur,
1067 3330 1298 3408 quibus
1332 3350 1416 3390 ex
1465 3334 1680 3393 causis
1713 3332 1815 3391 vel
1868 3330 2310 3392 occasionibus
2359 3352 2542 3394 nunc
2592 3334 2834 3407 levior,
2886 3352 3068 3395 nunc
3101 3335 3548 3393 vehementior
3593 3334 3768 3392 idem

677 3441 892 3494 motus
925 3428 975 3510 ³)
1011 3437 1382 3494 excitatur?

769 3536 1016 3596 XXXII.
1067 3538 1411 3614 Numquid
1458 3535 1754 3597 turbines
1803 3545 1866 3599 et
1911 3545 2333 3616 tempestates
2382 3546 2496 3599 aut
2548 3544 2904 3601 contrariis
2955 3543 3360 3602 solummodo
3406 3546 3581 3603 aeris
3622 3562 3773 3622 pas·

678 3646 966 3705 sionibus
998 3646 1404 3705 naturaliter
1428 3654 1858 3723 qenerantur,
1887 3655 2001 3707 aut
2037 3650 2241 3707 etiam
2268 3667 2308 3707 a
2339 3648 2763 3709 daemonibus
2796 3649 3154 3727 aliquando
3180 3651 3265 3709 ad
3290 3650 3657 3724 terrendos,
3684 3651 3768 3707 si·-

678 3769 752 3809 ve
781 3750 1160 3827 puniendos
1192 3767 1335 3808 reos
1371 3751 1492 3810 Dei
1517 3753 1857 3827 permissu
1889 3757 2417 3814 commoventur?

765 3854 1043 3914 XXXIII.
1094 3854 1436 3931 Numquid
1466 3856 1742 3932 fulqura
1787 3859 1934 3935 ipsa
1980 3858 2388 3917 credendum
2435 3865 2531 3919 est
2576 3860 2715 3918 sola
2762 3860 2885 3920 Dei
2925 3865 3251 3938 potestate
3301 3860 3540 3939 diriqi,
3587 3860 3762 3920 unde

679 3963 1002 4038 scriptum
1048 3966 1172 4019 est:
1223 3959 1440 4019 Mittet
1488 3959 1792 4034 fulmina,
1843 3966 1910 4020 et
1967 3962 2051 4020 ad
2085 3962 2304 4022 locum
2355 3963 2560 4021 alium
2607 3980 2741 4023 non
2796 3963 3127 4024 ferentur?
3171 3960 3220 4043 ⁴)
3272 3966 3377 4026 An
3426 3966 3762 4026 interdum

666 4085 794 4144 per
826 4065 1148 4142 maliqnos
1182 4066 1460 4141 spiritus
1491 4067 1610 4124 hac
1640 4064 1927 4142 illacque
1976 4068 2370 4143 intorqueri,
2407 4085 2556 4127 cum
2602 4068 2943 4127 videamus
2985 4069 3109 4129 illa
3156 4072 3423 4149 saepius
3464 4087 3597 4129 non
3630 4068 3762 4128 ubi-

671 4173 768 4230 vis
816 4170 1152 4239 decidere,
1201 4169 1316 4229 sed
1360 4170 1550 4246 quasi
1598 4186 1750 4229 cum
1793 4170 2079 4248 quodam
2113 4188 2312 4230 sensu
2359 4171 2613 4248 aliquos
2645 4173 3011 4251 feriendos,
3047 4192 3123 4234 ac
3155 4175 3211 4233 si
3238 4174 3632 4252 desiqnatos‚
3665 4176 3765 4234 in·-

674 4277 978 4352 quirere?

764 4374 1076 4437 XXXIIII.
1127 4374 1303 4438 Dum
1351 4382 1711 4440 secundum
1763 4377 2133 4439 subtiliores
2172 4380 2613 4459 philosophos,
2662 4382 2976 4459 planetae
3010 4388 3241 4443 contra
3270 4384 3760 4462 firmamentum

673 4482 1047 4556 volvantur,
1096 4484 1488 4545 nullatenus
1521 4494 1768 4562 tamen,
1818 4493 1892 4546 ut
1927 4492 2226 4548 caeterae
2276 4488 2547 4561 stellae,
2586 4489 2803 4548 eidem
2849 4489 3267 4568 firmamento
3311 4490 3546 4567 infixi,
3597 4489 3757 4548 sicut

674 4606 759 4647 ecc
792 4603 1021 4645 eorum
1052 4606 1208 4665 vaqo
1242 4596 1303 4648 et
1338 4591 1517 4649 velut
1552 4608 1827 4651 erroneo
1874 4592 2181 4651 discursu
2206 4590 2473 4670 probari
2500 4599 2739 4670 potest,
2776 4612 2966 4670 quae,
3017 4594 3119 4652 vel
3154 4594 3333 4652 unde
3367 4598 3463 4652 est
3512 4595 3609 4652 vis
3639 4584 3760 4652 illa

673 4694 1003 4765 maxima,
1056 4710 1222 4771 quae
1269 4711 1498 4752 eorum
1548 4702 1770 4755 tantae
1817 4696 2009 4755 molis
2057 4695 2299 4772 qlobos,
2350 4702 2414 4756 et
2461 4703 2600 4758 tam
2644 4698 2831 4774 lonqe
2880 4716 2920 4756 a
2950 4697 3366 4775 firmamento
3412 4696 3755 4766 distantes,

675 4805 904 4860 contra
937 4800 1232 4875 ipsorum
1264 4801 1587 4877 impetum
1620 4800 1915 4877 urqendo
1947 4807 2313 4879 retorquet,
2348 4807 2421 4860 ut
2455 4804 2645 4878 quasi
2682 4808 3027 4880 sequentes
3059 4801 3579 4880 firmamentum,
3616 4815 3759 4861 cum

675 4908 819 4985 ipso
853 4905 1143 4964 occidere
1180 4909 1241 4961 et
1279 4923 1610 4983 emergere
1646 4905 2035 4964 videantur?

752 5131 796 5195 ¹)
836 5131 878 5186 1.
920 5131 1044 5188 Cor.
1090 5132 1217 5196 XV,
1257 5137 1342 5188 22.
1373 5163 1438 5175 ·-·
1476 5136 1523 5197 ²)
1556 5138 1932 5193 interimerunt
1955 5132 2080 5192 cod.
2112 5166 2177 5176 —
2204 5134 2250 5200 ³)
2277 5136 2464 5192 modus
2500 5132 2623 5191 cod.
2748 5135 2795 5198 ⁴)
2829 5133 2956 5191 lob.
2985 5133 3136 5196 XLI,
3171 5137 3254 5191 Η.
