4036 6117
660 497 787 557 330
1812 515 1862 559 s.
1923 516 2483 562 nnnnoannis

596 625 849 685 stitatis
883 626 1047 701 pede
1080 626 1463 700 obtriveris,
1506 629 1706 687 reduc
1745 636 1965 690 tamen
1999 633 2080 691 ad
2121 637 2509 694 memoriam
2545 650 2619 693 ex
2657 635 3078 710 Apocalypsi,
3119 636 3430 710 quoniam
3466 632 3675 693 cauda

594 733 907 792 draconis
958 750 1085 792 non
1123 735 1338 792 solum
1391 735 1619 809 glebas
1663 740 1882 796 terrae
1931 740 2165 812 verrit,
2218 740 2336 799 sed
2369 744 2437 800 et
2486 740 2751 800 tertiam
2800 744 3059 813 partem
3109 737 3454 796 stellarum
3508 736 3674 796 coeli

593 840 744 908 post
780 852 851 894 se
889 837 1114 898 trahit.
1151 834 1194 913 ¹)
1246 838 1336 897 De
1370 839 1773 914 quibusdam
1820 844 2012 917 equis
2063 843 2153 903 ihi
2192 844 2457 919 legitur,
2511 843 2687 920 quod
2737 859 2869 902 non
2919 843 3134 900 solum
3172 842 3234 899 in
3269 857 3408 916 ore,
3461 841 3577 899 sed
3608 846 3675 898 et

597 938 659 997 in
709 940 942 999 caudis
979 947 1380 1014 potestatem
1431 944 1709 1002 nocendi
1747 944 2052 1005 habeant.
2103 946 2263 1005 Nam
2307 964 2339 1002 α
2377 945 2651 1017 caudae,
2692 944 2926 1020 inquit,
2978 959 3208 1004 eorum
3244 944 3503 1002 similes
3538 959 3672 1001 ser-

596 1045 928 1118 pentibuS,
980 1049 1046 1106 et
1083 1047 1146 1106 in
1182 1047 1286 1106 his
1335 1056 1594 1109 nocent.
1637 1069 1667 1106 2>
1724 1051 2105 1127 Propterea,
2138 1058 2351 1111 mater
2394 1057 2648 1125 sancta,
2680 1058 2752 1110 ut
2785 1066 2956 1127 quae
2985 1051 3124 1126 jam
3172 1057 3371 1126 caput
3422 1052 3676 1127 antiqui

594 1154 927 1228 serpentis
974 1154 1286 1226 evasisti,
1339 1170 1420 1212 ne
1471 1172 1508 1212 a
1557 1155 1769 1215 cauda
1823 1157 2118 1231 feriaris,
2169 1165 2236 1217 et
2284 1159 2606 1233 quantum
2657 1162 2846 1233 potes
2890 1172 3044 1216 cum
3091 1156 3205 1215 Dei
3240 1157 3671 1232 protectione,

594 1258 1005 1331 calcaneum,
1062 1258 1123 1316 id
1174 1266 1277 1317 est
1325 1260 1502 1318 vitae
1538 1261 1810 1336 exitum,
1863 1264 1945 1322 ab
1992 1265 2139 1322 eius
2190 1267 2374 1323 tuere
2425 1264 2762 1323 versutiis
2814 1264 2945 1322 Nec
2982 1270 3227 1337 metu0,
3280 1265 3552 1323 tametsi
3589 1263 3677 1320 ita

597 1368 857 1442 loquar,
896 1383 975 1425 ne
1012 1384 1114 1426 me
1149 1370 1714 1443 praesumptionis
1765 1371 2153 1444 redarguaS‚
2190 1377 2331 1431 tum
2368 1373 2524 1448 quia
2565 1388 2695 1430 non
2727 1387 2806 1430 ex
2849 1371 3227 1431 temeritate
3261 1371 3524 1443 docere,
3562 1370 3678 1429 sed

596 1487 669 1528 ex
716 1473 1065 1532 devotione
1098 1491 1297 1550 quam
1339 1476 1549 1535 babeo
1584 1492 1742 1551 erga
1778 1482 1864 1550 tc,
1919 1493 2186 1536 monere
2231 1478 2519 1552 intendo;
2572 1484 2711 1537 tum
2762 1479 2938 1553 quia,
2995 1478 3345 1537 occasione
3394 1496 3521 1539 non
3570 1495 3682 1537 na·-

597 1586 703 1639 cta
736 1578 783 1659 ²)
824 1588 1039 1642 tecum
1075 1586 1566 1660 confabulandi,
1607 1589 2001 1647 immoratus
2039 1605 2207 1648 sum.
2242 1588 2319 1647 Et
2352 1588 2516 1646 baec
2549 1587 2816 1662 quidem
2854 1604 2973 1663 pro
3008 1590 3194 1663 parte
3229 1594 3363 1647 tua.

691 1688 1040 1748 Caeterum
1092 1708 1212 1765 pro
1259 1708 1427 1763 mea,
1482 1693 1594 1767 qui
1647 1692 1885 1751 infixus
1936 1708 2085 1750 sum
2122 1694 2187 1751 in
2238 1692 2395 1752 limo
2445 1691 2779 1768 profundi,
2830 1698 2899 1750 et
2931 1691 3122 1750 cuius
3170 1693 3568 1766 putruerunt
3613 1691 3681 1747 et

598 1799 952 1868 corruptae
1005 1802 1158 1853 sunt
1208 1795 1559 1854 cicatrices
1610 1813 1647 1853 a
1701 1794 1866 1855 facie
1920 1797 2342 1870 insipientiae
2394 1812 2603 1869 meae,
2655 1790 2705 1874 ³)
2758 1812 2877 1872 per
2923 1794 3340 1855 dulcedinem
3390 1796 3683 1869 omnipo-

603 1899 802 1957 tentis
837 1899 949 1957 Dei
988 1916 1245 1974 precor,
1295 1906 1366 1959 ut
1401 1916 1503 1959 me
1542 1900 1714 1959 inter
1749 1900 2115 1959 familiares
2150 1906 2300 1958 tuos
2334 1903 2721 1975 computare
2757 1899 3075 1973 digneriS,
3128 1904 3195 1957 et
3229 1899 3545 1957 memoris
3582 1898 3678 1956 tui

598 2020 863 2078 semper
911 2004 1268 2063 meminere
1301 2001 1348 2081 ⁴)
1401 2021 1527 2063 non
1565 2005 1842 2077 abnuas;
1895 2008 1961 2064 et
1996 2006 2224 2063 levans
2258 2019 2463 2078 puras
2503 2019 2736 2061 manus
2774 2003 2837 2060 in
2880 2004 3206 2074 oratione,
3245 2001 3524 2060 obsecro
3563 2001 3678 2058 im-

601 2122 891 2166 mensam
946 2108 1418 2182 benignitatem
1455 2109 1546 2183 pii
1597 2108 2088 2183 RedemptoriS,
2144 2110 2214 2166 ut
2246 2107 2326 2165 de
2376 2106 2762 2182 praeteritis
2810 2106 3008 2165 malis
3043 2106 3209 2164 meis
3260 2105 3545 2177 veniam,
3596 2104 3677 2163 de

603 2214 1069 2286 praesentibus
1117 2214 1669 2286 emendationem,
1723 2214 1901 2272 etde
1955 2213 2199 2272 futuris
2248 2212 2578 2271 cautelam
2629 2210 2792 2270 mihi
2843 2211 3145 2269 conferre
3180 2227 3311 2270 non
3358 2216 3673 2269 moretur.

599 2320 762 2389 Quia
813 2335 972 2377 vero
1028 2318 1389 2378 monachus
1438 2319 1820 2377 claustralis
1870 2333 2042 2388 sum,
2096 2333 2215 2375 nec
2268 2315 2427 2374 mihi
2482 2316 2742 2375 occasio
2782 2317 2887 2374 vel
2941 2315 3226 2375 facultas
3275 2316 3357 2376 ad
3393 2318 3456 2376 te
3503 2332 3680 2375 com-

603 2425 863 2483 meandi
909 2426 1044 2483 ulla
1078 2425 1467 2499 porrigitur,
1523 2430 1593 2482 ut
1628 2423 1707 2481 de
1746 2422 1850 2480 his
1885 2437 2057 2497 quae
2091 2438 2168 2479 ex
2205 2427 2268 2479 te
2304 2420 2478 2479 scire
2507 2436 2842 2495 cuperem,
2895 2437 3008 2479 ore
3044 2420 3124 2479 ad
3160 2438 3235 2479 os
3270 2428 3491 2480 tecum
3525 2436 3678 2480 con-

607 2531 835 2605 seram,
888 2549 1003 2589 oro
1039 2537 1110 2589 ut
1159 2546 1235 2589 ea
1271 2546 1443 2606 quae
1493 2530 1614 2589 tibi
1663 2544 1781 2602 per
1828 2527 2279 2602 praesentium
2332 2525 2632 2583 latricem
2688 2523 3109 2584 familiariter
3158 2541 3467 2600 suggero,
3519 2526 3686 2599 vigi-

605 2635 818 2693 lanter
865 2636 1160 2709 digneris
1212 2635 1572 2707 intendere;
1626 2641 1691 2693 et
1726 2640 1860 2693 tam
1903 2650 2024 2709 pro
2076 2632 2204 2705 his,
2242 2647 2440 2706 quam
2491 2638 2558 2689 et
2590 2647 2711 2707 pro
2748 2632 2897 2690 aliis
2934 2633 3454 2691 necessitatibus
3490 2633 3682 2705 meiS,

606 2740 1209 2800 manifestationem
1250 2741 1536 2817 Spiritus
1586 2741 1667 2799 ad
1705 2740 2063 2799 utilitatem
2112 2752 2501 2812 exposcenS,
2555 2738 2711 2812 quid
2750 2754 2952 2812 super
3005 2738 3109 2798 his
3147 2740 3308 2799 mihi
3354 2738 3679 2813 agendum

515 2868 538 2877 -
607 2852 718 2923 sit,
757 2866 884 2908 non
918 2850 1257 2907 cuncteris
1294 2848 1692 2923 significare.

697 2959 878 3033 Rogo
935 2958 1136 3015 etiam
1189 2961 1261 3015 ut
1314 2952 1947 3029 interrogationibus
2007 2952 2175 3009 meis
2226 2951 2498 3025 scriptis
2550 2951 2684 3008 tuis
2738 2951 3141 3025 respondere
3191 2966 3318 3009 non
3354 2949 3681 3024 graveris

605 3068 787 3126 Scire
819 3066 994 3124 enim
1029 3065 1357 3138 cupimus,
1394 3079 1515 3137 ego
1550 3068 1616 3120 et
1653 3061 1843 3119 multi
1879 3074 2161 3130 mecum,
2199 3073 2281 3115 an
2316 3072 2546 3115 verum
2585 3055 2673 3115 sit
2707 3056 2883 3131 quod
2919 3055 3091 3132 apud
3129 3073 3247 3115 nos
3282 3055 3362 3116 de
3399 3061 3462 3114 te
3499 3053 3682 3114 fama

605 3171 945 3246 dispersit,
976 3169 1284 3244 quamvis
1314 3169 1376 3226 id
1413 3165 1572 3224 mibi
1612 3164 1804 3224 facile
1839 3162 2226 3238 persuaderi
2252 3154 2297 3236 ⁵)
2336 3177 2463 3219 non
2500 3161 2738 3236 possit,
2778 3161 3087 3220 videlicet
3122 3161 3296 3236 quod
3324 3167 3684 3236 postquam

612 3281 906 3338 visiones
957 3283 1133 3347 tuae,
1188 3279 1249 3335 te
1279 3274 1549 3349 jubente
1586 3277 1652 3330 et
1688 3268 2042 3338 indicante,
2081 3285 2114 3324 a
2151 3265 2435 3324 notariis
2486 3265 2737 3338 scripto
2786 3270 3101 3339 exceptae
3155 3263 3420 3338 fuerint,
3475 3282 3511 3322 a
3548 3279 3682 3321 me-

607 3384 816 3440 moria
867 3384 980 3440 tua
1011 3380 1382 3450 elabantur,
1435 3377 1598 3435 adeo
1649 3380 1721 3434 ut
1756 3374 1911 3449 quid
1962 3372 2212 3430 dixeris
2247 3371 2512 3429 omnino
2563 3385 2690 3428 non
2727 3371 3005 3430 recolas.
3057 3369 3238 3429 Scire
3272 3371 3469 3428 etiam
3507 3369 3685 3428 desi-

603 3490 940 3558 deramuS,
996 3488 1214 3544 utrum
1265 3483 1533 3541 easdem
1594 3481 1887 3539 visiones
1961 3477 2165 3535 latino
2222 3476 2435 3533 dictes
2506 3474 2796 3549 eloqui0,
2850 3481 2965 3534 aut
3022 3480 3085 3532 te
3146 3474 3297 3533 illas
3349 3473 3682 3531 teutonice

606 3590 1003 3665 proferente,
1056 3589 1228 3646 alius
1265 3585 1385 3643 bas
1423 3585 1482 3641 in
1537 3584 1816 3641 latinum
1853 3579 2234 3640 transferat.
2288 3577 2468 3636 Scire
2504 3584 2570 3637 et
2603 3577 2727 3637 hoc
2778 3578 3211 3636 nibilominus
3259 3576 3679 3650 affectamus.

604 3706 828 3757 utrum
877 3696 1204 3752 elementa
1240 3692 1615 3749 litterarum
1651 3687 1732 3747 ab
1785 3686 2063 3744 infantia
2097 3684 2436 3756 didiceriS,
2488 3689 2554 3740 et
2588 3683 2849 3741 divinas
2900 3682 3281 3757 Scripturas
3332 3682 3551 3741 studio
3589 3683 3680 3740 le-

603 3807 866 3876 ctioniS,
904 3820 988 3862 an
1023 3803 1166 3860 sola
1202 3799 1508 3859 unctione
1561 3796 1903 3868 magistra,
1935 3809 2106 3867 quae
2141 3808 2310 3866 quos
2344 3792 2488 3850 vult
2523 3791 2602 3850 de
2637 3791 2944 3850 omnibus
2977 3790 3200 3860 docet,
3248 3791 3679 3866 compereris,

692 3913 859 3984 Quia
891 3928 1049 3987 ergo
1089 3909 1326 3968 faciem
1361 3909 1564 3969 tuam,
1596 3903 1682 3961 mi
1708 3896 1755 3974 ο)
1792 3901 2082 3972 domina,
2118 3900 2365 3970 divina,
2403 3899 2475 3956 ut
2507 3897 2727 3968 credo,
2761 3898 2905 3955 luce
2936 3895 3466 3971 resplendentem
3493 3911 3686 3971 prae-

605 4018 977 4079 sentialiter
1029 3996 1269 4075 intueri
1320 4025 1598 4085 neque0,
1655 4008 1757 4065 fac
1810 4021 1912 4063 me
1964 4004 2201 4063 saltem
2255 4018 2372 4077 per
2407 4003 2669 4060 litteras
2718 4000 2949 4058 audire
2999 4015 3229 4058 vocem
3266 4005 3471 4073 tuam,
3523 4001 3682 4075 quia

604 4144 726 4186 vox
778 4131 894 4184 tua
927 4122 1143 4182 dulcis
1192 4123 1295 4177 est
1348 4115 1530 4187 mibi;
1585 4116 1654 4172 ut
1689 4113 1793 4170 vel
1844 4109 2005 4169 mihi
2056 4109 2153 4166 sic
2202 4106 2455 4180 aliquid
2505 4104 2891 4164 memoriale
2941 4103 3036 4161 tui
3085 4102 3389 4177 habeam,
3446 4104 3508 4162 in
3542 4120 3677 4179 quo

603 4235 785 4292 velut
829 4233 892 4290 in
928 4228 1200 4304 speculo
1253 4222 1508 4282 reddita
1546 4216 1854 4291 imagine,
1905 4193 2164 4286 effigies
2214 4211 2377 4269 mihi
2413 4217 2565 4270 tuae
2618 4208 2999 4267 sanctitatis
3034 4208 3366 4281 reluceat,
3418 4215 3484 4266 et
3532 4213 3671 4265 tam

601 4337 874 4396 arctiori
910 4350 1108 4410 quam
1149 4325 1583 4404 frequentiori
1621 4319 1942 4380 memoria
1975 4315 2227 4392 pectori
2267 4329 2412 4373 meo
2449 4314 2755 4372 insideat.

690 4450 1008 4509 Dominus
1059 4445 1138 4504 ad
1191 4444 1505 4503 honorem
1554 4443 1620 4494 et
1673 4433 1956 4491 fructum
1995 4426 2334 4486 Ecclesiae
2386 4439 2545 4482 suae
2596 4423 3042 4498 praesentiam
3096 4422 3477 4481 sanctitatis
3527 4426 3683 4479 tuae

601 4554 944 4633 prolixiori
984 4556 1304 4624 tempore,
1345 4539 1706 4604 reverenda
1743 4542 1976 4602 mater,
2018 4530 2414 4589 incolumem
2450 4541 2848 4585 conservare
2882 4525 3211 4600 dignetur.
3248 4527 3474 4585 Amen.

689 4664 990 4722 Salutant
1028 4665 1088 4716 te
1138 4656 1456 4713 Dominus
1493 4642 1786 4720 Abbas7)
1824 4648 1890 4700 et
1925 4639 2109 4715 prior
2157 4642 2415 4708 noster,
2477 4649 2628 4692 cum
2680 4635 2817 4691 tota
2867 4631 2995 4691 sibi
3055 4630 3415 4690 commissa
3472 4633 3684 4687 matre

672 4937 713 5000 ¹)
741 4936 911 5004 Apoc.
942 4928 1075 4988 Xll,
1105 4929 1154 4980 4.
1187 4954 1248 4962 -
1278 4923 1323 4982 2)
1355 4917 1548 4976 Haesi⁹
1578 4921 1635 4970 et
1660 4913 1840 4967 adbuc
1870 4911 2092 4966 haereo.
2180 4905 2225 4969 ⁶)
2250 4907 2325 4958 mi
2362 4904 2602 4963 ἀοηιίηα,
2633 4900 2714 4957 sic
2740 4900 2859 4956 cod.
2892 4898 2979 4955 An
3007 4900 3079 4953 ob
3103 4877 3315 4952 morem
3342 4892 3682 4962 Hldegardis

604 5027 791 5090 legens
821 5019 878 5072 in
904 5013 1115 5070 codicis
1153 5007 1486 5081 apographo:
1530 5004 1800 5057 occasione
1832 5013 1941 5051 ηοπ
1975 4999 2098 5048 acta
2185 5004 2327 5059 quae
2355 5004 2413 5042 se
2452 4987 2636 5041 virum
2676 4986 2862 5041 dicere
2900 4985 3073 5040 solet?
3100 5015 3166 5023 —
3191 4983 3235 5046 ⁷)
3260 4977 3684 5036 Gemblacensis

598 5119 762 5165 tecum
795 5099 1212 5174 confabulanda
1260 5124 1323 5132 —
1350 5091 1393 5156 ³)
1434 5091 1519 5145 rs.
1565 5084 1795 5143 LXVll,
1837 5086 1887 5135 8:
1929 5076 2098 5134 XXX
2188 5082 2323 5173 tunc
2349 5075 2522 5128 abbas
2541 5078 2666 5169 erat
2703 5072 2943 5166 Ioannes
2970 5069 3039 5124 ab
3077 5084 3222 5122 anno
3253 5069 3389 5120 1159
3427 5063 3495 5118 ad
3527 5068 3684 5122 1188,

601 5194 731 5254 vu,
759 5198 805 5245 5·
837 5221 898 5229 ,,
927 5189 968 5250 Α)
1000 5188 1114 5251 {ogo
1137 5181 1445 5234 rnwiinisse.
1474 5207 1533 5214 -
1561 5177 1603 5232 ⁵)
1627 5172 1885 5244 persuum·
1912 5166 2002 5219 W.
2035 5196 2101 5204 ν·-
2190 5180 2281 5218 cul
2313 5167 2583 5215 successit
2615 5174 2731 5229 ipse
2756 5157 3068 5212 Guibertus
3089 5169 3270 5223 usque
3295 5150 3362 5205 ad
3389 5167 3437 5204 a.
3476 5153 3629 5203 1206.
