4036 6117
700 519 784 577 62

1287 1033 1862 1139 INCIPIT
1942 1031 2623 1141 SECUNDA
2697 1028 3072 1137 PARS

988 1359 1086 1415 DE
1123 1359 1304 1416 VIRO
1340 1357 1447 1415 AD
1482 1360 1956 1420 occmEN‘rmt
1993 1361 2088 1417 ΕΤ
2124 1361 2229 1417 AD
2265 1358 2893 1418 SEPTENTRIONEM
2932 1355 3379 1414 ASPICIENTE

2486 1980 2547 2040 >d
2597 1976 2981 2056 praedictus
3028 1982 3136 2041 vir
3176 1981 3257 2040 ad
3296 1981 3734 2041 Occidentem

2529 2084 2622 2145 ita
2656 2083 2832 2159 quod
2864 2089 2932 2143 et
2962 2083 3047 2143 ad
3079 2083 3505 2144 Occidentem
3537 2090 3614 2143 et
3645 2082 3730 2143 ad

2486 2203 2535 2245 n
2583 2185 2972 2262 aspiciebat.
3020 2185 3100 2245 Et
3145 2200 3301 2246 ecce
3340 2185 3408 2245 in
3440 2190 3730 2262 utroque

2486 2289 2768 2350 habebat
2801 2288 2976 2350 alam
3012 2305 3236 2364 unam,
3267 2303 3439 2364 quae
3472 2294 3540 2347 et
3575 2287 3730 2347 bra-

2486 2392 2638 2453 ebat
2662 2386 2734 2471 ¹),
2772 2398 2838 2451 et
2872 2392 3075 2451 etiam
3111 2392 3178 2451 in
3210 2390 3413 2451 dorso
3449 2407 3573 2450 suo
3611 2389 3735 2450 ha·-

2486 2513 2717 2571 unam,
2778 2512 2856 2556 ac
2912 2496 2979 2555 in
3032 2502 3303 2571 pectore
3360 2510 3483 2554 suo
3516 2494 3723 2553 alam

2486 2616 2692 2661 >mnes
2718 2601 2913 2677 quasi
2948 2600 3028 2660 ad
3062 2598 3422 2660 volandum
3454 2606 3725 2660 erectae

2486 2710 2675 2765 ,utem
2721 2720 2893 2782 quae
2943 2704 3009 2763 in
3054 2703 3256 2763 dorso
3306 2703 3520 2779 ipsius
3572 2701 3724 2774 fuit,

2486 2824 2503 2867 ε
2550 2806 2996 2868 extremitatis
3035 2822 3197 2866 suae
3229 2821 3310 2866 ex
3345 2805 3606 2881 integro
3643 2803 3727 2865 ad

2486 2927 2605 2986 am,
2656 2917 2723 2971 et
2769 2927 2900 2970 non
2947 2908 3030 2970 ad
3067 2909 3245 2969 alam
3275 2909 3622 2970 dexteram
3657 2924 3730 2968 se

639 3008 1036 3073 deuuuauau..
1088 3040 1211 3073 neu
1260 3040 1365 3074 aia
1415 3040 1587 3092 quae
1620 3040 1701 3076 au
1736 3040 1971 3092 pectus
2006 3040 2221 3092 1p31us
2254 3040 2422 3092 erat,
2460 3032 2526 3076 m
2557 3014 2945 3076 summitate
2978 3013 3425 3074 extremitatis
3459 3028 3626 3073 suae
3662 3012 3729 3072 in

635 3114 805 3177 duas
851 3124 1078 3193 partes
1126 3120 1542 3196 aliquantum
1588 3121 1805 3180 divisa
1855 3120 2002 3197 suit,
2057 3120 2149 3182 ita
2196 3120 2371 3196 quod
2420 3136 2580 3196 pars
2628 3121 2840 3180 altera
2888 3118 2970 3178 ad
3019 3119 3194 3178 alam
3229 3118 3602 3192 sinistram,
3655 3122 3725 3176 et

635 3236 795 3296 pars
829 3222 1040 3281 altera
1073 3222 1154 3282 ad
1188 3224 1364 3283 alam
1395 3224 1736 3285 dexteram
1769 3241 1843 3286 se
1877 3224 2297 3301 recurvabat.
2333 3224 2412 3284 Et
2447 3225 2512 3283 in
2548 3222 2764 3283 medio
2799 3221 3330 3298 uniuscujusque
3364 3220 3510 3280 alae
3551 3222 3728 3282 liber

639 3338 811 3383 unus
846 3327 1176 3401 apparuit.
1208 3327 1292 3386 Et
1324 3327 1495 3388 liber
1526 3330 1641 3404 qui
1677 3330 1743 3390 in
1775 3328 2056 3391 sinistra
2088 3328 2195 3390 ala
2227 3333 2395 3403 erat,
2432 3326 2600 3387 duas
2634 3326 2913 3403 paginas
2963 3325 3273 3399 habebat,
3311 3342 3598 3402 quarum
3635 3326 3730 3386 al-

637 3432 783 3486 tera
829 3428 1091 3506 viridis),
1128 3431 1339 3495 altera
1373 3432 1671 3507 argentei
1705 3433 1950 3494 coloris
2001 3430 2147 3494 fuit.
2183 3430 2263 3491 Et
2313 3431 2380 3491 in
2411 3431 2611 3490 viridi
2660 3431 2904 3507 pagina
2947 3430 3273 3506 scriptum
3308 3435 3473 3489 erat:
3516 3448 3547 3488 ε
3587 3430 3728 3491 Noe

639 3551 672 3590 »
710 3549 937 3593 arcam
985 3536 1283 3611 intravit,
1323 3539 1499 3597 sicut
1544 3538 1866 3599 Dominus
1918 3540 2050 3615 ipsi
2098 3537 2460 3614 praecepit.
2497 3537 2658 3608 Quis
2707 3542 2815 3596 est
2862 3536 2977 3612 qui
3020 3535 3197 3595 hunc
3243 3534 3603 3596 Dominum
3638 3535 3720 3597 ad
3748 3576 3777 3585 -

644 3654 677 3693 »
717 3637 913 3696 finem
956 3634 1007 3717 ²)
1071 3640 1440 3715 producere
1494 3643 1745 3718 possit?
1798 3642 1874 3703 In
1921 3659 2096 3718 aqua
2158 3643 2381 3718 coepit
2427 3640 2763 3701 hominem
2812 3639 3263 3713 reaedificare,
3317 3637 3434 3699 sed
3488 3645 3731 3715 postea

644 3762 677 3801 »
719 3742 876 3803 fecit
906 3736 1075 3803 'eum
1108 3745 1176 3804 in
1221 3762 1396 3822 aqua
1429 3748 1691 3809 renasci
1728 3767 1786 3808 ι.
1837 3749 1910 3809 In
1941 3755 2258 3825 argentea
2304 3763 2466 3807 vero
2509 3746 2750 3822 pagina
2799 3745 3128 3820 scriptum
3177 3744 3323 3804 fuit:
3379 3763 3411 3801 α
3448 3743 3626 3804 Deus
3663 3745 3730 3805 in

644 3866 677 3907 »
718 3846 979 3923 lapidea
1026 3848 1254 3909 tabula
1285 3850 1528 3925 Legem
1575 3852 1872 3928 scripsit,
1908 3854 2224 3928 quoniam
2257 3851 2339 3911 ad
2387 3850 2683 3910 divinam
2727 3850 3052 3909 rationem
3100 3849 3166 3908 in
3199 3848 3466 3908 homine
3514 3849 3736 3908 molli-

643 3970 677 4010 »
715 3952 843 4012 ties
892 3968 1021 4011 non
1053 3958 1216 4012 erat.
1266 3952 1510 4014 Postea
1545 3955 1612 4014 in
1660 3957 1941 4016 mollitie
1974 3957 2170 4033 quasi
2223 3957 2288 4014 in
2320 3970 2560 4015 carneo
2598 3954 2796 4014 corde
2845 3953 3140 4028 scripsit.
3180 3970 3213 4009 »
3239 3952 3323 4011 *In
3358 3953 3530 4012 libro
3564 3968 3732 4029 quo-

640 4074 770 4134 que
803 4056 1114 4116 dexterae
1156 4057 1301 4117 alae
1334 4059 1539 4118 etiam
1570 4058 1740 4120 duae
1773 4061 2055 4136 paginae
2103 4060 2393 4134 fuerunt,
2433 4060 2525 4119 ita
2557 4058 2734 4135 quod
2770 4074 2899 4118 una
2947 4056 3298 4133 saphirini,
3335 4062 3404 4116 et
3453 4074 3582 4117 una
3616 4074 3735 4117 au·

644 4162 742 4221 rei
776 4161 1023 4221 coloris
1059 4160 1204 4223 fuit.
1255 4162 1334 4222 Et
1378 4162 1438 4221 in
1489 4164 1732 4239 pagina
1779 4164 2108 4240 saphirini
2156 4163 2405 4223 coloris
2454 4163 2781 4239 scriptum
2829 4167 2993 4222 erat:
3053 4160 3329 4220 Verbum
3375 4163 3557 4221 misit
3607 4162 3739 4222 Do-

636 4267 862 4336 minus
908 4267 981 4324 in
1030 4265 1245 4336 Jacob,
1297 4273 1359 4325 et
1409 4268 1642 4327 cecidit
1690 4271 1764 4329 in
1812 4268 2024 4328 Israel
2070 4260 2143 4347 ⁸).
2194 4268 2266 4328 In
2314 4266 2556 4343 pagina
2605 4272 2828 4326 autem
2877 4245 3065 4326 aurei
3105 4265 3354 4325 coloris
3398 4265 3732 4341 scriptum

642 4366 789 4427 ruit:
832 4386 863 4425 ‹
900 4368 984 4428 In
1012 4372 1347 4447 principio
1380 4377 1521 4430 erat
1557 4371 1860 4443 Verbum,
1893 4378 1957 4432 et
1999 4371 2274 4431 Verbum
2306 4377 2447 4431 erat
2480 4372 2662 4448 apud
2695 4355 2928 4448 Deum.
2964 4369 3038 4429 In
3071 4368 3401 4445 principio
3439 4369 3730 4428 Verbum

647 4489 680 4529 πο
718 4470 835 4530 Dei
867 4473 1089 4532 omnia
1121 4474 1397 4550 creavit,
1435 4480 1502 4534 et
1534 4482 1770 4552 postea
1813 4477 1881 4536 in
1914 4475 2243 4537 facturam
2277 4492 2469 4535 suam
2514 4490 2587 4535 se
2630 4474 2981 4534 reclinavit
3017 4491 3076 4534 ».
3123 4472 3249 4532 Sed
3283 4473 3476 4548 liber,
3514 4473 3630 4549 qui
3665 4474 3735 4532 in

643 4575 752 4635 ala
783 4574 967 4666 dorsi
998 4575 1298 4652 ejusdem
1330 4577 1460 4637 viri
1496 4577 1641 4654 fuit,
1672 4595 2046 4640 marmoreo
2078 4585 2146 4641 et
2178 4580 2435 4655 integro
2469 4578 2671 4653 lapidi
2708 4576 2970 4638 candidi
3005 4576 3253 4636 coloris
3287 4577 3735 4652 assimilatur,

641 4684 712 4737 et
757 4679 1009 4754 digitus
1056 4679 1174 4773 Dei
1223 4681 1288 4741 in
1337 4681 1451 4741 illo
1500 4683 1593 4744 ita
1642 4684 2030 4759 scripserat:
2087 4702 2118 4741 ‹
2155 4682 2514 4759 Prophetia
2562 4697 2682 4758 per
2726 4681 3058 4742 visionem
3106 4696 3184 4741 ac
3217 4681 3618 4756 sapientiam
3653 4696 3735 4740 ac

650 4799 684 4840 ι»
724 4783 1075 4843 scientiam
1122 4784 1504 4847 hominibus
1553 4786 2016 4863 prophetabat.
2053 4786 2368 4847 Radicem
2417 4801 2682 4863 quoque
2716 4786 2925 4860 illam,
2955 4801 3087 4862 qua
3119 4789 3188 4845 et
3213 4784 3372 4846 limo
3405 4784 3583 4844 Deus
3617 4784 3742 4844 ho-

647 4901 683 4942 >
720 4884 963 4944 minem
1001 4902 1276 4962 surgere
1311 4889 1490 4964 fecit,
1528 4890 1816 4967 Spiritus
1848 4890 2149 4967 eJusdem
2197 4890 2313 4950 Dei
2345 4889 2744 4950 vivificando
2795 4889 3172 4966 inspiravit.
3208 4888 3388 4949 Haec
3423 4894 3581 4949 sunt
3614 4889 3736 4948 mi-

653 5005 686 5045 »
728 4989 954 5049 racula
1001 4988 1407 5068 Divinitatis‚
1446 5010 1618 5070 quae
1668 4994 2141 5069 praevidendO,
2195 4993 2572 5068 scribend0,
2609 4992 2941 5052 citharam
2972 4991 3429 5070 percutiendo,
3466 4998 3533 5052 et
3584 5010 3741 5056 cum

726 5174 767 5242 ¹)
794 5180 1035 5248 teyebant
1058 5179 1128 5243 A,
1156 5182 1247 5236 W.
1281 5215 1346 5223 —
1370 5186 1415 5250 2)
1442 5187 1518 5241 ad
1540 5187 1698 5257 finem
1724 5200 1828 5241 om.
1866 5185 1930 5241 Α.
1965 5212 2030 5227 --
2065 5182 2109 5251 ³)
2137 5183 2208 5240 Is.
2244 5182 2344 5245 tx.
2374 5188 2424 5238 8.
2456 5181 2600 5237 Tum
2630 5181 2709 5238 Io.
2748 5186 2796 5244 1,
2832 5187 2876 5236 1.
