4036 6117
1344 464 1583 514 menn
1638 465 1834 516 v1‘rAE
1893 467 2358 517 nemi-onum
3244 460 3324 519 31

286 575 682 646 incarnatus
730 580 848 645 Dei
897 575 1124 661 Filius,
1176 599 1326 646 cum
1376 587 1606 647 eodem
1653 581 1700 667 ¹)
1751 587 1819 648 in
1851 604 2075 664 carne,
2127 589 2294 649 etin
2339 587 2570 649 eodem
2608 589 2675 648 in
2707 588 2968 651 Deitate
3003 593 3407 657 mirabiliter

295 688 630 764 apparuit,
683 688 997 765 quoniam
1043 705 1250 750 unum
1298 695 1476 765 sunt;
1529 706 1608 750 ac
1640 691 1927 767 plurima
1960 691 2292 752 diabolica
2329 691 2503 751 sacta
2537 693 2873 768 contrivit,
2909 710 3060 755 cum
3098 696 3318 772 ipsum
3351 716 3396 760 a

295 791 604 852 fidelibus
654 792 799 852 suis
849 792 1122 868 fugavit.
1171 792 1253 853 Et
1299 810 1450 853 cum
1500 794 1692 867 redit,
1748 794 1848 855 leo
1896 811 2048 855 cum
2098 795 2212 855 illo
2255 801 2321 854 et
2356 796 2421 856 in
2454 796 2570 855 illo
2606 797 2800 870 redit,
2836 797 2994 874 quia
3029 801 3392 864 cumidem

299 895 635 954 occultum
685 895 801 955 Dei
851 897 1244 972 mysterium
1286 897 1601 973 judiciale
1650 899 2043 973 mysterium
2085 904 2442 974 promeret,
2477 900 2895 961 incarnatum
2928 901 3046 961 Dei
3082 903 3401 980 Verbum,

294 1015 449 1059 cum
497 998 614 1059 illo
661 999 912 1073 exiens,
962 1007 1030 1060 et
1077 1000 1145 1060 in
1193 1001 1307 1060 illo
1355 1016 1662 1074 manenS,
1712 1007 1780 1061 et
1812 1018 2018 1061 unum
2050 1019 2202 1063 cum
2239 1002 2350 1062 illo
2384 1003 2702 1077 existenS‚
2742 1005 2915 1063 mala
2942 1021 3147 1081 opera
3181 1006 3399 1069 homi-

295 1118 455 1162 num
504 1102 938 1178 dijudicabat,
989 1118 1141 1164 cum
1174 1110 1471 1164 veterem
1511 1104 1750 1180 Legem
1782 1105 1849 1164 in
1882 1122 2123 1166 novam
2161 1106 2526 1181 transtulit;
2563 1123 2642 1165 ac
2673 1122 2833 1182 prae
2867 1107 3109 1183 gaudio
3145 1101 3411 1172 multos

302 1206 567 1281 rugitus
593 1206 863 1278 emittit,
898 1205 1013 1266 ubi
1049 1206 1499 1284 triumphator
1530 1225 1649 1284 per
1682 1208 1976 1283 rugitum
2010 1209 2319 1269 veritatis
2353 1210 2758 1287 baptismum
2792 1210 2860 1271 in
2896 1215 3403 1286 regeneratione

298 1309 581 1384 spiritus
614 1316 682 1369 et
715 1325 928 1385 aquae
959 1309 1206 1371 docuit.

1759 1520 1939 1581 LVII.

937 1726 1196 1787 Fideles
1249 1728 1582 1788 Christum
1631 1729 1936 1789 coelestia
1982 1730 2325 1790 docentem
2373 1737 2761 1809 sequuntur.

386 1934 492 1997 70.
542 1934 728 2007 Quod
776 1941 1001 1996 autem
1049 1936 1226 2012 luna,
1258 1936 1338 2015 ‚in
1372 1952 1505 2013 qua
1538 1938 1971 2013 capricornus
2002 1945 2131 2014 est,
2168 1939 2378 1999 solem
2414 1940 2480 2000 in
2512 1940 2972 2016 praecedendo
3013 1950 3080 2003 et
3119 1945 3185 2004 in
3222 1958 3405 2008 rece-

294 2039 516 2100 dendo
564 2055 714 2098 cum
764 2038 994 2100 eodem
1029 2038 1420 2116 capricorno
1452 2041 1773 2116 paulatim
1810 2043 2138 2119 sequitur,
2176 2042 2302 2103 hoc
2333 2048 2437 2102 est
2470 2043 2646 2121 quod
2680 2045 3002 2122 Ecclesia,
3042 2052 3258 2108 morte
3292 2050 3406 2109 de·-

298 2144 506 2216 victa,
546 2142 940 2218 mysterium
971 2141 1114 2217 Dei,
1146 2144 1517 2219 procedens
1549 2144 1632 2204 ad
1668 2144 1998 2220 spiritalia
2032 2151 2098 2205 et
2125 2145 2387 2206 rediens
2422 2146 2506 2208 ad
2538 2149 2935 2223 saecularia,
2971 2165 3123 2210 cum
3161 2168 3404 2229 magna

299 2247 591 2308 victoria
640 2245 1098 2323 subsequitur,
1150 2246 1461 2323 quoniam
1511 2245 1751 2309 Filium
1797 2248 1914 2309 Dei
1964 2250 2286 2309 coelestia
2330 2251 2677 2312 docentem
2727 2258 2979 2313 etcum
3013 2253 3402 2317 hominibus

295 2356 814 2413 conversantem
863 2350 1092 2411 fideles
1140 2351 1451 2412 omnibus
1498 2352 1715 2413 modis
1760 2353 2106 2414 subsecuti
2140 2359 2316 2429 sunt,
2355 2370 2508 2415 cum
2539 2356 2740 2416 etiam
2775 2372 3021 2433 corpus
3054 2375 3174 2435 pro
3217 2359 3407 2419 Chri-

295 2461 406 2515 sto
440 2453 525 2515 ad
560 2453 771 2514 multa
805 2455 1133 2530 supplicia
1166 2454 1605 2515 tradiderunt.

1742 2664 1953 2729 LVIII.

835 2869 1083 2935 Fidelis
1137 2875 1468 2937 Christum
1516 2894 1791 2954 sequens
1841 2895 2042 2955 opera
2089 2878 2511 2940 tenebrarum
2559 2885 2860 2942 conterit.

397 3076 502 3141 71.
552 3080 736 3141 Unde
785 3081 956 3141 idem
992 3087 1234 3142 ventus
1269 3082 1497 3142 flatum
1531 3079 1582 3162 2)
1617 3083 1753 3159 dat,
1789 3090 1855 3143 et
1888 3084 2070 3146 dicit:
2113 3105 2143 3144 α
2180 3086 2417 3147 Mulier
2452 3086 2584 3148 seta
2617 3086 2859 3164 pariet,
2898 3107 2930 3146 »
2971 3095 3038 3149 et
3071 3093 3407 3167 capricor-

294 3202 429 3245 nus
464 3188 697 3245 contra
729 3183 1258 3261 Septentrionem
1289 3185 1631 3263 pugnabit,
1668 3187 1824 3264 quia
1852 3185 2119 3264 justitia
2153 3206 2272 3267 per
2303 3191 2598 3257 divinam
2632 3192 3137 3268 inspirationem
3173 3202 3403 3256 osten-

292 3291 427 3365 dit,
463 3290 639 3367 quod
671 3290 968 3351 Ecclesia
1001 3291 1174 3351 bona
1206 3297 1273 3351 et
1306 3297 1537 3351 sancta
1572 3308 1775 3367 opera
1808 3292 2086 3369 profert,
2122 3310 2275 3354 cum
2308 3295 2553 3371 quibus
2588 3313 2829 3372 magna
2855 3296 3140 3357 victoria
3164 3298 3403 3360 Diabo-

298 3396 371 3452 lo
420 3401 746 3471 repugnat
786 3384 865 3473 ⁸);
916 3395 1232 3470 quoniam
1280 3396 1566 3472 quisque
1615 3396 1830 3456 fidelis
1880 3395 2179 3474 seipsum
2226 3406 2680 3476 contemnenS,
2728 3406 2795 3461 et
2827 3401 3115 3476 vestigia
3150 3403 3402 3464 Christi

292 3499 752 3576 subsequenS‚
788 3514 989 3575 opera
1024 3499 1445 3562 tenebrarum
1483 3501 1788 3574 conterit,
1823 3507 1890 3561 et
1925 3517 1997 3560 se
2030 3502 2164 3563 Deo
2197 3502 2557 3578 conjungit.

1727 3708 1967 3768 Lv1111.

723 3918 1000 3977 Animae
1050 3936 1091 3977 a
1137 3922 1441 3995 serpente
1491 3916 1795 3976 seductae
1845 3917 2109 3995 culpam
2157 3935 2344 3978 suam
2393 3918 2572 3979 Adae
2620 3921 2993 3998 imponunt.

396 4121 504 4186 72.
557 4124 631 4184 In
678 4124 998 4200 praefatis
1031 4131 1254 4185 autem
1290 4125 1608 4199 tenebriS,
1646 4125 2151 4185 innumerabilis
2187 4127 2380 4185 turba
2415 4127 2823 4202 perditarum
2863 4128 3234 4188 animarum
3268 4135 3396 4206 est,

291 4239 478 4306 quac
526 4246 565 4287 a
614 4245 775 4288 sono
824 4229 1090 4289 illorum
1141 4230 1205 4289 in
1239 4231 1482 4289 Austro
1516 4230 1893 4288 canentium
1925 4229 2443 4302 declinaverant,
2481 4231 2795 4306 quoniam
2831 4234 3169 4293 consortia
3204 4228 3251 4312 ⁴)
3290 4251 3403 4294 eo·-

296 4345 457 4393 rum
504 4334 849 4408 nolebant,
899 4349 1183 4410 quorum
1231 4333 1362 4393 dux
1411 4333 1722 4393 seductor
1769 4334 2145 4409 appellatus
2193 4340 2331 4408 est,
2383 4335 2541 4411 quia
2581 4351 2782 4411 opera
2817 4335 2963 4411 ejus
2997 4330 3398 4421 [serpentis]

299 4443 487 4511 sunt,
539 4437 655 4513 qui
703 4455 741 4496 a
789 4437 1057 4498 Christo
1108 4452 1493 4513 percussuS,
1549 4438 1721 4497 ultra
1765 4438 2124 4513 quicquam
2159 4455 2288 4496 non
2321 4441 2521 4514 valet3
2558 4440 2870 4516 quoniam
2909 4441 2973 4499 in
3011 4440 3400 4501 infidelitate

302 4529 735 4602 infernalium
789 4555 1151 4618 poenarum
1208 4542 1536 4619 plurimae
1590 4541 1851 4602 animae
1901 4546 2094 4616 sunt,
2146 4557 2317 4617 quae
2364 4544 2570 4604 verba
2619 4560 3059 4620 supernorum
3109 4546 3396 4620 civium,

296 4645 465 4706 dum
517 4646 583 4705 in
617 4661 817 4705 carne
849 4653 1100 4723 essent,
1136 4647 1669 4722 contemnebant,
1703 4661 1826 4705 nec
1861 4647 2250 4707 societatem
2284 4648 2555 4709 illorum
2588 4649 2656 4709 in
2689 4649 2880 4708 bonis
2914 4655 2982 4709 et
3008 4649 3212 4725 justis
3247 4665 3402 4725 ope-

304 4751 499 4811 ribus
547 4749 1042 4828 desiderabant,
1094 4752 1210 4813 sed
1261 4768 1528 4829 semper
1573 4756 1643 4812 et
1687 4765 1954 4827 semper
1987 4749 2070 4811 ad
2103 4753 2352 4812 malum
2388 4752 2811 4829 anhelabant3
2848 4754 3019 4814 unde
3053 4754 3402 4830 antiquum

308 4860 695 4931 serpentem
732 4853 1055 4933 imitatae,
1092 4857 1208 4934 qui
1242 4875 1280 4916 a
1311 4857 1478 4918 Filio
1510 4855 1629 4917 Dei
1663 4853 1992 4916 contritus
2030 4855 2307 4933 interiit,
2345 4874 2498 4917 cum
2533 4859 2675 4935 ipso
2712 4859 2777 4918 in
2811 4858 3201 4919 infelicitate
3228 4875 3404 4918 mor-

381 5022 425 5085 ¹)
443 5041 566 5079 cum
582 5022 781 5089 eodem,
804 5028 938 5082 idest
956 5032 1226 5097 mysteria,
1244 5031 1301 5083 in
1321 5045 1482 5083 carne
1500 5026 1570 5090 A,
1592 5023 1813 5081 Transi·
1885 5027 2067 5080 sterio.
2099 5025 2293 5094 Pergit
2317 5026 2383 5080 A:
2416 5034 2464 5081 et
2491 5031 2549 5082 in
2581 5029 2756 5083 eodem
2782 5032 2843 5084 in
2878 5028 3103 5083 Deitate.
3134 5060 3200 5067 —
3227 5029 3272 5093 ²)
3297 5031 3400 5099 fla-

314 5109 397 5164 vit
422 5110 477 5164 in
505 5115 725 5166 textum
746 5112 1017 5182 quaedam
1041 5112 1312 5181 marginis
1333 5113 1512 5180 glossa
1535 5115 1597 5167 icl
1615 5119 1690 5167 est
1708 5129 1816 5182 my·
1891 5123 1978 5171 tus
2002 5115 2094 5171 W.
2128 5147 2193 5154 —
2220 5114 2263 5181 ³)
2291 5117 2574 5188 impugnat
2601 5114 2664 5170 Α.
2698 5144 2765 5154 -
2791 5115 2833 5180 ⁴)
2856 5119 3183 5172 consortium
3208 5113 3275 5171 Α.
