4036 6117
802 483 933 554 232
1964 506 2015 551 s.
2081 508 2625 555 utcozoxnots

729 623 848 687 'tua
895 622 1187 685 defectui
1223 638 1368 681 meo
1416 621 1775 695 diligenter
1811 623 2224 700 suffragatur
2270 625 2563 694 dilectio,
2603 625 2666 684 id
2716 624 3080 685 observare
3114 625 3342 702 debes,
3396 634 3470 688 ut
3503 627 3675 689 nihil
3724 625 3828 686 ad-

724 734 895 792 dens
927 732 1034 791 vel
1067 730 1451 800 detrahens,
1492 729 1635 788 sive
1670 735 1966 799 mutans,
2005 733 2262 790 tantum
2300 731 2411 790 ubi
2448 749 2491 816 a·
2520 732 2789 790 tramite
2838 730 2943 790 vel
2980 730 3232 805 regulis
3274 729 3500 805 justae
3536 730 3826 789 latinita-

725 837 818 896 tis
865 851 1216 897 excessum
1264 840 1391 906 est,
1444 835 1789 894 solertiam
1843 837 2343 896 reformationis
2378 837 2722 908 adhihea5‚
2778 840 2893 897 aut
2940 837 2999 896 si
3036 837 3378 909 malueriS,
3432 837 3606 913 quod
3647 843 3720 896 et
3764 838 3825 897 in

723 942 852 1003 hac
882 941 1172 1018 epistola
1220 942 1487 1013 praeter
1537 955 1789 997 morem
1839 940 2167 1008 concessi,
2221 944 2430 999 totam
2480 941 2763 999 visionis
2800 940 3072 1006 seriem,
3120 941 3479 1000 observata
3513 941 3824 1000 omnibus

720 1059 1042 1105 sensuum
1090 1042 1399 1114 veritate,
1436 1041 1802 1100 decentiori
1852 1045 2184 1102 sermonis
2219 1045 2403 1103 cultu
2445 1045 2698 1102 vestire
2745 1060 2875 1103 non
2920 1044 3244 1117 negligas,
3282 1043 3330 1116 ¹)
3381 1045 3701 1118 quoniam
3740 1043 3823 1102 si-

715 1156 835 1212 cut
866 1147 1150 1226 quilibet
1198 1146 1329 1205 cibi
1367 1153 1697 1220 quatenus
1732 1162 1810 1205 ex
1849 1162 1920 1204 se
1956 1148 2180 1215 utileS,
2218 1148 2347 1206 nisi
2385 1147 2651 1206 aliunde
2686 1147 2957 1218 conditi,
2990 1163 3119 1206 non
3152 1152 3577 1222 appetuntur,
3618 1148 3725 1205 sic
3755 1150 3821 1206 et

717 1252 1003 1331 quaevis
1039 1251 1330 1325 scripta,
1385 1248 1798 1307 salutaribus
1850 1250 2007 1308 licet
2059 1250 2305 1308 referta
2358 1250 2667 1316 monitiS,
2724 1250 2780 1306 si
2832 1265 2963 1308 non
3013 1249 3241 1323 aliquo
3288 1250 3541 1325 eloquii
3586 1249 3818 1308 colore

712 1357 1293 1428 commendantur,
1331 1354 1608 1413 auribus
1645 1354 1883 1412 urbani
1919 1356 2077 1430 styli
2111 1355 2517 1414 assuefactis
2555 1355 3007 1414 fastidiuntur.

2146 1576 2359 1636 XXVI.

800 1795 1034 1871 Itaque
1060 1791 1219 1868 quia
1253 1787 1460 1848 veluti
1487 1803 1565 1845 ex
1604 1789 1739 1860 tuo,
1779 1786 1948 1844 alios
1976 1785 2384 1860 conjectanS,
2423 1786 2685 1858 ingenio
2712 1785 2890 1844 soles
2922 1785 3167 1858 dicere,
3198 1785 3374 1862 quod
3402 1786 3499 1845 sic
3523 1791 3589 1845 et
3616 1785 3815 1846 deco-

711 1917 787 1959 ra
822 1899 1066 1970 visum,
1117 1900 1185 1953 et
1217 1891 1520 1952 auditum
1568 1905 1808 1950 sonora
1843 1889 2249 1959 demulcent,
2302 1888 2578 1948 infamia
2626 1893 2850 1947 autem
2884 1895 2951 1948 et
2984 1888 3259 1949 dissona
3306 1889 3675 1964 offendant,
3712 1890 3809 1949 sic

703 2005 916 2063 etiam
941 2001 1243 2061 ’honeste
1277 1995 1385 2054 vel
1434 1998 1891 2068 competenter
1923 1992 2103 2051 dicta
2154 1993 2514 2066 legentium
2552 1991 2865 2051 affectum
2915 1999 3282 2066 provocant
3314 1999 3381 2050 et
3429 1993 3712 2053 trahunt
3741 1999 3805 2051 et

701 2107 1124 2176 exhilarant,
1177 2100 1400 2175 inepta
1434 2113 1593 2155 vero
1642 2097 1904 2172 prolata
1939 2102 2223 2169 gravant
2271 2101 2338 2154 et
2372 2096 2721 2170 repellunt:
2774 2095 2880 2153 his
2913 2096 3179 2155 demum
3215 2098 3802 2173 prosecutionibus

706 2212 840 2272 tuis
890 2221 1238 2270 assensum
1273 2203 1640 2278 praebenS‚
1691 2207 2037 2276 gratanter
2071 2217 2324 2274 annu0,
2376 2206 2644 2275 praeter
2679 2202 2952 2260 solitum
3002 2208 3247 2277 tamen,
3299 2208 3371 2262 ut
3419 2218 3550 2261 non
3582 2202 3802 2261 solum

702 2316 1082 2395 praedicta,
1135 2309 1250 2369 sed
1286 2315 1353 2367 et
1401 2313 1689 2378 caetera,
1728 2320 1899 2380 quae
1938 2306 2043 2363 vel
2078 2304 2403 2363 hactenus
2438 2304 2519 2362 ad
2554 2311 2619 2362 te
2654 2306 2922 2380 scripsi,
2960 2321 3080 2364 seu
3112 2305 3427 2382 deinceps
3460 2307 3797 2381 scriptura

700 2437 874 2494 sum,
904 2418 1117 2489 salva,
1148 2414 1323 2474 sicut
1355 2409 1698 2487 praemisi,
1736 2414 2056 2483 quantum
2095 2408 2173 2466 ad
2213 2409 2506 2467 visiones
2542 2409 2851 2482 pertinet,
2882 2425 3197 2469 sensuum
3235 2426 3405 2484 quos
3451 2411 3795 2484 posuerim

701 2520 1110 2598 integritate,
1161 2517 1491 2592 quatenus
1527 2512 1806 2570 lecturis
1856 2510 2100 2585 quibus
2136 2511 2477 2586 praeferre
2510 2511 2830 2576 volueris,
2884 2512 3182 2586 gratiora
3215 2511 3396 2585 fiant,
3448 2527 3581 2586 qua
3618 2517 3798 2587 pote·

699 2627 798 2687 ris
833 2622 1164 2683 sermonis
1188 2616 1522 2692 elegantia
1551 2615 1979 2688 condecores,
2010 2616 2326 2690 quoniam
2355 2622 2427 2674 ut
2452 2614 2729 2689 asseria,
2758 2617 2825 2674 et
2857 2615 3337 2691 prophetarum
3362 2619 3429 2677 et
3462 2616 3797 2691 apostolo-

698 2745 848 2790 rum
884 2726 1160 2802 scripta,
1191 2724 1257 2782 in
1282 2722 1382 2781 eis
1410 2720 1652 2796 quibus
1687 2718 1865 2776 edita
1900 2725 2056 2777 sunt
2092 2718 2359 2791 linguis,
2392 2718 2516 2776 hoc
2544 2725 2649 2777 est
2685 2719 2973 2778 hebraea
3007 2721 3112 2778 vel
3146 2735 3408 2794 graeca,
3441 2720 3698 2779 inculto
3730 2725 3791 2777 et

693 2831 992 2910 simplici
1040 2829 1213 2904 stylo
1248 2825 1329 2884 ad
1380 2825 1675 2883 litteram
1709 2822 1993 2896 digesta,
2034 2823 2282 2881 idcirco
2321 2823 2717 2898 interpretes
2753 2823 3038 2882 studiosi
3075 2823 3305 2882 limato
3339 2826 3407 2883 et
3441 2824 3790 2899 splenden-

693 2939 747 3002 -ti
783 2936 1141 2998 verborum
1173 2935 1360 2991 textu
1395 2929 1461 2986 in
1494 2927 1770 2986 latinum
1809 2929 2388 3000 transposuerunt,
2421 2924 2471 3003 ⁴²)
2510 2929 2583 2986 ut
2615 2927 3063 3002 eloquentiam
3113 2927 3535 3002 diligentium
3581 2926 3784 2986 Deum

686 3055 809 3101 ore
843 3038 1060 3116 primo
1093 3051 1224 3095 non
1255 3037 1753 3107 exasperarent,
1790 3030 2107 3090 cordibus
2142 3030 2564 3105 postmodum
2599 3037 2665 3090 et
2694 3031 3236 3106 imprimerentur
3271 3030 3561 3105 faciliuS,
3596 3034 3667 3091 et
3698 3035 3785 3092 te-

692 3150 928 3210 nacius
979 3144 1424 3206 inhaererent.
1460 3140 1752 3209 Quorum
1803 3137 2060 3196 scilicel
2095 3137 2572 3213 interpretum,
2624 3141 2697 3197 ut
2733 3138 2965 3198 fateris
2988 3186 3004 3212 ,
3056 3138 3498 3214 Hieronymus
3532 3142 3639 3199 est
3671 3140 3782 3215 qui

683 3252 771 3312 ad
822 3245 1394 3324 interpretationis
1440 3242 1767 3318 optimum
1817 3256 1966 3299 esse
2015 3256 2225 3315 genus
2274 3240 2618 3317 perhibet,
2672 3247 2745 3301 ut
2791 3258 2924 3301 non
2971 3241 3250 3300 verbum
3300 3258 3338 3300 a
3372 3241 3609 3315 verbo,
3665 3240 3777 3299 sed

680 3372 927 3417 sensus
998 3351 1317 3413 reddatur
1379 3364 1459 3407 ex
1524 3363 1758 3418 sensu;
1826 3360 1947 3404 nec
2002 3361 2125 3419 ego
2189 3345 2254 3403 in
2314 3361 2613 3405 meorum
2668 3346 3129 3405 emendatione
3186 3347 3773 3421 qualiumcumque

682 3461 1130 3536 scriptorum,
1181 3455 1275 3513 ita
1322 3452 1475 3511 volo
1524 3454 1587 3511 te
1622 3465 1954 3522 coercere,
2008 3454 2082 3507 ut
2123 3464 2423 3524 passum,
2477 3450 2653 3508 sicut
2687 3449 2957 3522 dicitur,
2992 3465 3200 3525 passu
3236 3449 3605 3523 resculpaS,
3658 3448 3770 3508 sed

678 3573 908 3626 tamen
953 3566 1028 3622 ut
1061 3577 1099 3619 a
1143 3556 1454 3631 vestigiis
1487 3554 1749 3614 itineris
1800 3553 1929 3610 mei
1973 3569 2105 3612 non
2154 3554 2451 3612 recedas,
2486 3553 2565 3612 Et
2612 3552 2738 3612 hoc
2772 3561 3044 3629 propter
3090 3569 3334 3612 causas
3368 3569 3406 3611 a
3457 3559 3524 3611 te
3560 3552 3770 3626 prola·

678 3679 828 3743 tas,
878 3670 944 3726 et
976 3663 1143 3725 nihil
1191 3661 1537 3720 dumtaxat
1583 3649 1986 3742 [excipiens]
2038 3672 2231 3730 quae,
2270 3657 2447 3715 sicut
2493 3656 2653 3730 dixi,
2691 3657 3075 3732 specialiter
3123 3655 3205 3715 ad
3239 3662 3305 3716 te
3354 3656 3465 3717 vel
3493 3655 3632 3732 jam
3679 3656 3772 3714 di-

680 3773 847 3847 rexi,
883 3770 989 3830 vel
1030 3766 1198 3826 forte
1232 3769 1385 3840 post
1418 3762 1583 3820 haec
1622 3760 1781 3819 mihi
1815 3759 2161 3834 dirigenda
2196 3759 2617 3820 videbuntur.

2090 3965 2346 4029 XXVII.

763 4190 930 4251 Nam
979 4189 1045 4247 in
1077 4183 1365 4246 caeteris
1416 4182 1558 4240 sive
1592 4179 2044 4239 anterioribus
2095 4178 2367 4253 scriptis
2403 4178 2595 4251 meiS,
2651 4177 2824 4238 istud
2863 4192 2983 4237 nec
3035 4177 3276 4254 puellis
3319 4193 3490 4253 quae
3542 4194 3621 4238 ex
3655 4193 3760 4237 ore

672 4312 826 4357 meo
874 4292 1248 4367 excipiunt,
1298 4301 1419 4346 nec
1470 4286 1599 4361 ipsi
1635 4285 1824 4343 unice
1874 4282 2119 4342 dilecto
2167 4282 2316 4357 piae
2368 4282 2728 4341 memoriae
2779 4281 2914 4341 filio
2966 4297 3111 4342 meo
3162 4281 3499 4355 Vulmaro,
3550 4277 3601 4359 3)
3652 4281 3757 4355 qui

664 4406 826 4465 ante
859 4401 923 4458 te
955 4397 1025 4455 in
1059 4395 1163 4454 his
1198 4389 1614 4467 corrigendis
1651 4387 1924 4446 sedulus
1961 4385 2122 4444 mihi
2162 4385 2401 4458 astitit,
2442 4402 2732 4460 unquam
2768 4385 3102 4454 concessi,
3140 4385 3299 4460 quia
3339 4399 3460 4442 nec
3497 4385 3609 4442 ille
3643 4383 3757 4442 hoc

661 4502 912 4578 exegit,
948 4506 1015 4559 et
1049 4496 1479 4573 simplicitate
1513 4510 1644 4570 qua
1681 4491 2007 4566 inspirata
2041 4489 2147 4548 vel
2190 4494 2461 4549 ostensa
2498 4488 2662 4548 mihi
2693 4487 2998 4565 proferre
3048 4494 3347 4564 poteram
3385 4490 3752 4557 contentuS,

665 4624 803 4667 non
832 4603 1160 4682 poliendis
1196 4601 1552 4660 verborum
1587 4602 1850 4669 ornatu,
1889 4595 2001 4654 sed
2043 4600 2295 4653 tantum
2332 4594 2697 4653 secundum
2732 4594 2999 4669 regulas
3034 4593 3512 4669 grammaticae
3546 4608 3757 4652 emen-

741 4809 786 4872 ¹)
813 4804 982 4863 Haud
1021 4820 1154 4859 sane
1191 4799 1519 4870 lugendum.
1562 4797 1607 4853 si
1646 4796 1922 4853 Guiberto
1959 4811 2073 4852 non
2102 4794 2169 4850 li·
2256 4794 2464 4865 gardis.
2503 4796 2695 4865 regula
2733 4791 3177 4850 hermeneutica.
3208 4823 3276 4833 -·-
3311 4792 3358 4859 ⁸)
3391 4791 3643 4849 Tandem
3681 4800 3750 4848 te·

661 4897 792 4955 cuit
816 4899 1035 4953 caetera
1061 4886 1426 4958 Hildegardis
1464 4899 1628 4957 opera
1657 4882 1775 4938 suis
1802 4880 2165 4942 calamistris,
2257 4898 2457 4938 nemus
2494 4897 2699 4937 nomen
2744 4882 2927 4938 fidelis
2970 4881 3230 4938 monachi
3269 4880 3369 4951 qui
3420 4880 3743 4951 Hildegardi

661 4989 733 5055 ut
770 4982 829 5039 in
868 4981 976 5037 hoc
1019 4977 1237 5037 libello,
1283 4988 1568 5030 exornare
1619 4969 1725 5025 Sed
1764 4969 2039 5023 laudanda
2080 4972 2165 5023 est
2258 4967 2371 5023 fuit
2408 4983 2437 5021 a
2466 4966 2719 5028 secretis,
2758 4966 2828 5021 de
2852 4981 2966 5037 quo
2991 4964 3417 5022 accuratissime
3443 4965 3751 5036 expendere

656 5066 900 5125 candida
946 5064 1195 5136 ejusdem
1242 5057 1566 5115 declaratio.
1615 5088 1666 5096 -
1712 5058 1758 5118 2)
1798 5055 1933 5109 Plus
1972 5054 2163 5109 minus
2250 5053 2413 5123 juvat
2456 5056 2638 5106 totum
2666 5050 2769 5106 hac
2794 5049 2863 5105 de
2891 5066 2948 5105 re
2974 5049 3130 5118 gravi
3161 5048 3552 5103 testimonium
3577 5049 3747 5121 ipsius

657 5150 993 5209 Germanica
1023 5154 1108 5204 est
1147 5164 1208 5203 ea
1235 5143 1525 5205 Guiberti,
1554 5141 1741 5214 potius
1766 5154 1934 5209 quam
1962 5139 2159 5194 Hildc-
2251 5136 2633 5205 Hildegardis,
2663 5136 2939 5192 referente
2964 5150 3091 5192 cum
3122 5135 3276 5205 justa
3308 5134 3415 5190 fide
3451 5135 3739 5191 Guiberto.
