4036 6117
1275 507 1326 551 11
1390 508 1620 554 mnan
1677 504 1874 553 vira:
1935 494 2397 550 maniroauu
3224 473 3308 544 87

1795 732 1884 789 1⁴1.

1309 939 1635 999 let-emina
1686 941 1770 998 ced
1821 942 2120 998 eam-dem
2174 960 2329 998 rem.

372 1149 472 1209 60.
529 1151 706 1223 Quid
756 1158 873 1225 est,
929 1152 1159 1219 lsrael,
1211 1151 1382 1227 quod
1417 1153 1486 1209 in
1538 1157 1718 1208 terra
1767 1152 2191 1209 inimicorum
2228 1152 2332 1208 es?
2372 1150 2762 1207 [vivete-rasti
2805 1152 3093 1207 interra
3126 1151 3373 1225 aliena,

287 1256 738 1330 coinquinatus
774 1275 839 1312 es
874 1273 1022 1314 cum
1059 1255 1358 1323 mortuiS,
1397 1255 1753 1330 deputatus
1786 1274 1852 1311 es
1887 1270 2036 1312 cum
2069 1256 2168 1312 his
2203 1255 2316 1330 qui
2354 1257 2421 1311 in
2458 1255 2724 1328 inferno
2760 1263 2944 1324 sun&
2994 1254 3378 1330 dereliqui-

291 1362 366 1418 sti
394 1362 651 1436 fontem
689 1362 1076 1437 sapientiae.
1116 1359 1287 1418 Nam
1326 1361 1380 1417 si
1415 1361 1486 1417 in
1521 1362 1627 1416 via
1662 1359 1782 1418 Dei
1832 1357 2257 1430 ambulasseS,
2294 1357 2648 1418 habitasses
2698 1359 2924 1433 utique
2961 1360 3033 1416 in
3077 1377 3238 1434 pace
3279 1377 3387 1416 su·

283 1484 401 1540 per.
440 1471 697 1523 terram
728 1461 795 1541 ¹).
836 1464 1039 1540 Cujus
1091 1479 1330 1523 sensus
1382 1463 1534 1521 talis
1583 1468 1707 1522 est.
1749 1462 1924 1522 Unde
1978 1463 2099 1521 hoc
2136 1463 2407 1538 malum,
2445 1462 2620 1538 quod
2657 1468 2725 1521 tu
2762 1463 2876 1537 qui
2919 1464 3218 1521 ostensio
3258 1462 3384 1520 mi·-

290 1570 664 1629 raculorum
698 1569 814 1629 Dei
850 1587 946 1642 cs,
995 1576 1062 1629 et
1097 1571 1210 1645 qui
1246 1570 1506 1628 coelum
1542 1583 1690 1627 cum
1727 1569 2039 1654 omnibus
2077 1569 2519 1644 luminaribus
2549 1569 2691 1628 suis
2723 1569 2991 1642 diceris,
3029 1570 3137 1628 ubi
3180 1568 3387 1628 Deum

291 1674 507 1733 videre
544 1675 896 1748 debueras;
938 1674 1114 1749 quod
1148 1674 1214 1733 in
1265 1679 1454 1748 parte
1492 1673 1604 1732 illa
1638 1689 1769 1748 qua
1802 1688 1989 1732 mens
2026 1678 2139 1732 tua
2175 1678 2355 1732 terra
2388 1680 2513 1746 est,
2554 1673 2881 1732 habitatio
2930 1674 3224 1732 omnium
3266 1673 3390 1732 ini-

291 1763 610 1837 micorum
665 1785 932 1838 tuorum
980 1794 1132 1838 esse
1182 1778 1629 1852 conspiceris?
1677 1777 1840 1835 Nam
1891 1778 2067 1836 mala
2116 1777 2452 1836 desideria
2504 1779 2568 1836 in
2619 1793 2818 1836 carne
2868 1781 2984 1836 tua
3034 1778 3388 1853 pullulant,

292 1899 446 1957 quae
487 1884 753 1942 animae
792 1883 1059 1942 inimica
1094 1889 1268 1942 sunt.
1307 1884 1511 1942 Terra
1546 1882 1720 1940 enirn
1755 1890 1869 1940 tua
1906 1883 1971 1940 in
2006 1881 2220 1957 prima
2256 1881 2595 1942 viriditate
2624 1883 2853 1942 ludere
2892 1883 3151 1959 incipit,
3182 1890 3250 1943 et
3284 1900 3397 1959 po-

295 1994 428 2046 stea
469 1987 822 2046 lasciviam
860 1987 1002 2061 init,
1039 2002 1117 2046 ac
1150 1986 1386 2045 deinde
1438 1987 1502 2045 in
1535 1983 1935 2061 profundum
1981 1985 2184 2044 maris
2219 1985 2424 2060 vadit3
2477 2003 2648 2063 quae
2701 1986 3009 2062 squalida
3058 2004 3134 2046 ac
3166 1988 3395 2063 tepida

294 2100 350 2150 et
386 2093 786 2168 turpissima
819 2108 1021 2169 opera
1058 2097 1235 2166 sunt,
1273 2107 1425 2150 cum
1457 2091 1701 2166 quibus
1740 2091 2112 2150 inveterata
2154 2096 2260 2150 est
2293 2108 2483 2150 mens
2532 2097 2649 2150 tua
2685 2091 2750 2151 in
2799 2097 2982 2150 terra
3016 2093 3261 2161 aliena,
3301 2094 3396 2153 ita

297 2195 456 2269 quod
502 2195 903 2271 inpeccatis
938 2211 1034 2268 eS,
1087 2210 1259 2270 quae
1295 2193 1638 2253 sanctitati
1687 2193 2024 2253 contraria
2065 2200 2238 2253 sunt.
2277 2193 2483 2254 Deum
2534 2212 2798 2270 quoque
2832 2212 2965 2254 non
3014 2200 3392 2275 cognoscis,

300 2299 356 2358 in
387 2317 522 2374 qua
559 2300 960 2360 dormitione
1000 2299 1304 2359 foedatus
1339 2314 1410 2357 es
1444 2314 1595 2357 cum
1624 2299 1907 2357 mortuis
1942 2299 2280 2374 operibu3‚
2320 2315 2489 2374 quae
2526 2317 2641 2373 per
2679 2300 3214 2362 incredulitatem
3249 2302 3386 2363 Deo'

297 2413 356 2465 et
389 2406 714 2465 omnibus
764 2406 1017 2464 sanctis
1051 2404 1196 2480 ejus
1249 2403 1516 2463 foetent.
1553 2404 1974 2479 Quapropter
2005 2404 2207 2462 etiam
2254 2403 2615 2479 deputatus
2649 2421 2721 2463 es
2762 2405 2824 2464 in
2863 2406 3393 2469 interitum-cum

299 2510 421 2568 illis
454 2508 579 2584 qui
617 2509 683 2567 in
720 2507 1158 2567 infernalibus
1192 2507 1545 2566 tormentis
1581 2506 1905 2581 habitant,
1943 2508 2058 2582 qui
2092 2508 2269 2566 diem
2302 2507 2455 2567 fidei
2489 2525 2616 2567 non
2649 2508 2987 2582 videbant,
3026 2526 3147 2570 nec
3183 2513 3395 2572 solem

296 2610 798 2673 misericordiae
835 2611 1303 2687 inspiciebant,
1339 2617 1406 2670 et
1441 2611 1555 2686 qui
1590 2611 1815 2670 lunam
1848 2612 2231 2670 sanctitatis
2267 2627 2415 2670 curn
2453 2612 2763 2671 omnibus
2816 2613 3152 2673 sideribus
3186 2615 3398 2675 virtu-

298 2727 426 2779 tum
465 2718 913 2793 reliquerunt3
950 2716 1262 2792 quoniam
1301 2716 1514 2774 lucem
1552 2716 1770 2773 omnis
1821 2716 2080 2790 gratiae
2113 2715 2229 2773 Dei
2282 2715 2741 2791 repudiabant.
2777 2717 2855 2775 Et
2892 2718 2990 2776 sic
3039 2719 3398 2796 dereliqui-

295 2823 373 2880 sti
409 2821 670 2880 sontem
706 2821 1099 2896 sapientiae,
1138 2819 1403 2879 scilicet
1436 2819 1758 2878 infinitam
1797 2820 2002 2878 vitam
2041 2835 2212 2894 quae
2247 2819 2313 2877 in
2344 2818 2478 2878 Deo
2512 2823 2637 2893 est,
2677 2836 2875 2894 quam
2927 2823 3151 2882 nullus
3187 2824 3395 2884 homi-

299 2943 442 2986 num
481 2924 763 2985 sciendo
802 2925 903 2984 vel
937 2923 1398 2999 cognoscendo
1434 2925 1539 2983 vel
1576 2923 1857 2983 videndo
1892 2924 2248 2983 exhaurire
2282 2925 2550 2999 poterit.
2586 2924 2749 2984 Nam
2789 2925 2847 2983 si
2886 2926 2948 2985 in
2982 2928 3091 2986 via
3127 2944 3399 3003 praece-

299 3037 566 3106 ptorum
599 3028 715 3089 Dei
768 3028 1217 3104 ambulasseS,
1257 3029 1347 3089 ita
1398 3028 1573 3105 quod
1609 3028 1896 3103 vestigia
1948 3028 2196 3088 Christi
2237 3028 2534 3088 imitatus
2589 3028 2858 3105 suisseS‚
2898 3031 3238 3095 beatitudo
3277 3036 3400 3096 tibi

299 3139 576 3211 luceret,
613 3143 680 3195 et
716 3136 926 3196 honor
957 3135 1218 3195 Domini
1251 3135 1539 3195 Sabaoth
1576 3135 1656 3192 ad
1695 3136 1899 3193 vitam
1938 3141 2001 3193 te
2036 3134 2330 3206 duceret,
2368 3141 2434 3193 et
2467 3136 2565 3194 sic
2600 3134 2943 3195 habitares
2982 3140 3044 3197 in
3096 3136 3400 3217 compre-³

302 3242 625 3302 hensione
662 3242 977 3316 pacificae
1010 3240 1337 3313 caritatis;
1394 3240 1483 3298 ita
1518 3239 1692 3314 quod
1743 3239 1916 3296 Deus
1954 3239 2018 3297 in
2068 3246 2248 3297 terra
2288 3255 2510 3298 coram
2563 3239 2944 3299 hominibus
2978 3243 3043 3300 et
3097 3243 3159 3302 in
3209 3250 3399 3306 coelo

301 3365 526 3408 voram
563 3348 821 3422 angelis
853 3346 999 3421 ejus
1035 3353 1097 3405 te
1145 3344 1630 3416 manifestaret,
1666 3350 1733 3403 et
1765 3350 1828 3403 te
1879 3345 2096 3403 lucem
2136 3345 2463 3404 claritatis
2514 3346 2579 3404 in
2616 3362 2881 3406 rumore
2932 3351 3400 3413 sanctissimo-

305 3469 442 3511 rum
480 3466 764 3525 operum
797 3450 1203 3525 ostenderet,
1239 3457 1305 3509 et
1341 3455 1403 3508 te
1454 3450 1634 3508 velut
1671 3447 1927 3507 dulcem
1982 3463 2221 3507 sonum
2255 3448 2553 3508 citharae
2603 3449 3020 3524 produceret.
3061 3452 3185 3513 Sed
3238 3459 3398 3533 quia

305 3556 461 3615 haec
500 3554 733 3614 omnia
765 3554 1141 3628 neglexisti,
1182 3554 1245 3612 in
1283 3570 1441 3612 casu
1476 3568 1868 3628 magnarum
1907 3553 2251 3611 ruinarum
2285 3567 2377 3611 es.
2417 3552 2512 3611 Tu
2555 3556 2801 3628 autem,
2840 3571 2879 3614 o
2913 3555 3145 3631 Israel,
3185 3562 3299 3635 qui
3338 3563 3403 3621 in

302 3662 561 3719 sanctis
599 3659 917 3735 operibus
950 3658 1156 3718 Deum
1185 3658 1413 3719 videre
1449 3659 1817 3732 desideras),
1854 3658 2153 3733 perditos
2189 3658 2361 3718 filios
2396 3658 2615 3732 Iacob,
2654 3660 2766 3735 qui
2803 3658 3153 3722 Diabolum
3200 3660 3407 3743 negli-²

305 3779 456 3835 gere
509 3762 911 3835 debuerunt,
948 3760 1124 3837 quod
1171 3778 1305 3821 non
1339 3760 1661 3835 fecerunt,
1714 3777 1795 3821 ne
1831 3761 2142 3836 imiteris3
2181 3761 2299 3821 sed
2348 3777 2552 3838 opera
2587 3762 2700 3821 illa
2741 3764 2985 3838 perfice
3019 3782 3191 3842 quae
3226 3769 3406 3829 Deus

305 3869 481 3927 Adae
524 3868 589 3926 in
625 3866 937 3942 paradiso
972 3865 1346 3942 proposuit,
1383 3881 1555 3941 quae
1586 3866 1790 3925 etiam
1840 3867 2074 3942 postea
2120 3865 2189 3925 in
2221 3866 2386 3926 Abel
2433 3865 2799 3942 decoravit,
2835 3870 2902 3928 et
2950 3885 3121 3946 quae
3173 3873 3238 3931 in
3272 3875 3402 3933 cir-¹

306 3971 725 4030 cumcisione
758 3968 1065 4029 Abrahae
1102 3968 1170 4027 in
1200 3969 1583 4028 ostensione
1614 3984 1815 4027 verae
1848 3968 2198 4028 Trinitatis
2242 3968 2721 4044 manifestavit,
2759 3976 2826 4029 et
2858 3986 3029 4047 quae
3081 3974 3145 4031 in
3180 3975 3409 4049 Moyse·

313 4078 373 4135 in
410 4074 790 4137 rubicunda
823 4074 1091 4133 flamma
1124 4071 1437 4146 ostendit,
1474 4078 1541 4132 et
1575 4087 1746 4147 quae
1778 4072 2015 4133 deinde
2054 4072 2119 4131 in
2153 4072 2311 4132 filiis
2344 4073 2552 4132 Israel
2588 4074 2917 4133 scelerata
2950 4091 3154 4151 opera
3189 4078 3414 4137 contess

313 4197 465 4239 rens
501 4179 790 4255 aperuit.
822 4178 898 4237 Et
933 4179 1184 4237 scalam
1218 4177 1556 4236 virtutum·
1579 4193 1751 4251 quae
1777 4177 1973 4236 Iacob
2001 4183 2272 4236 ostensa
2307 4184 2434 4252 cst,
2466 4178 2769 4252 ascende,
2802 4179 3140 4241 Christum
3169 4178 3411 4246 Filiurn‘

311 4285 421 4343 Dei
459 4285 851 4361 praeclaras
887 4284 1172 4342 virtutes
1223 4281 1612 4340 afferentem
1648 4281 1940 4356 innitanS,
1993 4282 2105 4357 qui
2151 4282 2460 4341 omnibus
2494 4298 2564 4342 se
2613 4286 3095 4359 quaerentibus
3146 4290 3408 4352 miseri-

311 4390 619 4448 cordiam
668 4384 1013 4460 impendit3
1050 4383 1607 4460 quemadmodum
1655 4384 1859 4443 etiam
1903 4384 1970 4442 in
2005 4384 2368 4460 semetipso
2417 4385 2809 4461 declaravit,
2862 4404 3012 4447 cum
3052 4390 3116 4449 in
3167 4395 3412 4453 mundo

315 4489 465 4565 suit,
507 4497 582 4549 ut
615 4489 746 4548 sibi
779 4475 1051 4563 placuit.
1087 4488 1251 4548 Nam
1289 4486 1431 4563 ipse
1469 4494 1537 4546 ut
1587 4487 1929 4545 unicornis
1965 4486 2027 4545 in
2080 4487 2229 4547 sinu
2266 4488 2556 4561 Virginis
2589 4487 2639 4567 ²)
2679 4466 3029 4566 requierit,
3082 4498 3148 4554 et
3182 4504 3411 4571 postea

315 4597 504 4654 velut
552 4593 990 4667 capricornus
1040 4597 1329 4650 montem
1368 4591 1691 4649 virtutum
1726 4595 1793 4649 et
1825 4590 2304 4651 miraculorum
2347 4593 2668 4667 ascendit,
2705 4610 2825 4669 per
2860 4612 3030 4671 quae
3064 4597 3415 4660 Diabolum

316 4699 591 4758 omnino
627 4697 996 4772 superavit,
1033 4698 1099 4755 et
1133 4701 1535 4769 potestatem
1571 4695 1717 4770 ejus
1750 4696 2162 4755 comminuit.

393 4932 436 4993 ¹)
470 4930 690 4985 naruch
721 4929 828 4992 111.
866 4936 945 5009 ¹.¹·
978 4960 1043 4969 —
1070 4931 1115 4993 2)
1143 4928 1223 4984 Cf.
1258 4944 1421 4999 supra
1450 4928 1550 4982 lib.
1583 4928 1610 4982 1
1639 4943 1692 4982 n.
1727 4934 1758 4980 7
1785 4944 1837 4999 p.
1871 4932 2042 5001 9not.
2077 4934 2106 4983 3
2134 4933 2198 4985 de
2221 4936 2579 5002 capricornio.
