4036 6117
627 479 760 539 328

1762 784 1865 889 N
1894 783 1997 893 O
2023 786 2133 895 V
2161 787 2268 891 A
2293 786 2395 892 E

595 1048 597 1051 ¹
648 1045 1705 1175 HILDEGARDIS
1772 1052 2074 1177 VEL
2153 1041 2366 1172 ΑΙ)
2433 999 3569 1174 HILDEGARDEM

1474 1361 2724 1544 EPISTOLAE

1452 2179 1773 2241 wibertus
1822 2183 2178 2240 monachus
2230 2180 2636 2257 Hildeqamii.
2677 2178 2744 2257 1)

567 2408 779 2466 Effusis
808 2408 867 2464 in
894 2407 1166 2463 honorem
1196 2401 1565 2477 Hildegardis
1592 2402 1879 2467 laudibus.
1907 2403 2204 2460 wibertus
2229 2401 2387 2458 addit
2413 2402 2629 2458 monita
2655 2402 2724 2457 de
2764 2402 3074 2458 necessaria
3113 2402 3462 2460 humilitatis
3503 2408 3645 2458 tute-

640 2498 715 2558 la;
743 2495 929 2551 doceri
957 2498 1116 2567 optat
1139 2491 1421 2565 quomodo
1446 2508 1504 2548 se
1531 2491 1591 2547 in
1620 2490 1942 2548 visionibus
1968 2492 2175 2547 babeat
2202 2490 2587 2560 Hildegardis;
2617 2496 2738 2546 tum
2768 2508 2868 2564 pro
2897 2508 2954 2548 se
2980 2509 3172 2564 preces
3199 2495 3473 2566 postulat.
3499 2509 3644 2551 com-

641 2582 981 2654 mendatque
1005 2596 1134 2638 suas
1158 2579 1467 2637 xxxvm
1493 2580 1875 2651 quaestiones.
1903 2583 1969 2634 ut
1997 2578 2117 2636 cito
2141 2579 2456 2642 solvantur,
2486 2593 2550 2636 ac
2578 2579 2806 2636 nomine
2832 2579 3324 2638 Gemblacensium
3355 2582 3638 2640 valedicit.

2154 2888 2186 2930 s
2235 2875 2302 2930 et
2366 2869 2588 2930 meriti
2636 2875 2704 2930 et
2768 2871 3057 2931 nominis
3124 2887 3274 2931 eum
3343 2885 3648 2931 reveren-

2150 2974 2539 3034 ominandae
2590 2973 2839 3035 Christi
2889 2973 3199 3050 famulae,
3238 2973 3645 3049 Hildegardi,

2150 3081 2363 3153 ertuS,
2402 3079 2985 3139 Gemblacensium
3024 3077 3307 3139 fratrum
3344 3078 3644 3147 ultimuS,

2155 3181 2445 3258 irginum
2491 3197 2641 3241 cum
2678 3184 2840 3258 ipsis
2876 3184 2939 3241 in
2990 3186 3261 3243 aeterna
3293 3180 3649 3243 beatitudi-

2150 3302 2174 3344 s
2209 3302 2524 3346 coronam
2559 3286 2834 3360 gloriae.

2150 3395 2207 3451 ta
2267 3397 2334 3451 et
2390 3392 2699 3451 omnibus
2747 3409 2913 3469 pene
2973 3394 3267 3453 saeculis
3324 3394 3647 3454 hactenus

2150 3496 2389 3572 piritus
2437 3497 2659 3557 Sancti
2711 3513 2982 3558 munera
3017 3498 3164 3572 tibi,
3215 3516 3255 3558 o
3293 3505 3508 3559 mater
3539 3513 3649 3558 ve-

2150 3608 2560 3679 praerogata,
2597 3620 2748 3674 n08‚
2786 3604 2867 3664 ad
2902 3621 3363 3682 quoscumque
3398 3605 3648 3681 scripta

2150 3708 2239 3781 it,
2301 3707 2836 3785 considerante3‚
2894 3711 3156 3770 auctori
3218 3710 3518 3771 muneris
3571 3726 3650 3769 ex

2193 3812 2450 3887 gratias
2484 3814 2767 3889 agimus:
2818 3831 2897 3875 eo
2932 3816 3108 3891 quod
3143 3818 3271 3877 etsi
3310 3817 3448 3892 illa,
3499 3833 3651 3894 pec-

2150 3918 2339 3992 'ipere
2388 3936 2518 3979 non
2554 3937 2952 3997 mereamur,
3003 3938 3124 3997 per
3157 3929 3223 3982 te
3257 3926 3505 3998 tamen,
3545 3941 3652 3984 cui

568 4038 744 4096 sicut
787 4033 933 4094 vasi
971 4031 1214 4092 mundo
1266 4028 1486 4089 infusa
1521 4033 1697 4101 sunt,
1749 4025 1906 4086 dum
1956 4023 2063 4083 his
2098 4023 2429 4093 redundas
2478 4032 2545 4086 et
2577 4027 2890 4104 distillas,
2944 4030 3330 4106 frequenter
3377 4032 3651 4093 bauria-

570 4155 740 4200 mus.
765 4134 817 4217 ²)
852 4138 1019 4199 Vere
1052 4137 1229 4197 enim
1263 4135 1471 4196 ubera
1504 4139 1618 4193 tua
1651 4130 1930 4190 meliora
1977 4127 2173 4187 nobis
2222 4130 2400 4203 vino,
2455 4130 2822 4207 fragrantia
2873 4136 3228 4210 unguentis
3262 4129 3310 4215 ⁸)
3349 4139 3651 4214 optimiS‚

568 4246 727 4305 dum
762 4244 845 4304 de
891 4241 1527 4317 contemplationum
1577 4235 1897 4308 cellariis,
1952 4232 2018 4291 in
2062 4248 2233 4308 quae
2269 4249 2382 4293 rex
2431 4240 2743 4299 aeternus
2793 4246 2882 4312 te,
2937 4247 3008 4301 ut
3057 4257 3399 4316 sponsam.
3453 4260 3651 4321 saepe

645 4460 689 4525 ¹)
714 4458 907 4531 Neque
943 4458 1235 4521 ultimum,
1275 4471 1457 4527 neque
1481 4452 1834 4511 levissimum
1872 4450 2071 4507 Hilde-

571 4545 758 4617 gardis
793 4561 936 4617 opus
960 4550 1046 4601 est
1071 4544 1439 4618 epistolarum
1467 4540 1891 4603 commercium.
1918 4538 2068 4611 quod

571 4648 701 4691 eum
729 4631 1013 4704 plerisque
1038 4628 1161 4687 aevi
1188 4628 1277 4687 sui
1305 4629 1444 4685 viris
1463 4626 1965 4700 praestantissimis
1988 4626 2072 4682 in'-

577 4719 857 4782 tercessit.
885 4717 954 4773 de
977 4733 1089 4788 quo
1115 4716 1257 4790 ipsa.
1288 4720 1351 4770 ut
1376 4713 1444 4770 de
1469 4729 1688 4770 summo
1716 4717 1965 4784 negotio.
1996 4718 2070 4768 te·

577 4806 913 4864 stimonium
942 4803 1079 4862 l'acit
1105 4805 1175 4860 ab
1200 4803 1373 4860 initio
1400 4801 1534 4858 libri
1563 4802 1719 4860 Vitae
1740 4808 2073 4865 mer-itonam.

574 4892 813 4951 caeteris
848 4890 1115 4964 operibus
1151 4891 1358 4946 addens
1393 4906 1647 4962 responsa
1682 4896 1733 4945 et
1755 4891 2076 4946 admonitio-

572 4998 666 5037 nes
690 4987 800 5036 tam
821 4983 1090 5036 minorum
1112 4996 1277 5052 quam
1293 4982 1561 5051 maJ‘orum
1571 4976 1942 5049 plurimarum
1953 4994 2078 5049 per-

570 5082 845 5121 sonarum.
895 5063 1075 5121 Novas
1114 5069 1335 5120 tantum
1376 5065 1488 5121 buc
1532 5063 1799 5136 epistolas
1842 5064 2079 5120 adduxi-

576 5165 723 5213 mus,
752 5150 820 5207 de
846 5150 1055 5223 quibus
1084 5150 1140 5206 in
1169 5151 1454 5223 prooemio
1493 5151 1666 5222 hujus
1707 5151 1843 5207 tomi
1883 5168 2083 5224 oppor-

2163 4458 2362 4509 tunum
2402 4455 2514 4512 erit
2539 4461 2596 4513 et
2621 4457 2975 4514 commodum
2999 4458 3300 4517 historicas
3325 4466 3382 4518 et
3417 4463 3647 4519 chrono-

2161 4540 2370 4611 logicas
2429 4542 2793 4614 praemittere
2838 4545 3094 4603 notitias.
3156 4547 3379 4604 Priores
3425 4548 3651 4604 litterae

2160 4627 2426 4684 oriuntur
2477 4646 2546 4684 ex
2597 4630 2807 4687 maiore
2856 4633 2976 4689 cod.
3030 4631 3397 4691 Visbadensi:
3467 4634 3647 4705 prima

2162 4714 2401 4786 epistola
2437 4713 2772 4772 inscribitur
2794 4715 2853 4772 in
2879 4719 3134 4789 catalogo
3166 4719 3324 4777 codd.
3355 4720 3459 4775 sub
3488 4733 3638 4774 num.

2161 4806 2284 4858 239.

2231 4890 2276 4954 2)
2305 4886 2428 4943 Erit
2464 4886 2563 4958 qui
2594 4888 2757 4943 malit
2797 4891 3102 4947 haurimus.
3135 4893 3210 4946 At
3229 4889 3649 4950 Gemblacensis

2165 4976 2324 5044 belga
2352 4973 2608 5046 prolixus
2636 4990 2748 5029 non
2774 4989 2992 5045 semper
3021 4976 3077 5031 in
3106 4976 3384 5033 contortis
3406 4975 3654 5048 periodis

2166 5061 2367 5119 seriem
2408 5062 2624 5132 justam
2668 5067 2839 5117 tenet.
2874 5093 2939 5101 —
2967 5061 3011 5128 ³)
3055 5064 3374 5135 [ναρὶαπεία
3413 5081 3657 5137 unquen-

2170 5153 2259 5205 tis:
2292 5147 2410 5205 cod.
2454 5145 2534 5205 Cf.
2579 5146 2737 5203 Cant.
2765 5148 2809 5203 1.
2847 5153 2895 5209 ί,
2924 5151 2977 5210 2,
3002 5154 3056 5203 et
3081 5165 3194 5219 seq.
