<?xml version="1.0" encoding="UTF-8"?>
<!DOCTYPE html PUBLIC "-//W3C//DTD XHTML 1.0 Transitional//EN"
    "http://www.w3.org/TR/xhtml1/DTD/xhtml1-transitional.dtd">
<html xmlns="http://www.w3.org/1999/xhtml" xml:lang="en" lang="en">
 <head>
  <title>
</title>
<meta http-equiv="Content-Type" content="text/html;charset=utf-8" />
  <meta name='ocr-system' content='tesseract 3.04.00' />
  <meta name='ocr-capabilities' content='ocr_page ocr_carea ocr_par ocr_line ocrx_word'/>
</head>
<body>
  <div class='ocr_page' id='page_1' title='image "analectasacrasp05pitrgoog_0468.png"; bbox 0 0 4036 6117; ppageno 0'>
   <div class='ocr_carea' id='block_1_1' title="bbox 807 445 2618 512">
    <p class='ocr_par' dir='ltr' id='par_1_1' title="bbox 807 445 2618 512">
     <span class='ocr_line' id='line_1_1' title="bbox 807 445 2618 512; baseline -0.002 -1"><span class='ocrx_word' id='word_1_1' title='bbox 807 445 936 512; x_wconf 76' lang='lat'>4-10</span> <span class='ocrx_word' id='word_1_2' title='bbox 1957 463 2009 510; x_wconf 86' lang='lat' dir='ltr'><strong>s.</strong></span> <span class='ocrx_word' id='word_1_3' title='bbox 2064 463 2618 510; x_wconf 63' lang='lat' dir='ltr'><strong>nitnssGAnois</strong></span> 
     </span>
    </p>
   </div>
   <div class='ocr_carea' id='block_1_2' title="bbox 713 580 3797 4736">
    <p class='ocr_par' dir='ltr' id='par_1_2' title="bbox 729 580 3794 1185">
     <span class='ocr_line' id='line_1_2' title="bbox 739 580 3791 661; baseline -0.002 -15"><span class='ocrx_word' id='word_1_4' title='bbox 739 591 1142 660; x_wconf 81' lang='lat' dir='ltr'>moneretur,</span> <span class='ocrx_word' id='word_1_5' title='bbox 1202 602 1352 646; x_wconf 90' lang='lat' dir='ltr'><strong>cum</strong></span> <span class='ocrx_word' id='word_1_6' title='bbox 1409 585 1745 661; x_wconf 70' lang='lat' dir='ltr'><strong>spirituali</strong></span> <span class='ocrx_word' id='word_1_7' title='bbox 1819 584 1956 644; x_wconf 85' lang='lat' dir='ltr'><strong>filia</strong></span> <span class='ocrx_word' id='word_1_8' title='bbox 2007 583 2418 659; x_wconf 87' lang='lat' dir='ltr'><strong>Hildegardi,</strong></span> <span class='ocrx_word' id='word_1_9' title='bbox 2479 588 2790 642; x_wconf 88' lang='lat' dir='ltr'><strong>octavum</strong></span> <span class='ocrx_word' id='word_1_10' title='bbox 2849 580 3089 640; x_wconf 84' lang='lat' dir='ltr'><strong>aetatis</strong></span> <span class='ocrx_word' id='word_1_11' title='bbox 3145 597 3391 641; x_wconf 87' lang='lat' dir='ltr'><strong>annum</strong></span> <span class='ocrx_word' id='word_1_12' title='bbox 3447 581 3696 658; x_wconf 80' lang='lat' dir='ltr'><strong>agente,</strong></span> <span class='ocrx_word' id='word_1_13' title='bbox 3740 581 3791 641; x_wconf 83' lang='lat' dir='ltr'><strong>et</strong></span> 
     </span>
     <span class='ocr_line' id='line_1_3' title="bbox 733 684 3788 767; baseline -0.001 -17"><span class='ocrx_word' id='word_1_14' title='bbox 733 707 882 751; x_wconf 88' lang='lat' dir='ltr'><strong>cum</strong></span> <span class='ocrx_word' id='word_1_15' title='bbox 934 693 1069 752; x_wconf 86' lang='lat' dir='ltr'><strong>alia</strong></span> <span class='ocrx_word' id='word_1_16' title='bbox 1117 691 1369 753; x_wconf 81' lang='lat' dir='ltr'><strong>Christi</strong></span> <span class='ocrx_word' id='word_1_17' title='bbox 1430 691 1680 751; x_wconf 81' lang='lat' dir='ltr'><strong>famula</strong></span> <span class='ocrx_word' id='word_1_18' title='bbox 1729 690 1862 750; x_wconf 90' lang='lat' dir='ltr'><strong>sibi</strong></span> <span class='ocrx_word' id='word_1_19' title='bbox 1911 691 2282 766; x_wconf 90' lang='lat' dir='ltr'><strong>aequivoca</strong></span> <span class='ocrx_word' id='word_1_20' title='bbox 2327 684 2373 767; x_wconf 88' lang='lat'><strong>¹)</strong></span> <span class='ocrx_word' id='word_1_21' title='bbox 2428 687 2767 747; x_wconf 83' lang='lat' dir='ltr'><strong>inferioris</strong></span> <span class='ocrx_word' id='word_1_22' title='bbox 2815 688 3105 763; x_wconf 90' lang='lat' dir='ltr'><strong>generis,</strong></span> <span class='ocrx_word' id='word_1_23' title='bbox 3157 690 3354 763; x_wconf 81' lang='lat' dir='ltr'>nepte</span> <span class='ocrx_word' id='word_1_24' title='bbox 3404 693 3628 747; x_wconf 89' lang='lat' dir='ltr'><strong>tamen</strong></span> <span class='ocrx_word' id='word_1_25' title='bbox 3670 705 3788 762; x_wconf 83' lang='lat' dir='ltr'><strong>sua,</strong></span> 
     </span>
     <span class='ocr_line' id='line_1_4' title="bbox 735 792 3794 870; baseline -0.001 -16"><span class='ocrx_word' id='word_1_26' title='bbox 735 811 907 870; x_wconf 87' lang='lat' dir='ltr'><strong>quae</strong></span> <span class='ocrx_word' id='word_1_27' title='bbox 949 796 1050 855; x_wconf 90' lang='lat' dir='ltr'><strong>eis</strong></span> <span class='ocrx_word' id='word_1_28' title='bbox 1103 796 1541 869; x_wconf 82' lang='lat' dir='ltr'><strong>ministraret,</strong></span> <span class='ocrx_word' id='word_1_29' title='bbox 1592 811 1633 854; x_wconf 87' lang='lat' dir='ltr'><strong>a</strong></span> <span class='ocrx_word' id='word_1_30' title='bbox 1666 795 1796 855; x_wconf 89' lang='lat' dir='ltr'><strong>loci</strong></span> <span class='ocrx_word' id='word_1_31' title='bbox 1842 794 2088 854; x_wconf 80' lang='lat' dir='ltr'><strong>abbate</strong></span> <span class='ocrx_word' id='word_1_32' title='bbox 2135 799 2204 853; x_wconf 90' lang='lat' dir='ltr'><strong>et</strong></span> <span class='ocrx_word' id='word_1_33' title='bbox 2254 792 2578 852; x_wconf 86' lang='lat' dir='ltr'><strong>fratribus</strong></span> <span class='ocrx_word' id='word_1_34' title='bbox 2630 798 2702 851; x_wconf 90' lang='lat' dir='ltr'><strong>ut</strong></span> <span class='ocrx_word' id='word_1_35' title='bbox 2750 808 2908 851; x_wconf 89' lang='lat' dir='ltr'><strong>vere</strong></span> <span class='ocrx_word' id='word_1_36' title='bbox 2957 792 3227 852; x_wconf 88' lang='lat' dir='ltr'><strong>saeculo</strong></span> <span class='ocrx_word' id='word_1_37' title='bbox 3274 799 3543 852; x_wconf 88' lang='lat' dir='ltr'><strong>mortua</strong></span> <span class='ocrx_word' id='word_1_38' title='bbox 3590 793 3794 868; x_wconf 63' lang='lat' dir='ltr'><strong>sepeli⁴</strong></span> 
     </span>
     <span class='ocr_line' id='line_1_5' title="bbox 729 896 3792 974; baseline -0.001 -17"><span class='ocrx_word' id='word_1_39' title='bbox 729 901 860 973; x_wconf 84' lang='lat' dir='ltr'><strong>tur,</strong></span> <span class='ocrx_word' id='word_1_40' title='bbox 913 899 1075 959; x_wconf 90' lang='lat' dir='ltr'><strong>totis</strong></span> <span class='ocrx_word' id='word_1_41' title='bbox 1123 897 1674 974; x_wconf 85' lang='lat' dir='ltr'><strong>praecordiorum</strong></span> <span class='ocrx_word' id='word_1_42' title='bbox 1723 898 1897 958; x_wconf 84' lang='lat' dir='ltr'><strong>votis</strong></span> <span class='ocrx_word' id='word_1_43' title='bbox 1946 898 2248 958; x_wconf 89' lang='lat' dir='ltr'><strong>clamans</strong></span> <span class='ocrx_word' id='word_1_44' title='bbox 2295 903 2363 955; x_wconf 89' lang='lat' dir='ltr'><strong>et</strong></span> <span class='ocrx_word' id='word_1_45' title='bbox 2395 896 2625 955; x_wconf 91' lang='lat' dir='ltr'><strong>dicens</strong></span> <span class='ocrx_word' id='word_1_46' title='bbox 2662 896 2844 956; x_wconf 86' lang='lat' dir='ltr'><strong>haec:</strong></span> <span class='ocrx_word' id='word_1_47' title='bbox 2883 898 3165 973; x_wconf 77' lang='lat' dir='ltr'><strong>Requies</strong></span> <span class='ocrx_word' id='word_1_48' title='bbox 3197 915 3345 956; x_wconf 85' lang='lat' dir='ltr'><strong>mea</strong></span> <span class='ocrx_word' id='word_1_49' title='bbox 3378 900 3450 956; x_wconf 82' lang='lat' dir='ltr'><strong>in</strong></span> <span class='ocrx_word' id='word_1_50' title='bbox 3485 899 3792 957; x_wconf 79' lang='lat' dir='ltr'><strong>saeculum</strong></span> 
     </span>
     <span class='ocr_line' id='line_1_6' title="bbox 733 999 3794 1079; baseline -0.001 -19"><span class='ocrx_word' id='word_1_51' title='bbox 733 1003 1004 1076; x_wconf 81' lang='lat' dir='ltr'><strong>saeculi,</strong></span> <span class='ocrx_word' id='word_1_52' title='bbox 1062 1005 1167 1063; x_wconf 83' lang='lat' dir='ltr'><strong>hic</strong></span> <span class='ocrx_word' id='word_1_53' title='bbox 1212 1001 1507 1063; x_wconf 80' lang='lat' dir='ltr'><strong>habitabo</strong></span> <span class='ocrx_word' id='word_1_54' title='bbox 1560 1004 1875 1078; x_wconf 80' lang='lat' dir='ltr'><strong>quoniam</strong></span> <span class='ocrx_word' id='word_1_55' title='bbox 1930 1003 2119 1079; x_wconf 72' lang='lat' dir='ltr'><strong>eleqi.</strong></span> <span class='ocrx_word' id='word_1_56' title='bbox 2166 999 2217 1078; x_wconf 79' lang='lat'><strong>⁴²)</strong></span> <span class='ocrx_word' id='word_1_57' title='bbox 2277 1001 2356 1060; x_wconf 80' lang='lat' dir='ltr'><strong>Et</strong></span> <span class='ocrx_word' id='word_1_58' title='bbox 2406 999 2588 1060; x_wconf 89' lang='lat' dir='ltr'><strong>illud:</strong></span> <span class='ocrx_word' id='word_1_59' title='bbox 2641 1001 2992 1076; x_wconf 69' lang='lat' dir='ltr'><strong>Inyrediar</strong></span> <span class='ocrx_word' id='word_1_60' title='bbox 3020 1003 3094 1059; x_wconf 80' lang='lat' dir='ltr'><strong>in</strong></span> <span class='ocrx_word' id='word_1_61' title='bbox 3142 1001 3358 1059; x_wconf 79' lang='lat' dir='ltr'><strong>locum</strong></span> <span class='ocrx_word' id='word_1_62' title='bbox 3414 999 3794 1060; x_wconf 76' lang='lat' dir='ltr'><strong>tabernaculi</strong></span> 
     </span>
     <span class='ocr_line' id='line_1_7' title="bbox 729 1100 3017 1185; baseline -0.001 -20"><span class='ocrx_word' id='word_1_63' title='bbox 729 1105 1163 1180; x_wconf 77' lang='lat' dir='ltr'><strong>admirabilis,</strong></span> <span class='ocrx_word' id='word_1_64' title='bbox 1196 1100 1247 1185; x_wconf 76' lang='lat'><strong>³)</strong></span> <span class='ocrx_word' id='word_1_65' title='bbox 1284 1111 1351 1165; x_wconf 92' lang='lat' dir='ltr'><strong>et</strong></span> <span class='ocrx_word' id='word_1_66' title='bbox 1382 1121 1463 1165; x_wconf 84' lang='lat' dir='ltr'><strong>ex</strong></span> <span class='ocrx_word' id='word_1_67' title='bbox 1497 1105 1644 1180; x_wconf 89' lang='lat' dir='ltr'><strong>hoc,</strong></span> <span class='ocrx_word' id='word_1_68' title='bbox 1681 1106 1750 1165; x_wconf 91' lang='lat' dir='ltr'><strong>in</strong></span> <span class='ocrx_word' id='word_1_69' title='bbox 1783 1106 2056 1165; x_wconf 92' lang='lat' dir='ltr'><strong>domum</strong></span> <span class='ocrx_word' id='word_1_70' title='bbox 2088 1105 2350 1164; x_wconf 89' lang='lat' dir='ltr'><strong>Domini</strong></span> <span class='ocrx_word' id='word_1_71' title='bbox 2385 1105 2714 1164; x_wconf 86' lang='lat' dir='ltr'><strong>laetantes</strong></span> <span class='ocrx_word' id='word_1_72' title='bbox 2751 1104 3017 1163; x_wconf 82' lang='lat' dir='ltr'><strong>ibimus,</strong></span> 
     </span>
    </p>

    <p class='ocr_par' dir='ltr' id='par_1_3' title="bbox 727 1207 3797 2126">
     <span class='ocr_line' id='line_1_8' title="bbox 826 1207 3795 1285; baseline -0 -17"><span class='ocrx_word' id='word_1_73' title='bbox 826 1209 1005 1280; x_wconf 85' lang='lat' dir='ltr'><strong>Quae</strong></span> <span class='ocrx_word' id='word_1_74' title='bbox 1039 1209 1354 1285; x_wconf 89' lang='lat' dir='ltr'><strong>quoniam</strong></span> <span class='ocrx_word' id='word_1_75' title='bbox 1404 1226 1534 1269; x_wconf 88' lang='lat' dir='ltr'><strong>non</strong></span> <span class='ocrx_word' id='word_1_76' title='bbox 1585 1210 1822 1283; x_wconf 81' lang='lat' dir='ltr'><strong>inaniS‚</strong></span> <span class='ocrx_word' id='word_1_77' title='bbox 1859 1216 1976 1269; x_wconf 89' lang='lat' dir='ltr'><strong>aut</strong></span> <span class='ocrx_word' id='word_1_78' title='bbox 2010 1209 2290 1282; x_wconf 78' lang='lat' dir='ltr'><strong>steriliS,</strong></span> <span class='ocrx_word' id='word_1_79' title='bbox 2343 1208 2461 1268; x_wconf 89' lang='lat' dir='ltr'><strong>sed</strong></span> <span class='ocrx_word' id='word_1_80' title='bbox 2511 1207 2879 1267; x_wconf 88' lang='lat' dir='ltr'><strong>secundum</strong></span> <span class='ocrx_word' id='word_1_81' title='bbox 2927 1207 3340 1283; x_wconf 89' lang='lat' dir='ltr'><strong>Scripturam</strong></span> <span class='ocrx_word' id='word_1_82' title='bbox 3392 1209 3460 1266; x_wconf 91' lang='lat' dir='ltr'><strong>in</strong></span> <span class='ocrx_word' id='word_1_83' title='bbox 3494 1207 3795 1267; x_wconf 78' lang='lat' dir='ltr'><strong>abundan-</strong></span> 
     </span>
     <span class='ocr_line' id='line_1_9' title="bbox 731 1313 3791 1390; baseline 0 -18"><span class='ocrx_word' id='word_1_84' title='bbox 731 1314 827 1373; x_wconf 88' lang='lat' dir='ltr'><strong>tia</strong></span> <span class='ocrx_word' id='word_1_85' title='bbox 863 1314 1168 1389; x_wconf 87' lang='lat' dir='ltr'><strong>ingressa</strong></span> <span class='ocrx_word' id='word_1_86' title='bbox 1216 1321 1342 1389; x_wconf 90' lang='lat' dir='ltr'><strong>est,</strong></span> <span class='ocrx_word' id='word_1_87' title='bbox 1394 1316 1803 1390; x_wconf 85' lang='lat' dir='ltr'><strong>sepulcrum,</strong></span> <span class='ocrx_word' id='word_1_88' title='bbox 1856 1317 2034 1374; x_wconf 90' lang='lat' dir='ltr'><strong>sicut</strong></span> <span class='ocrx_word' id='word_1_89' title='bbox 2081 1330 2234 1373; x_wconf 90' lang='lat' dir='ltr'><strong>cum</strong></span> <span class='ocrx_word' id='word_1_90' title='bbox 2282 1330 2567 1374; x_wconf 88' lang='lat' dir='ltr'><strong>acervus</strong></span> <span class='ocrx_word' id='word_1_91' title='bbox 2617 1313 2826 1373; x_wconf 90' lang='lat' dir='ltr'><strong>tritici</strong></span> <span class='ocrx_word' id='word_1_92' title='bbox 2878 1313 3164 1372; x_wconf 85' lang='lat' dir='ltr'><strong>infertur</strong></span> <span class='ocrx_word' id='word_1_93' title='bbox 3215 1314 3277 1372; x_wconf 91' lang='lat' dir='ltr'><strong>in</strong></span> <span class='ocrx_word' id='word_1_94' title='bbox 3327 1318 3627 1389; x_wconf 90' lang='lat' dir='ltr'><strong>tempore</strong></span> <span class='ocrx_word' id='word_1_95' title='bbox 3671 1329 3791 1387; x_wconf 86' lang='lat' dir='ltr'><strong>suo,</strong></span> 
     </span>
     <span class='ocr_line' id='line_1_10' title="bbox 727 1420 3794 1498; baseline -0.001 -18"><span class='ocrx_word' id='word_1_96' title='bbox 727 1422 1110 1481; x_wconf 86' lang='lat' dir='ltr'><strong>uberrimus</strong></span> <span class='ocrx_word' id='word_1_97' title='bbox 1169 1421 1506 1482; x_wconf 85' lang='lat' dir='ltr'><strong>fructuum</strong></span> <span class='ocrx_word' id='word_1_98' title='bbox 1565 1425 1965 1498; x_wconf 88' lang='lat' dir='ltr'><strong>proventus,</strong></span> <span class='ocrx_word' id='word_1_99' title='bbox 2025 1422 2138 1497; x_wconf 86' lang='lat' dir='ltr'><strong>qui</strong></span> <span class='ocrx_word' id='word_1_100' title='bbox 2188 1422 2269 1479; x_wconf 90' lang='lat' dir='ltr'><strong>de</strong></span> <span class='ocrx_word' id='word_1_101' title='bbox 2326 1420 2551 1480; x_wconf 87' lang='lat' dir='ltr'><strong>radice</strong></span> <span class='ocrx_word' id='word_1_102' title='bbox 2609 1421 3048 1497; x_wconf 80' lang='lat' dir='ltr'><strong>plantationis</strong></span> <span class='ocrx_word' id='word_1_103' title='bbox 3102 1421 3275 1496; x_wconf 77' lang='lat' dir='ltr'><strong>ejuS,</strong></span> <span class='ocrx_word' id='word_1_104' title='bbox 3308 1421 3591 1480; x_wconf 87' lang='lat' dir='ltr'><strong>coelesti</strong></span> <span class='ocrx_word' id='word_1_105' title='bbox 3636 1426 3794 1494; x_wconf 83' lang='lat' dir='ltr'><strong>patre</strong></span> 
     </span>
     <span class='ocr_line' id='line_1_11' title="bbox 729 1524 3795 1601; baseline -0.001 -18"><span class='ocrx_word' id='word_1_106' title='bbox 729 1524 1167 1598; x_wconf 87' lang='lat' dir='ltr'><strong>agricolante,</strong></span> <span class='ocrx_word' id='word_1_107' title='bbox 1198 1526 1621 1599; x_wconf 89' lang='lat' dir='ltr'><strong>postmodum</strong></span> <span class='ocrx_word' id='word_1_108' title='bbox 1647 1527 1892 1601; x_wconf 87' lang='lat' dir='ltr'><strong>erupit,</strong></span> <span class='ocrx_word' id='word_1_109' title='bbox 1921 1525 2267 1584; x_wconf 88' lang='lat' dir='ltr'><strong>evidenter</strong></span> <span class='ocrx_word' id='word_1_110' title='bbox 2300 1540 2471 1583; x_wconf 90' lang='lat' dir='ltr'><strong>nunc</strong></span> <span class='ocrx_word' id='word_1_111' title='bbox 2499 1540 2712 1600; x_wconf 90' lang='lat' dir='ltr'><strong>usque</strong></span> <span class='ocrx_word' id='word_1_112' title='bbox 2738 1524 3053 1583; x_wconf 89' lang='lat' dir='ltr'><strong>ostendit.</strong></span> <span class='ocrx_word' id='word_1_113' title='bbox 3090 1524 3509 1599; x_wconf 76' lang='lat' dir='ltr'><strong>completum</strong></span> <span class='ocrx_word' id='word_1_114' title='bbox 3544 1538 3795 1598; x_wconf 85' lang='lat' dir='ltr'><strong>namque</strong></span> 
     </span>
     <span class='ocr_line' id='line_1_12' title="bbox 727 1628 3794 1705; baseline -0 -20"><span class='ocrx_word' id='word_1_115' title='bbox 727 1630 830 1686; x_wconf 88' lang='lat' dir='ltr'><strong>est</strong></span> <span class='ocrx_word' id='word_1_116' title='bbox 874 1633 941 1687; x_wconf 90' lang='lat' dir='ltr'><strong>et</strong></span> <span class='ocrx_word' id='word_1_117' title='bbox 990 1628 1056 1686; x_wconf 88' lang='lat' dir='ltr'><strong>in</strong></span> <span class='ocrx_word' id='word_1_118' title='bbox 1107 1629 1251 1704; x_wconf 89' lang='lat' dir='ltr'><strong>ipsa</strong></span> <span class='ocrx_word' id='word_1_119' title='bbox 1299 1629 1754 1704; x_wconf 87' lang='lat' dir='ltr'><strong>aliquatenus,</strong></span> <span class='ocrx_word' id='word_1_120' title='bbox 1807 1629 1985 1705; x_wconf 90' lang='lat' dir='ltr'><strong>quod</strong></span> <span class='ocrx_word' id='word_1_121' title='bbox 2033 1629 2116 1688; x_wconf 91' lang='lat' dir='ltr'><strong>de</strong></span> <span class='ocrx_word' id='word_1_122' title='bbox 2165 1645 2237 1688; x_wconf 89' lang='lat' dir='ltr'><strong>se</strong></span> <span class='ocrx_word' id='word_1_123' title='bbox 2285 1629 2605 1688; x_wconf 91' lang='lat' dir='ltr'><strong>Dominus</strong></span> <span class='ocrx_word' id='word_1_124' title='bbox 2655 1630 2720 1688; x_wconf 90' lang='lat' dir='ltr'><strong>in</strong></span> <span class='ocrx_word' id='word_1_125' title='bbox 2768 1629 3132 1704; x_wconf 89' lang='lat' dir='ltr'><strong>Evangelio</strong></span> <span class='ocrx_word' id='word_1_126' title='bbox 3180 1629 3294 1687; x_wconf 90' lang='lat' dir='ltr'><strong>ait:</strong></span> <span class='ocrx_word' id='word_1_127' title='bbox 3348 1630 3498 1688; x_wconf 80' lang='lat' dir='ltr'><strong>Nisi</strong></span> <span class='ocrx_word' id='word_1_128' title='bbox 3544 1646 3794 1705; x_wconf 74' lang='lat' dir='ltr'><strong>qranum</strong></span> 
     </span>
     <span class='ocr_line' id='line_1_13' title="bbox 727 1735 3797 1811; baseline -0.001 -20"><span class='ocrx_word' id='word_1_129' title='bbox 727 1735 1055 1809; x_wconf 64' lang='lat' dir='ltr'><strong>frumenta·</strong></span> <span class='ocrx_word' id='word_1_130' title='bbox 1114 1735 1353 1793; x_wconf 83' lang='lat' dir='ltr'><strong>cadens</strong></span> <span class='ocrx_word' id='word_1_131' title='bbox 1409 1737 1481 1794; x_wconf 85' lang='lat' dir='ltr'><strong>in</strong></span> <span class='ocrx_word' id='word_1_132' title='bbox 1529 1741 1737 1805; x_wconf 83' lang='lat' dir='ltr'><strong>terra,</strong></span> <span class='ocrx_word' id='word_1_133' title='bbox 1796 1741 2134 1793; x_wconf 83' lang='lat' dir='ltr'><strong>mortuum</strong></span> <span class='ocrx_word' id='word_1_134' title='bbox 2178 1735 2414 1811; x_wconf 79' lang='lat' dir='ltr'><strong>fuerit,</strong></span> <span class='ocrx_word' id='word_1_135' title='bbox 2467 1736 2687 1810; x_wconf 82' lang='lat' dir='ltr'><strong>ipsum</strong></span> <span class='ocrx_word' id='word_1_136' title='bbox 2742 1735 2955 1793; x_wconf 80' lang='lat' dir='ltr'><strong>solum</strong></span> <span class='ocrx_word' id='word_1_137' title='bbox 3002 1743 3257 1807; x_wconf 81' lang='lat' dir='ltr'><strong>manet;</strong></span> <span class='ocrx_word' id='word_1_138' title='bbox 3293 1735 3349 1792; x_wconf 83' lang='lat' dir='ltr'><strong>si</strong></span> <span class='ocrx_word' id='word_1_139' title='bbox 3383 1741 3610 1793; x_wconf 78' lang='lat' dir='ltr'><strong>autem</strong></span> <span class='ocrx_word' id='word_1_140' title='bbox 3654 1748 3797 1790; x_wconf 72' lang='lat' dir='ltr'><strong>mor-</strong></span> 
     </span>
     <span class='ocr_line' id='line_1_14' title="bbox 728 1835 3791 1919; baseline 0.001 -23"><span class='ocrx_word' id='word_1_141' title='bbox 728 1845 919 1897; x_wconf 86' lang='lat' dir='ltr'><strong>tuum</strong></span> <span class='ocrx_word' id='word_1_142' title='bbox 964 1841 1198 1917; x_wconf 81' lang='lat' dir='ltr'><strong>fuerit,</strong></span> <span class='ocrx_word' id='word_1_143' title='bbox 1248 1841 1538 1899; x_wconf 80' lang='lat' dir='ltr'><strong>multum</strong></span> <span class='ocrx_word' id='word_1_144' title='bbox 1583 1844 1882 1918; x_wconf 75' lang='lat' dir='ltr'><strong>fructum</strong></span> <span class='ocrx_word' id='word_1_145' title='bbox 1931 1843 2145 1919; x_wconf 78' lang='lat' dir='ltr'><strong>affert.</strong></span> <span class='ocrx_word' id='word_1_146' title='bbox 2178 1835 2227 1918; x_wconf 87' lang='lat'><strong>⁴)</strong></span> <span class='ocrx_word' id='word_1_147' title='bbox 2279 1841 2679 1901; x_wconf 82' lang='lat' dir='ltr'><strong>Mortificata</strong></span> <span class='ocrx_word' id='word_1_148' title='bbox 2727 1842 2976 1917; x_wconf 88' lang='lat' dir='ltr'><strong>quippe</strong></span> <span class='ocrx_word' id='word_1_149' title='bbox 3022 1848 3091 1901; x_wconf 91' lang='lat' dir='ltr'><strong>et</strong></span> <span class='ocrx_word' id='word_1_150' title='bbox 3139 1843 3409 1902; x_wconf 88' lang='lat' dir='ltr'><strong>seclusa</strong></span> <span class='ocrx_word' id='word_1_151' title='bbox 3456 1861 3497 1902; x_wconf 91' lang='lat' dir='ltr'><strong>a</strong></span> <span class='ocrx_word' id='word_1_152' title='bbox 3531 1841 3791 1913; x_wconf 86' lang='lat' dir='ltr'><strong>saeculo,</strong></span> 
     </span>
     <span class='ocr_line' id='line_1_15' title="bbox 732 1941 3794 2020; baseline 0.001 -21"><span class='ocrx_word' id='word_1_153' title='bbox 732 1941 796 2000; x_wconf 89' lang='lat' dir='ltr'><strong>in</strong></span> <span class='ocrx_word' id='word_1_154' title='bbox 831 1943 976 2002; x_wconf 90' lang='lat' dir='ltr'><strong>sola</strong></span> <span class='ocrx_word' id='word_1_155' title='bbox 1025 1945 1360 2019; x_wconf 89' lang='lat' dir='ltr'><strong>spirituali</strong></span> <span class='ocrx_word' id='word_1_156' title='bbox 1406 1943 1692 2004; x_wconf 88' lang='lat' dir='ltr'><strong>haerede</strong></span> <span class='ocrx_word' id='word_1_157' title='bbox 1741 1946 1846 2005; x_wconf 89' lang='lat' dir='ltr'><strong>vel</strong></span> <span class='ocrx_word' id='word_1_158' title='bbox 1881 1944 2017 2004; x_wconf 84' lang='lat' dir='ltr'><strong>filia</strong></span> <span class='ocrx_word' id='word_1_159' title='bbox 2054 1944 2479 2020; x_wconf 83' lang='lat' dir='ltr'><strong>Hildegarde,</strong></span> <span class='ocrx_word' id='word_1_160' title='bbox 2533 1946 2709 2004; x_wconf 91' lang='lat' dir='ltr'><strong>sicut</strong></span> <span class='ocrx_word' id='word_1_161' title='bbox 2744 1945 2942 2005; x_wconf 88' lang='lat' dir='ltr'><strong>hodie</strong></span> <span class='ocrx_word' id='word_1_162' title='bbox 2988 1961 3262 2005; x_wconf 90' lang='lat' dir='ltr'><strong>cernere</strong></span> <span class='ocrx_word' id='word_1_163' title='bbox 3295 1951 3426 2019; x_wconf 90' lang='lat' dir='ltr'><strong>est,</strong></span> <span class='ocrx_word' id='word_1_164' title='bbox 3482 1943 3794 2004; x_wconf 85' lang='lat' dir='ltr'><strong>fecundior</strong></span> 
     </span>
     <span class='ocr_line' id='line_1_16' title="bbox 727 2046 3791 2126; baseline 0 -21"><span class='ocrx_word' id='word_1_165' title='bbox 727 2046 972 2121; x_wconf 87' lang='lat' dir='ltr'><strong>extitit,</strong></span> <span class='ocrx_word' id='word_1_166' title='bbox 1010 2064 1209 2123; x_wconf 88' lang='lat' dir='ltr'><strong>quam</strong></span> <span class='ocrx_word' id='word_1_167' title='bbox 1247 2049 1304 2107; x_wconf 92' lang='lat' dir='ltr'><strong>si</strong></span> <span class='ocrx_word' id='word_1_168' title='bbox 1340 2049 1575 2124; x_wconf 91' lang='lat' dir='ltr'><strong>nuptui</strong></span> <span class='ocrx_word' id='word_1_169' title='bbox 1603 2049 1869 2122; x_wconf 86' lang='lat' dir='ltr'><strong>tradita,</strong></span> <span class='ocrx_word' id='word_1_170' title='bbox 1900 2049 2261 2125; x_wconf 86' lang='lat' dir='ltr'><strong>plurimam</strong></span> <span class='ocrx_word' id='word_1_171' title='bbox 2295 2065 2375 2107; x_wconf 86' lang='lat' dir='ltr'><strong>ex</strong></span> <span class='ocrx_word' id='word_1_172' title='bbox 2401 2049 2656 2108; x_wconf 90' lang='lat' dir='ltr'><strong>carnali</strong></span> <span class='ocrx_word' id='word_1_173' title='bbox 2684 2050 3050 2126; x_wconf 84' lang='lat' dir='ltr'><strong>propagine</strong></span> <span class='ocrx_word' id='word_1_174' title='bbox 3077 2049 3375 2110; x_wconf 88' lang='lat' dir='ltr'><strong>sobolem</strong></span> <span class='ocrx_word' id='word_1_175' title='bbox 3407 2049 3791 2126; x_wconf 83' lang='lat' dir='ltr'><strong>protulisset.</strong></span> 
     </span>
    </p>

    <p class='ocr_par' dir='ltr' id='par_1_4' title="bbox 719 2153 3795 3696">
     <span class='ocr_line' id='line_1_17' title="bbox 817 2153 3793 2230; baseline 0 -18"><span class='ocrx_word' id='word_1_176' title='bbox 817 2153 978 2212; x_wconf 91' lang='lat' dir='ltr'><strong>Tres</strong></span> <span class='ocrx_word' id='word_1_177' title='bbox 1024 2153 1253 2228; x_wconf 88' lang='lat' dir='ltr'><strong>igitur,</strong></span> <span class='ocrx_word' id='word_1_178' title='bbox 1308 2154 1373 2212; x_wconf 89' lang='lat' dir='ltr'><strong>in</strong></span> <span class='ocrx_word' id='word_1_179' title='bbox 1423 2170 1725 2214; x_wconf 90' lang='lat' dir='ltr'><strong>summae</strong></span> <span class='ocrx_word' id='word_1_180' title='bbox 1774 2155 2123 2215; x_wconf 85' lang='lat' dir='ltr'><strong>Trinitatis</strong></span> <span class='ocrx_word' id='word_1_181' title='bbox 2171 2153 2468 2224; x_wconf 84' lang='lat' dir='ltr'><strong>nomine,</strong></span> <span class='ocrx_word' id='word_1_182' title='bbox 2516 2170 2667 2213; x_wconf 90' lang='lat' dir='ltr'><strong>cum</strong></span> <span class='ocrx_word' id='word_1_183' title='bbox 2718 2154 3002 2230; x_wconf 89' lang='lat' dir='ltr'><strong>psalmis</strong></span> <span class='ocrx_word' id='word_1_184' title='bbox 3051 2160 3117 2212; x_wconf 91' lang='lat' dir='ltr'><strong>et</strong></span> <span class='ocrx_word' id='word_1_185' title='bbox 3174 2155 3462 2213; x_wconf 90' lang='lat' dir='ltr'><strong>canticis</strong></span> <span class='ocrx_word' id='word_1_186' title='bbox 3514 2154 3793 2230; x_wconf 84' lang='lat' dir='ltr'><strong>spiritua-</strong></span> 
     </span>
     <span class='ocr_line' id='line_1_18' title="bbox 724 2255 3794 2334; baseline 0 -21"><span class='ocrx_word' id='word_1_187' title='bbox 724 2255 905 2314; x_wconf 86' lang='lat' dir='ltr'><strong>libus</strong></span> <span class='ocrx_word' id='word_1_188' title='bbox 958 2255 1278 2329; x_wconf 83' lang='lat' dir='ltr'><strong>inclusae,</strong></span> <span class='ocrx_word' id='word_1_189' title='bbox 1332 2257 1800 2317; x_wconf 88' lang='lat' dir='ltr'><strong>recedentibus</strong></span> <span class='ocrx_word' id='word_1_190' title='bbox 1849 2259 1963 2334; x_wconf 88' lang='lat' dir='ltr'><strong>qui</strong></span> <span class='ocrx_word' id='word_1_191' title='bbox 2013 2261 2483 2331; x_wconf 89' lang='lat' dir='ltr'><strong>convenerant,</strong></span> <span class='ocrx_word' id='word_1_192' title='bbox 2546 2258 2613 2317; x_wconf 91' lang='lat' dir='ltr'><strong>in</strong></span> <span class='ocrx_word' id='word_1_193' title='bbox 2661 2273 2857 2317; x_wconf 88' lang='lat' dir='ltr'><strong>manu</strong></span> <span class='ocrx_word' id='word_1_194' title='bbox 2907 2257 3165 2317; x_wconf 89' lang='lat' dir='ltr'><strong>Domini</strong></span> <span class='ocrx_word' id='word_1_195' title='bbox 3216 2258 3702 2334; x_wconf 88' lang='lat' dir='ltr'><strong>relinquuntur,</strong></span> <span class='ocrx_word' id='word_1_196' title='bbox 3739 2258 3794 2315; x_wconf 83' lang='lat' dir='ltr'><strong>et</strong></span> 
     </span>
     <span class='ocr_line' id='line_1_19' title="bbox 723 2359 3795 2439; baseline 0.002 -22"><span class='ocrx_word' id='word_1_197' title='bbox 723 2365 996 2435; x_wconf 85' lang='lat' dir='ltr'><strong>praeter</strong></span> <span class='ocrx_word' id='word_1_198' title='bbox 1045 2359 1408 2420; x_wconf 81' lang='lat' dir='ltr'><strong>fenestram</strong></span> <span class='ocrx_word' id='word_1_199' title='bbox 1458 2362 1817 2422; x_wconf 88' lang='lat' dir='ltr'><strong>admodum</strong></span> <span class='ocrx_word' id='word_1_200' title='bbox 1863 2380 2167 2438; x_wconf 89' lang='lat' dir='ltr'><strong>parvam,</strong></span> <span class='ocrx_word' id='word_1_201' title='bbox 2219 2380 2337 2438; x_wconf 92' lang='lat' dir='ltr'><strong>per</strong></span> <span class='ocrx_word' id='word_1_202' title='bbox 2387 2379 2585 2439; x_wconf 90' lang='lat' dir='ltr'><strong>quam</strong></span> <span class='ocrx_word' id='word_1_203' title='bbox 2638 2363 3153 2423; x_wconf 86' lang='lat' dir='ltr'><strong>adventantibus</strong></span> <span class='ocrx_word' id='word_1_204' title='bbox 3201 2365 3408 2424; x_wconf 87' lang='lat' dir='ltr'><strong>certis</strong></span> <span class='ocrx_word' id='word_1_205' title='bbox 3459 2364 3645 2425; x_wconf 81' lang='lat' dir='ltr'><strong>boris</strong></span> <span class='ocrx_word' id='word_1_206' title='bbox 3687 2362 3795 2422; x_wconf 84' lang='lat' dir='ltr'><strong>col·</strong></span> 
     </span>
     <span class='ocr_line' id='line_1_20' title="bbox 725 2465 3795 2543; baseline 0.001 -21"><span class='ocrx_word' id='word_1_207' title='bbox 725 2465 1178 2540; x_wconf 86' lang='lat' dir='ltr'><strong>loquerentur,</strong></span> <span class='ocrx_word' id='word_1_208' title='bbox 1215 2471 1283 2524; x_wconf 91' lang='lat' dir='ltr'><strong>et</strong></span> <span class='ocrx_word' id='word_1_209' title='bbox 1329 2467 1538 2526; x_wconf 89' lang='lat' dir='ltr'><strong>victui</strong></span> <span class='ocrx_word' id='word_1_210' title='bbox 1588 2471 1971 2528; x_wconf 89' lang='lat' dir='ltr'><strong>necessaria</strong></span> <span class='ocrx_word' id='word_1_211' title='bbox 2023 2468 2451 2542; x_wconf 80' lang='lat' dir='ltr'><strong>inferrentur,</strong></span> <span class='ocrx_word' id='word_1_212' title='bbox 2505 2469 2617 2528; x_wconf 92' lang='lat' dir='ltr'><strong>ubi</strong></span> <span class='ocrx_word' id='word_1_213' title='bbox 2667 2469 2868 2543; x_wconf 88' lang='lat' dir='ltr'><strong>lignis</strong></span> <span class='ocrx_word' id='word_1_214' title='bbox 2918 2471 3356 2529; x_wconf 88' lang='lat' dir='ltr'><strong>caementatis</strong></span> <span class='ocrx_word' id='word_1_215' title='bbox 3402 2470 3617 2529; x_wconf 90' lang='lat' dir='ltr'><strong>solide</strong></span> <span class='ocrx_word' id='word_1_216' title='bbox 3661 2470 3795 2543; x_wconf 84' lang='lat' dir='ltr'><strong>lapi-</strong></span> 
     </span>
     <span class='ocr_line' id='line_1_21' title="bbox 726 2569 3794 2650; baseline 0.002 -26"><span class='ocrx_word' id='word_1_217' title='bbox 726 2569 948 2643; x_wconf 75' lang='lat' dir='ltr'><strong>‹libu3,</strong></span> <span class='ocrx_word' id='word_1_218' title='bbox 998 2571 1178 2630; x_wconf 91' lang='lat' dir='ltr'><strong>omni</strong></span> <span class='ocrx_word' id='word_1_219' title='bbox 1213 2570 1402 2630; x_wconf 90' lang='lat' dir='ltr'><strong>aditu</strong></span> <span class='ocrx_word' id='word_1_220' title='bbox 1449 2571 1785 2647; x_wconf 90' lang='lat' dir='ltr'><strong>obturato,</strong></span> <span class='ocrx_word' id='word_1_221' title='bbox 1841 2573 1905 2632; x_wconf 91' lang='lat' dir='ltr'><strong>in</strong></span> <span class='ocrx_word' id='word_1_222' title='bbox 1948 2574 2367 2634; x_wconf 90' lang='lat' dir='ltr'><strong>orationibus</strong></span> <span class='ocrx_word' id='word_1_223' title='bbox 2417 2576 2766 2650; x_wconf 86' lang='lat' dir='ltr'><strong>sacrisque</strong></span> <span class='ocrx_word' id='word_1_224' title='bbox 2819 2573 3364 2633; x_wconf 79' lang='lat' dir='ltr'><strong>meditationibus</strong></span> <span class='ocrx_word' id='word_1_225' title='bbox 3414 2574 3645 2633; x_wconf 81' lang='lat' dir='ltr'><strong>sedule</strong></span> <span class='ocrx_word' id='word_1_226' title='bbox 3686 2572 3794 2631; x_wconf 85' lang='lat' dir='ltr'><strong>Deo</strong></span> 
     </span>
     <span class='ocr_line' id='line_1_22' title="bbox 727 2676 3791 2754; baseline 0 -20"><span class='ocrx_word' id='word_1_227' title='bbox 727 2676 1163 2749; x_wconf 86' lang='lat' dir='ltr'><strong>intendentes,</strong></span> <span class='ocrx_word' id='word_1_228' title='bbox 1196 2677 1471 2753; x_wconf 91' lang='lat' dir='ltr'><strong>jejuniis</strong></span> <span class='ocrx_word' id='word_1_229' title='bbox 1520 2694 1785 2754; x_wconf 89' lang='lat' dir='ltr'><strong>quoque</strong></span> <span class='ocrx_word' id='word_1_230' title='bbox 1819 2680 2138 2753; x_wconf 79' lang='lat' dir='ltr'><strong>assiduiS‚</strong></span> <span class='ocrx_word' id='word_1_231' title='bbox 2178 2696 2297 2738; x_wconf 89' lang='lat' dir='ltr'><strong>seu</strong></span> <span class='ocrx_word' id='word_1_232' title='bbox 2344 2680 2633 2754; x_wconf 75' lang='lat' dir='ltr'><strong>vigiliiS,</strong></span> <span class='ocrx_word' id='word_1_233' title='bbox 2686 2680 2976 2754; x_wconf 82' lang='lat' dir='ltr'><strong>impetus</strong></span> <span class='ocrx_word' id='word_1_234' title='bbox 3020 2680 3243 2739; x_wconf 86' lang='lat' dir='ltr'><strong>carnis</strong></span> <span class='ocrx_word' id='word_1_235' title='bbox 3274 2681 3791 2754; x_wconf 66' lang='lat' dir='ltr'><strong>comprimentesv</strong></span> 
     </span>
     <span class='ocr_line' id='line_1_23' title="bbox 724 2781 3790 2859; baseline 0 -21"><span class='ocrx_word' id='word_1_236' title='bbox 724 2781 957 2839; x_wconf 89' lang='lat' dir='ltr'><strong>contra</strong></span> <span class='ocrx_word' id='word_1_237' title='bbox 1017 2781 1405 2855; x_wconf 85' lang='lat' dir='ltr'><strong>spirituales</strong></span> <span class='ocrx_word' id='word_1_238' title='bbox 1456 2783 1818 2858; x_wconf 77' lang='lat' dir='ltr'><strong>nequitiaS,</strong></span> <span class='ocrx_word' id='word_1_239' title='bbox 1857 2785 1921 2843; x_wconf 91' lang='lat' dir='ltr'><strong>in</strong></span> <span class='ocrx_word' id='word_1_240' title='bbox 1970 2785 2310 2859; x_wconf 85' lang='lat' dir='ltr'><strong>palaestra</strong></span> <span class='ocrx_word' id='word_1_241' title='bbox 2367 2785 2685 2844; x_wconf 89' lang='lat' dir='ltr'><strong>coelestis</strong></span> <span class='ocrx_word' id='word_1_242' title='bbox 2733 2785 2991 2859; x_wconf 79' lang='lat' dir='ltr'><strong>agoniS‚</strong></span> <span class='ocrx_word' id='word_1_243' title='bbox 3053 2785 3341 2844; x_wconf 90' lang='lat' dir='ltr'><strong>viriliter</strong></span> <span class='ocrx_word' id='word_1_244' title='bbox 3405 2786 3790 2843; x_wconf 84' lang='lat' dir='ltr'><strong>exercentur.</strong></span> 
     </span>
     <span class='ocr_line' id='line_1_24' title="bbox 726 2885 3790 2964; baseline -0 -21"><span class='ocrx_word' id='word_1_245' title='bbox 726 2885 1242 2945; x_wconf 78' lang='lat' dir='ltr'><strong>considerantes</strong></span> <span class='ocrx_word' id='word_1_246' title='bbox 1291 2903 1601 2963; x_wconf 89' lang='lat' dir='ltr'><strong>namque,</strong></span> <span class='ocrx_word' id='word_1_247' title='bbox 1662 2888 2030 2963; x_wconf 85' lang='lat' dir='ltr'><strong>quemlibet</strong></span> <span class='ocrx_word' id='word_1_248' title='bbox 2085 2895 2315 2948; x_wconf 84' lang='lat' dir='ltr'><strong>natum</strong></span> <span class='ocrx_word' id='word_1_249' title='bbox 2363 2889 2445 2948; x_wconf 85' lang='lat' dir='ltr'><strong>de</strong></span> <span class='ocrx_word' id='word_1_250' title='bbox 2495 2890 2775 2948; x_wconf 90' lang='lat' dir='ltr'><strong>muliere</strong></span> <span class='ocrx_word' id='word_1_251' title='bbox 2839 2906 3178 2964; x_wconf 90' lang='lat' dir='ltr'><strong>nunquam</strong></span> <span class='ocrx_word' id='word_1_252' title='bbox 3238 2889 3303 2948; x_wconf 87' lang='lat' dir='ltr'><strong>in</strong></span> <span class='ocrx_word' id='word_1_253' title='bbox 3351 2889 3588 2948; x_wconf 90' lang='lat' dir='ltr'><strong>eodem</strong></span> <span class='ocrx_word' id='word_1_254' title='bbox 3642 2891 3790 2946; x_wconf 86' lang='lat' dir='ltr'><strong>statu</strong></span> 
     </span>
     <span class='ocr_line' id='line_1_25' title="bbox 723 2988 3793 3067; baseline -0.001 -20"><span class='ocrx_word' id='word_1_255' title='bbox 723 3003 1136 3065; x_wconf 88' lang='lat' dir='ltr'><strong>permanere,</strong></span> <span class='ocrx_word' id='word_1_256' title='bbox 1191 3005 1396 3067; x_wconf 88' lang='lat' dir='ltr'><strong>seque</strong></span> <span class='ocrx_word' id='word_1_257' title='bbox 1450 2990 1515 3049; x_wconf 90' lang='lat' dir='ltr'><strong>in</strong></span> <span class='ocrx_word' id='word_1_258' title='bbox 1563 2992 1822 3051; x_wconf 91' lang='lat' dir='ltr'><strong>lubrico</strong></span> <span class='ocrx_word' id='word_1_259' title='bbox 1874 2993 2370 3052; x_wconf 88' lang='lat' dir='ltr'><strong>incertitudinis</strong></span> <span class='ocrx_word' id='word_1_260' title='bbox 2420 2997 2793 3067; x_wconf 77' lang='lat' dir='ltr'><strong>currente3‚</strong></span> <span class='ocrx_word' id='word_1_261' title='bbox 2847 2993 3238 3052; x_wconf 87' lang='lat' dir='ltr'><strong>thesaurum</strong></span> <span class='ocrx_word' id='word_1_262' title='bbox 3289 3007 3486 3052; x_wconf 91' lang='lat' dir='ltr'><strong>suum</strong></span> <span class='ocrx_word' id='word_1_263' title='bbox 3542 2993 3607 3050; x_wconf 90' lang='lat' dir='ltr'><strong>in</strong></span> <span class='ocrx_word' id='word_1_264' title='bbox 3640 2988 3793 3049; x_wconf 86' lang='lat' dir='ltr'><strong>vasis</strong></span> 
     </span>
     <span class='ocr_line' id='line_1_26' title="bbox 719 3093 3788 3175; baseline 0.001 -23"><span class='ocrx_word' id='word_1_265' title='bbox 719 3093 1039 3154; x_wconf 80' lang='lat' dir='ltr'><strong>fictilibus</strong></span> <span class='ocrx_word' id='word_1_266' title='bbox 1088 3094 1358 3170; x_wconf 88' lang='lat' dir='ltr'><strong>habere,</strong></span> <span class='ocrx_word' id='word_1_267' title='bbox 1409 3098 1589 3156; x_wconf 91' lang='lat' dir='ltr'><strong>omni</strong></span> <span class='ocrx_word' id='word_1_268' title='bbox 1624 3099 1828 3156; x_wconf 90' lang='lat' dir='ltr'><strong>etiam</strong></span> <span class='ocrx_word' id='word_1_269' title='bbox 1878 3114 2001 3172; x_wconf 89' lang='lat' dir='ltr'><strong>ope</strong></span> <span class='ocrx_word' id='word_1_270' title='bbox 2036 3098 2327 3157; x_wconf 87' lang='lat' dir='ltr'><strong>humana</strong></span> <span class='ocrx_word' id='word_1_271' title='bbox 2374 3099 2759 3173; x_wconf 79' lang='lat' dir='ltr'><strong>destituta8‚</strong></span> <span class='ocrx_word' id='word_1_272' title='bbox 2813 3100 3007 3175; x_wconf 89' lang='lat' dir='ltr'><strong>quasi</strong></span> <span class='ocrx_word' id='word_1_273' title='bbox 3058 3099 3350 3175; x_wconf 88' lang='lat' dir='ltr'><strong>pupillas</strong></span> <span class='ocrx_word' id='word_1_274' title='bbox 3398 3099 3653 3174; x_wconf 89' lang='lat' dir='ltr'><strong>absque</strong></span> <span class='ocrx_word' id='word_1_275' title='bbox 3695 3111 3788 3172; x_wconf 87' lang='lat' dir='ltr'><strong>pa·</strong></span> 
     </span>
     <span class='ocr_line' id='line_1_27' title="bbox 723 3198 3788 3279; baseline -0.001 -21"><span class='ocrx_word' id='word_1_276' title='bbox 723 3202 826 3259; x_wconf 87' lang='lat' dir='ltr'><strong>tre</strong></span> <span class='ocrx_word' id='word_1_277' title='bbox 881 3205 949 3259; x_wconf 91' lang='lat' dir='ltr'><strong>et</strong></span> <span class='ocrx_word' id='word_1_278' title='bbox 997 3207 1212 3260; x_wconf 87' lang='lat' dir='ltr'><strong>matre</strong></span> <span class='ocrx_word' id='word_1_279' title='bbox 1268 3202 1699 3275; x_wconf 85' lang='lat' dir='ltr'><strong>remansisse,</strong></span> <span class='ocrx_word' id='word_1_280' title='bbox 1760 3202 1990 3278; x_wconf 91' lang='lat' dir='ltr'><strong>quidni</strong></span> <span class='ocrx_word' id='word_1_281' title='bbox 2052 3220 2170 3277; x_wconf 92' lang='lat' dir='ltr'><strong>pro</strong></span> <span class='ocrx_word' id='word_1_282' title='bbox 2222 3220 2294 3262; x_wconf 81' lang='lat' dir='ltr'><strong>se</strong></span> <span class='ocrx_word' id='word_1_283' title='bbox 2343 3210 2732 3263; x_wconf 89' lang='lat' dir='ltr'><strong>aestuanter</strong></span> <span class='ocrx_word' id='word_1_284' title='bbox 2788 3203 3206 3278; x_wconf 73' lang='lat' dir='ltr'><strong>satagerent?</strong></span> <span class='ocrx_word' id='word_1_285' title='bbox 3262 3202 3498 3279; x_wconf 88' lang='lat' dir='ltr'><strong>quidni</strong></span> <span class='ocrx_word' id='word_1_286' title='bbox 3555 3216 3697 3260; x_wconf 90' lang='lat' dir='ltr'><strong>cum</strong></span> <span class='ocrx_word' id='word_1_287' title='bbox 3737 3198 3788 3256; x_wconf 87' lang='lat' dir='ltr'><strong>in</strong></span> 
     </span>
     <span class='ocr_line' id='line_1_28' title="bbox 723 3300 3787 3379; baseline -0 -16"><span class='ocrx_word' id='word_1_288' title='bbox 723 3318 886 3379; x_wconf 79' lang='lat' dir='ltr'><strong>gyro</strong></span> <span class='ocrx_word' id='word_1_289' title='bbox 947 3306 1452 3364; x_wconf 91' lang='lat' dir='ltr'><strong>tabernaculum</strong></span> <span class='ocrx_word' id='word_1_290' title='bbox 1512 3322 1708 3364; x_wconf 88' lang='lat' dir='ltr'><strong>suum</strong></span> <span class='ocrx_word' id='word_1_291' title='bbox 1774 3307 1857 3365; x_wconf 87' lang='lat' dir='ltr'><strong>ab</strong></span> <span class='ocrx_word' id='word_1_292' title='bbox 1914 3306 2283 3365; x_wconf 88' lang='lat' dir='ltr'><strong>innumeris</strong></span> <span class='ocrx_word' id='word_1_293' title='bbox 2340 3306 2652 3367; x_wconf 87' lang='lat' dir='ltr'><strong>hostibus</strong></span> <span class='ocrx_word' id='word_1_294' title='bbox 2707 3307 3000 3366; x_wconf 87' lang='lat' dir='ltr'><strong>obsideri</strong></span> <span class='ocrx_word' id='word_1_295' title='bbox 3057 3312 3448 3379; x_wconf 87' lang='lat' dir='ltr'><strong>cernerent,</strong></span> <span class='ocrx_word' id='word_1_296' title='bbox 3513 3307 3578 3365; x_wconf 89' lang='lat' dir='ltr'><strong>in</strong></span> <span class='ocrx_word' id='word_1_297' title='bbox 3633 3300 3787 3363; x_wconf 77' lang='lat' dir='ltr'><strong>suffi-</strong></span> 
     </span>
     <span class='ocr_line' id='line_1_29' title="bbox 721 3409 3789 3489; baseline 0.001 -24"><span class='ocrx_word' id='word_1_298' title='bbox 721 3409 1034 3469; x_wconf 89' lang='lat' dir='ltr'><strong>cientiam</strong></span> <span class='ocrx_word' id='word_1_299' title='bbox 1084 3428 1277 3470; x_wconf 87' lang='lat' dir='ltr'><strong>suam</strong></span> <span class='ocrx_word' id='word_1_300' title='bbox 1325 3412 1840 3487; x_wconf 90' lang='lat' dir='ltr'><strong>perpendentes,</strong></span> <span class='ocrx_word' id='word_1_301' title='bbox 1894 3413 1974 3472; x_wconf 90' lang='lat' dir='ltr'><strong>ad</strong></span> <span class='ocrx_word' id='word_1_302' title='bbox 2014 3429 2379 3488; x_wconf 90' lang='lat' dir='ltr'><strong>supernum</strong></span> <span class='ocrx_word' id='word_1_303' title='bbox 2414 3413 2679 3473; x_wconf 86' lang='lat' dir='ltr'><strong>Patrem</strong></span> <span class='ocrx_word' id='word_1_304' title='bbox 2715 3413 3187 3489; x_wconf 72' lang='lat' dir='ltr'><strong>confugerent?</strong></span> <span class='ocrx_word' id='word_1_305' title='bbox 3235 3413 3320 3473; x_wconf 91' lang='lat' dir='ltr'><strong>ab</strong></span> <span class='ocrx_word' id='word_1_306' title='bbox 3356 3413 3472 3472; x_wconf 90' lang='lat' dir='ltr'><strong>illo</strong></span> <span class='ocrx_word' id='word_1_307' title='bbox 3511 3429 3585 3472; x_wconf 92' lang='lat' dir='ltr'><strong>se</strong></span> <span class='ocrx_word' id='word_1_308' title='bbox 3630 3424 3789 3471; x_wconf 83' lang='lat' dir='ltr'><strong>assu-</strong></span> 
     </span>
     <span class='ocr_line' id='line_1_30' title="bbox 722 3504 3793 3592; baseline 0 -23"><span class='ocrx_word' id='word_1_309' title='bbox 722 3512 810 3570; x_wconf 90' lang='lat' dir='ltr'><strong>mi</strong></span> <span class='ocrx_word' id='word_1_310' title='bbox 846 3514 912 3572; x_wconf 88' lang='lat' dir='ltr'><strong>et</strong></span> <span class='ocrx_word' id='word_1_311' title='bbox 960 3515 1244 3588; x_wconf 83' lang='lat' dir='ltr'><strong>protegi,</strong></span> <span class='ocrx_word' id='word_1_312' title='bbox 1281 3521 1346 3573; x_wconf 91' lang='lat' dir='ltr'><strong>et</strong></span> <span class='ocrx_word' id='word_1_313' title='bbox 1383 3504 1799 3575; x_wconf 86' lang='lat' dir='ltr'><strong>armaturam</strong></span> <span class='ocrx_word' id='word_1_314' title='bbox 1848 3517 1976 3575; x_wconf 90' lang='lat' dir='ltr'><strong>sibi</strong></span> <span class='ocrx_word' id='word_1_315' title='bbox 2030 3518 2336 3592; x_wconf 78' lang='lat' dir='ltr'><strong>spirituS,</strong></span> <span class='ocrx_word' id='word_1_316' title='bbox 2390 3534 2520 3592; x_wconf 90' lang='lat' dir='ltr'><strong>qua</strong></span> <span class='ocrx_word' id='word_1_317' title='bbox 2568 3519 2653 3577; x_wconf 86' lang='lat' dir='ltr'><strong>ab</strong></span> <span class='ocrx_word' id='word_1_318' title='bbox 2700 3518 3164 3592; x_wconf 84' lang='lat' dir='ltr'><strong>impetentium</strong></span> <span class='ocrx_word' id='word_1_319' title='bbox 3215 3533 3287 3577; x_wconf 89' lang='lat' dir='ltr'><strong>se</strong></span> <span class='ocrx_word' id='word_1_320' title='bbox 3338 3518 3673 3577; x_wconf 87' lang='lat' dir='ltr'><strong>aeriarum</strong></span> <span class='ocrx_word' id='word_1_321' title='bbox 3714 3512 3793 3587; x_wconf 82' lang='lat' dir='ltr'><strong>ja·</strong></span> 
     </span>
     <span class='ocr_line' id='line_1_31' title="bbox 719 3615 3047 3696; baseline 0.003 -24"><span class='ocrx_word' id='word_1_322' title='bbox 719 3615 891 3673; x_wconf 92' lang='lat' dir='ltr'><strong>culis</strong></span> <span class='ocrx_word' id='word_1_323' title='bbox 926 3620 1337 3688; x_wconf 88' lang='lat' dir='ltr'><strong>potestatum</strong></span> <span class='ocrx_word' id='word_1_324' title='bbox 1375 3618 1813 3694; x_wconf 88' lang='lat' dir='ltr'><strong>munirentur,</strong></span> <span class='ocrx_word' id='word_1_325' title='bbox 1850 3620 2145 3679; x_wconf 89' lang='lat' dir='ltr'><strong>conferri</strong></span> <span class='ocrx_word' id='word_1_326' title='bbox 2180 3621 2597 3681; x_wconf 89' lang='lat' dir='ltr'><strong>incessanter</strong></span> <span class='ocrx_word' id='word_1_327' title='bbox 2629 3620 3047 3696; x_wconf 74' lang='lat' dir='ltr'><strong>flagitarent?</strong></span> 
     </span>
    </p>

    <p class='ocr_par' dir='ltr' id='par_1_5' title="bbox 713 3718 3791 4736">
     <span class='ocr_line' id='line_1_32' title="bbox 813 3718 3790 3800; baseline 0 -23"><span class='ocrx_word' id='word_1_328' title='bbox 813 3718 954 3777; x_wconf 89' lang='lat' dir='ltr'><strong>Hoc</strong></span> <span class='ocrx_word' id='word_1_329' title='bbox 1004 3735 1077 3778; x_wconf 91' lang='lat' dir='ltr'><strong>se</strong></span> <span class='ocrx_word' id='word_1_330' title='bbox 1134 3720 1510 3780; x_wconf 88' lang='lat' dir='ltr'><strong>venerando</strong></span> <span class='ocrx_word' id='word_1_331' title='bbox 1570 3724 1854 3781; x_wconf 82' lang='lat' dir='ltr'><strong>maxime</strong></span> <span class='ocrx_word' id='word_1_332' title='bbox 1903 3724 2100 3783; x_wconf 88' lang='lat' dir='ltr'><strong>beata</strong></span> <span class='ocrx_word' id='word_1_333' title='bbox 2149 3730 2367 3783; x_wconf 84' lang='lat' dir='ltr'><strong>mater</strong></span> <span class='ocrx_word' id='word_1_334' title='bbox 2410 3724 2615 3797; x_wconf 73' lang='lat' dir='ltr'><strong>suna,</strong></span> <span class='ocrx_word' id='word_1_335' title='bbox 2683 3740 2855 3800; x_wconf 88' lang='lat' dir='ltr'><strong>quae</strong></span> <span class='ocrx_word' id='word_1_336' title='bbox 2905 3723 3275 3799; x_wconf 90' lang='lat' dir='ltr'><strong>discipulas</strong></span> <span class='ocrx_word' id='word_1_337' title='bbox 3334 3722 3626 3781; x_wconf 85' lang='lat' dir='ltr'><strong>filiarum</strong></span> <span class='ocrx_word' id='word_1_338' title='bbox 3671 3720 3790 3778; x_wconf 84' lang='lat' dir='ltr'><strong>loco</strong></span> 
     </span>
     <span class='ocr_line' id='line_1_33' title="bbox 722 3824 3785 3904; baseline 0 -21"><span class='ocrx_word' id='word_1_339' title='bbox 722 3824 1092 3899; x_wconf 81' lang='lat' dir='ltr'><strong>erudiebat,</strong></span> <span class='ocrx_word' id='word_1_340' title='bbox 1156 3826 1514 3886; x_wconf 89' lang='lat' dir='ltr'><strong>instituens</strong></span> <span class='ocrx_word' id='word_1_341' title='bbox 1570 3830 1925 3903; x_wconf 86' lang='lat' dir='ltr'><strong>exercitio,</strong></span> <span class='ocrx_word' id='word_1_342' title='bbox 1986 3847 2115 3889; x_wconf 90' lang='lat' dir='ltr'><strong>non</strong></span> <span class='ocrx_word' id='word_1_343' title='bbox 2168 3831 2379 3888; x_wconf 88' lang='lat' dir='ltr'><strong>solum</strong></span> <span class='ocrx_word' id='word_1_344' title='bbox 2445 3830 2625 3904; x_wconf 85' lang='lat' dir='ltr'><strong>illaS,</strong></span> <span class='ocrx_word' id='word_1_345' title='bbox 2689 3830 2804 3889; x_wconf 91' lang='lat' dir='ltr'><strong>sed</strong></span> <span class='ocrx_word' id='word_1_346' title='bbox 2855 3835 2921 3888; x_wconf 90' lang='lat' dir='ltr'><strong>et</strong></span> <span class='ocrx_word' id='word_1_347' title='bbox 2969 3829 3190 3889; x_wconf 86' lang='lat' dir='ltr'><strong>omnis</strong></span> <span class='ocrx_word' id='word_1_348' title='bbox 3245 3829 3583 3904; x_wconf 86' lang='lat' dir='ltr'><strong>regularis</strong></span> <span class='ocrx_word' id='word_1_349' title='bbox 3637 3826 3785 3883; x_wconf 82' lang='lat' dir='ltr'><strong>vitae</strong></span> 
     </span>
     <span class='ocr_line' id='line_1_34' title="bbox 721 3924 3786 4009; baseline -0.002 -22"><span class='ocrx_word' id='word_1_350' title='bbox 721 3930 1021 3988; x_wconf 87' lang='lat' dir='ltr'><strong>aemulas</strong></span> <span class='ocrx_word' id='word_1_351' title='bbox 1070 3931 1443 4005; x_wconf 84' lang='lat' dir='ltr'><strong>magnificis</strong></span> <span class='ocrx_word' id='word_1_352' title='bbox 1493 3933 1816 3991; x_wconf 89' lang='lat' dir='ltr'><strong>virtutum</strong></span> <span class='ocrx_word' id='word_1_353' title='bbox 1873 3934 2197 4009; x_wconf 84' lang='lat' dir='ltr'><strong>exemplis</strong></span> <span class='ocrx_word' id='word_1_354' title='bbox 2244 3933 2326 3993; x_wconf 89' lang='lat' dir='ltr'><strong>ad</strong></span> <span class='ocrx_word' id='word_1_355' title='bbox 2392 3933 2765 4009; x_wconf 84' lang='lat' dir='ltr'><strong>profectum</strong></span> <span class='ocrx_word' id='word_1_356' title='bbox 2816 3932 3150 4005; x_wconf 89' lang='lat' dir='ltr'><strong>invitavit,</strong></span> <span class='ocrx_word' id='word_1_357' title='bbox 3213 3934 3281 3992; x_wconf 91' lang='lat' dir='ltr'><strong>et</strong></span> <span class='ocrx_word' id='word_1_358' title='bbox 3329 3933 3549 3991; x_wconf 87' lang='lat' dir='ltr'><strong>instar</strong></span> <span class='ocrx_word' id='word_1_359' title='bbox 3590 3924 3786 3988; x_wconf 84' lang='lat' dir='ltr'><strong>Judith</strong></span> 
     </span>
     <span class='ocr_line' id='line_1_35' title="bbox 717 4028 3789 4112; baseline -0.001 -24"><span class='ocrx_word' id='word_1_360' title='bbox 717 4030 1039 4105; x_wconf 78' lang='lat' dir='ltr'><strong>viraginis</strong></span> <span class='ocrx_word' id='word_1_361' title='bbox 1093 4031 1541 4109; x_wconf 85' lang='lat' dir='ltr'><strong>fortissimae,</strong></span> <span class='ocrx_word' id='word_1_362' title='bbox 1596 4051 1792 4109; x_wconf 88' lang='lat' dir='ltr'><strong>quam</strong></span> <span class='ocrx_word' id='word_1_363' title='bbox 1833 4037 1977 4112; x_wconf 90' lang='lat' dir='ltr'><strong>ipsa</strong></span> <span class='ocrx_word' id='word_1_364' title='bbox 2012 4036 2278 4095; x_wconf 90' lang='lat' dir='ltr'><strong>nomine</strong></span> <span class='ocrx_word' id='word_1_365' title='bbox 2328 4034 2700 4109; x_wconf 84' lang='lat' dir='ltr'><strong>referebat,</strong></span> <span class='ocrx_word' id='word_1_366' title='bbox 2755 4034 3233 4094; x_wconf 86' lang='lat' dir='ltr'><strong>intellectualis</strong></span> <span class='ocrx_word' id='word_1_367' title='bbox 3276 4038 3482 4108; x_wconf 89' lang='lat' dir='ltr'><strong>caput</strong></span> <span class='ocrx_word' id='word_1_368' title='bbox 3517 4028 3789 4091; x_wconf 79' lang='lat' dir='ltr'><strong>Holofer-</strong></span> 
     </span>
     <span class='ocr_line' id='line_1_36' title="bbox 715 4136 3790 4215; baseline -0.001 -21"><span class='ocrx_word' id='word_1_369' title='bbox 715 4137 845 4211; x_wconf 79' lang='lat' dir='ltr'><strong>niS,</strong></span> <span class='ocrx_word' id='word_1_370' title='bbox 901 4136 963 4194; x_wconf 88' lang='lat' dir='ltr'><strong>id</strong></span> <span class='ocrx_word' id='word_1_371' title='bbox 1003 4141 1108 4195; x_wconf 90' lang='lat' dir='ltr'><strong>est</strong></span> <span class='ocrx_word' id='word_1_372' title='bbox 1156 4138 1525 4213; x_wconf 91' lang='lat' dir='ltr'><strong>principale</strong></span> <span class='ocrx_word' id='word_1_373' title='bbox 1571 4138 1832 4198; x_wconf 89' lang='lat' dir='ltr'><strong>Diaboli</strong></span> <span class='ocrx_word' id='word_1_374' title='bbox 1882 4141 2144 4211; x_wconf 91' lang='lat' dir='ltr'><strong>vitium,</strong></span> <span class='ocrx_word' id='word_1_375' title='bbox 2197 4156 2329 4215; x_wconf 92' lang='lat' dir='ltr'><strong>quo</strong></span> <span class='ocrx_word' id='word_1_376' title='bbox 2380 4140 2768 4198; x_wconf 89' lang='lat' dir='ltr'><strong>universum</strong></span> <span class='ocrx_word' id='word_1_377' title='bbox 2824 4138 2962 4198; x_wconf 81' lang='lat' dir='ltr'><strong>fere</strong></span> <span class='ocrx_word' id='word_1_378' title='bbox 3005 4154 3214 4213; x_wconf 86' lang='lat' dir='ltr'><strong>genus</strong></span> <span class='ocrx_word' id='word_1_379' title='bbox 3261 4137 3629 4196; x_wconf 85' lang='lat' dir='ltr'><strong>humanum</strong></span> <span class='ocrx_word' id='word_1_380' title='bbox 3671 4145 3790 4191; x_wconf 85' lang='lat' dir='ltr'><strong>cor-</strong></span> 
     </span>
     <span class='ocr_line' id='line_1_37' title="bbox 718 4236 3785 4319; baseline -0.002 -21"><span class='ocrx_word' id='word_1_381' title='bbox 718 4241 990 4314; x_wconf 87' lang='lat' dir='ltr'><strong>rumpit,</strong></span> <span class='ocrx_word' id='word_1_382' title='bbox 1052 4240 1214 4300; x_wconf 90' lang='lat' dir='ltr'><strong>illud</strong></span> <span class='ocrx_word' id='word_1_383' title='bbox 1264 4242 1527 4301; x_wconf 89' lang='lat' dir='ltr'><strong>scilicet</strong></span> <span class='ocrx_word' id='word_1_384' title='bbox 1582 4243 1662 4303; x_wconf 91' lang='lat' dir='ltr'><strong>de</strong></span> <span class='ocrx_word' id='word_1_385' title='bbox 1713 4260 1844 4319; x_wconf 91' lang='lat' dir='ltr'><strong>quo</strong></span> <span class='ocrx_word' id='word_1_386' title='bbox 1894 4244 1978 4303; x_wconf 87' lang='lat' dir='ltr'><strong>ad</strong></span> <span class='ocrx_word' id='word_1_387' title='bbox 2028 4245 2297 4303; x_wconf 89' lang='lat' dir='ltr'><strong>beatum</strong></span> <span class='ocrx_word' id='word_1_388' title='bbox 2344 4243 2467 4303; x_wconf 89' lang='lat' dir='ltr'><strong>Job</strong></span> <span class='ocrx_word' id='word_1_389' title='bbox 2522 4243 2845 4302; x_wconf 87' lang='lat' dir='ltr'><strong>Dominus</strong></span> <span class='ocrx_word' id='word_1_390' title='bbox 2898 4243 3214 4317; x_wconf 86' lang='lat' dir='ltr'><strong>loquitur:</strong></span> <span class='ocrx_word' id='word_1_391' title='bbox 3281 4241 3503 4300; x_wconf 80' lang='lat' dir='ltr'><strong>Virtus</strong></span> <span class='ocrx_word' id='word_1_392' title='bbox 3554 4236 3687 4312; x_wconf 65' lang='lat' dir='ltr'><strong>qius</strong></span> <span class='ocrx_word' id='word_1_393' title='bbox 3728 4237 3785 4292; x_wconf 79' lang='lat' dir='ltr'><strong>in</strong></span> 
     </span>
     <span class='ocr_line' id='line_1_38' title="bbox 718 4340 3791 4426; baseline -0.001 -26"><span class='ocrx_word' id='word_1_394' title='bbox 718 4342 953 4402; x_wconf 82' lang='lat' dir='ltr'><strong>lumbis</strong></span> <span class='ocrx_word' id='word_1_395' title='bbox 1003 4340 1168 4418; x_wconf 79' lang='lat' dir='ltr'><strong>ejus,</strong></span> <span class='ocrx_word' id='word_1_396' title='bbox 1206 4352 1265 4403; x_wconf 83' lang='lat' dir='ltr'><strong>et</strong></span> <span class='ocrx_word' id='word_1_397' title='bbox 1302 4347 1626 4423; x_wconf 82' lang='lat' dir='ltr'><strong>fortitudo</strong></span> <span class='ocrx_word' id='word_1_398' title='bbox 1673 4349 1861 4407; x_wconf 76' lang='lat' dir='ltr'><strong>illius</strong></span> <span class='ocrx_word' id='word_1_399' title='bbox 1910 4352 1982 4407; x_wconf 82' lang='lat' dir='ltr'><strong>in</strong></span> <span class='ocrx_word' id='word_1_400' title='bbox 2021 4348 2326 4408; x_wconf 80' lang='lat' dir='ltr'><strong>umbilico</strong></span> <span class='ocrx_word' id='word_1_401' title='bbox 2372 4351 2624 4407; x_wconf 83' lang='lat' dir='ltr'><strong>ventris</strong></span> <span class='ocrx_word' id='word_1_402' title='bbox 2658 4350 2900 4425; x_wconf 75' lang='lat' dir='ltr'><strong>ipsius,</strong></span> <span class='ocrx_word' id='word_1_403' title='bbox 2948 4342 2995 4426; x_wconf 78' lang='lat'><strong>⁵)</strong></span> <span class='ocrx_word' id='word_1_404' title='bbox 3032 4347 3255 4422; x_wconf 81' lang='lat' dir='ltr'><strong>gladio</strong></span> <span class='ocrx_word' id='word_1_405' title='bbox 3290 4345 3483 4404; x_wconf 82' lang='lat' dir='ltr'><strong>verbi</strong></span> <span class='ocrx_word' id='word_1_406' title='bbox 3515 4343 3631 4403; x_wconf 92' lang='lat' dir='ltr'><strong>Dei</strong></span> <span class='ocrx_word' id='word_1_407' title='bbox 3676 4354 3791 4400; x_wconf 85' lang='lat' dir='ltr'><strong>am·</strong></span> 
     </span>
     <span class='ocr_line' id='line_1_39' title="bbox 719 4442 3788 4526; baseline -0.001 -23"><span class='ocrx_word' id='word_1_408' title='bbox 719 4448 1003 4522; x_wconf 87' lang='lat' dir='ltr'><strong>putavit.</strong></span> <span class='ocrx_word' id='word_1_409' title='bbox 1065 4449 1269 4524; x_wconf 89' lang='lat' dir='ltr'><strong>Cujus</strong></span> <span class='ocrx_word' id='word_1_410' title='bbox 1328 4450 1648 4524; x_wconf 90' lang='lat' dir='ltr'><strong>triumphi</strong></span> <span class='ocrx_word' id='word_1_411' title='bbox 1704 4452 1988 4512; x_wconf 90' lang='lat' dir='ltr'><strong>victoria</strong></span> <span class='ocrx_word' id='word_1_412' title='bbox 2048 4452 2367 4526; x_wconf 81' lang='lat' dir='ltr'><strong>insigniS,</strong></span> <span class='ocrx_word' id='word_1_413' title='bbox 2431 4467 2709 4526; x_wconf 88' lang='lat' dir='ltr'><strong>magnae</strong></span> <span class='ocrx_word' id='word_1_414' title='bbox 2764 4451 3178 4511; x_wconf 88' lang='lat' dir='ltr'><strong>celebritatis</strong></span> <span class='ocrx_word' id='word_1_415' title='bbox 3235 4449 3452 4525; x_wconf 84' lang='lat' dir='ltr'><strong>gloria</strong></span> <span class='ocrx_word' id='word_1_416' title='bbox 3509 4447 3674 4509; x_wconf 88' lang='lat' dir='ltr'><strong>tanti</strong></span> <span class='ocrx_word' id='word_1_417' title='bbox 3716 4442 3788 4501; x_wconf 78' lang='lat' dir='ltr'><strong>fe-</strong></span> 
     </span>
     <span class='ocr_line' id='line_1_40' title="bbox 715 4549 3785 4631; baseline -0.001 -21"><span class='ocrx_word' id='word_1_418' title='bbox 715 4552 894 4610; x_wconf 88' lang='lat' dir='ltr'><strong>mina</strong></span> <span class='ocrx_word' id='word_1_419' title='bbox 956 4552 1156 4622; x_wconf 80' lang='lat' dir='ltr'><strong>facti,</strong></span> <span class='ocrx_word' id='word_1_420' title='bbox 1214 4554 1295 4612; x_wconf 88' lang='lat' dir='ltr'><strong>ad</strong></span> <span class='ocrx_word' id='word_1_421' title='bbox 1346 4554 1774 4614; x_wconf 85' lang='lat' dir='ltr'><strong>dilectionem</strong></span> <span class='ocrx_word' id='word_1_422' title='bbox 1828 4555 1945 4615; x_wconf 91' lang='lat' dir='ltr'><strong>Dei</strong></span> <span class='ocrx_word' id='word_1_423' title='bbox 2009 4561 2078 4613; x_wconf 88' lang='lat' dir='ltr'><strong>et</strong></span> <span class='ocrx_word' id='word_1_424' title='bbox 2134 4556 2632 4615; x_wconf 88' lang='lat' dir='ltr'><strong>venerationem</strong></span> <span class='ocrx_word' id='word_1_425' title='bbox 2687 4555 2869 4631; x_wconf 90' lang='lat' dir='ltr'><strong>ejus,</strong></span> <span class='ocrx_word' id='word_1_426' title='bbox 2928 4553 3469 4614; x_wconf 84' lang='lat' dir='ltr'><strong>adolescentulas</strong></span> <span class='ocrx_word' id='word_1_427' title='bbox 3528 4549 3785 4615; x_wconf 87' lang='lat' dir='ltr'><strong>multas,</strong></span> 
     </span>
     <span class='ocr_line' id='line_1_41' title="bbox 713 4647 3785 4736; baseline -0.001 -22"><span class='ocrx_word' id='word_1_428' title='bbox 713 4672 845 4715; x_wconf 88' lang='lat' dir='ltr'><strong>non</strong></span> <span class='ocrx_word' id='word_1_429' title='bbox 894 4657 1111 4715; x_wconf 88' lang='lat' dir='ltr'><strong>solum</strong></span> <span class='ocrx_word' id='word_1_430' title='bbox 1163 4664 1234 4716; x_wconf 89' lang='lat' dir='ltr'><strong>ut</strong></span> <span class='ocrx_word' id='word_1_431' title='bbox 1285 4660 1688 4733; x_wconf 89' lang='lat' dir='ltr'><strong>promissum</strong></span> <span class='ocrx_word' id='word_1_432' title='bbox 1739 4665 1865 4734; x_wconf 90' lang='lat' dir='ltr'><strong>est,</strong></span> <span class='ocrx_word' id='word_1_433' title='bbox 1921 4661 2385 4734; x_wconf 79' lang='lat' dir='ltr'><strong>inflammavit,</strong></span> <span class='ocrx_word' id='word_1_434' title='bbox 2439 4660 2555 4719; x_wconf 87' lang='lat' dir='ltr'><strong>sed</strong></span> <span class='ocrx_word' id='word_1_435' title='bbox 2604 4660 2933 4736; x_wconf 89' lang='lat' dir='ltr'><strong>quasdam</strong></span> <span class='ocrx_word' id='word_1_436' title='bbox 2981 4660 3187 4720; x_wconf 89' lang='lat' dir='ltr'><strong>etiam</strong></span> <span class='ocrx_word' id='word_1_437' title='bbox 3236 4659 3678 4732; x_wconf 86' lang='lat' dir='ltr'><strong>corporaliter</strong></span> <span class='ocrx_word' id='word_1_438' title='bbox 3717 4647 3785 4710; x_wconf 80' lang='lat' dir='ltr'><strong>ad</strong></span> 
     </span>
    </p>
   </div>
   <div class='ocr_carea' id='block_1_3' title="bbox 714 4866 3780 5206">
    <p class='ocr_par' dir='ltr' id='par_1_6' title="bbox 714 4866 3780 5206">
     <span class='ocr_line' id='line_1_42' title="bbox 789 4866 3780 4948; baseline 0 -19"><span class='ocrx_word' id='word_1_439' title='bbox 789 4875 831 4939; x_wconf 84' lang='lat'><strong>¹)</strong></span> <span class='ocrx_word' id='word_1_440' title='bbox 859 4876 1031 4931; x_wconf 81' lang='lat' dir='ltr'><strong>Recte</strong></span> <span class='ocrx_word' id='word_1_441' title='bbox 1055 4875 1232 4944; x_wconf 78' lang='lat' dir='ltr'><strong>igitur</strong></span> <span class='ocrx_word' id='word_1_442' title='bbox 1251 4876 1621 4934; x_wconf 83' lang='lat' dir='ltr'><strong>Mabillonius</strong></span> <span class='ocrx_word' id='word_1_443' title='bbox 1640 4879 1962 4935; x_wconf 79' lang='lat' dir='ltr'><strong>emendavit</strong></span> <span class='ocrx_word' id='word_1_444' title='bbox 1981 4878 2226 4935; x_wconf 80' lang='lat' dir='ltr'><strong>Mariani</strong></span> <span class='ocrx_word' id='word_1_445' title='bbox 2314 4880 2532 4936; x_wconf 85' lang='lat' dir='ltr'><strong>niorem</strong></span> <span class='ocrx_word' id='word_1_446' title='bbox 2558 4878 2769 4935; x_wconf 72' lang='lat' dir='ltr'><strong>luttam</strong></span> <span class='ocrx_word' id='word_1_447' title='bbox 2796 4878 2971 4935; x_wconf 79' lang='lat' dir='ltr'><strong>fuisse</strong></span> <span class='ocrx_word' id='word_1_448' title='bbox 2996 4878 3236 4935; x_wconf 81' lang='lat' dir='ltr'><strong>senioris</strong></span> <span class='ocrx_word' id='word_1_449' title='bbox 3262 4881 3490 4948; x_wconf 84' lang='lat' dir='ltr'><strong>neptem</strong></span> <span class='ocrx_word' id='word_1_450' title='bbox 3520 4889 3668 4930; x_wconf 82' lang='lat' dir='ltr'><strong>nunc</strong></span> <span class='ocrx_word' id='word_1_451' title='bbox 3690 4866 3780 4942; x_wconf 72' lang='lat' dir='ltr'><strong>pri·</strong></span> 
     </span>
     <span class='ocr_line' id='line_1_43' title="bbox 718 4954 3776 5033; baseline 0.003 -20"><span class='ocrx_word' id='word_1_452' title='bbox 718 4960 902 5013; x_wconf 87' lang='lat' dir='ltr'><strong>locum</strong></span> <span class='ocrx_word' id='word_1_453' title='bbox 941 4968 1293 5033; x_wconf 84' lang='lat' dir='ltr'><strong>corruptum:</strong></span> <span class='ocrx_word' id='word_1_454' title='bbox 1338 4985 1360 5012; x_wconf 78' lang='grc' dir='ltr'>ι</span> <span class='ocrx_word' id='word_1_455' title='bbox 1416 4964 1492 5019; x_wconf 85' lang='lat' dir='ltr'><strong>Et</strong></span> <span class='ocrx_word' id='word_1_456' title='bbox 1527 4965 1677 5019; x_wconf 80' lang='lat' dir='ltr'><strong>aliae</strong></span> <span class='ocrx_word' id='word_1_457' title='bbox 1727 4972 1831 5021; x_wconf 70' lang='lat' dir='ltr'><strong>tres</strong></span> <span class='ocrx_word' id='word_1_458' title='bbox 1868 4965 2012 5033; x_wconf 85' lang='lat' dir='ltr'><strong>(lege</strong></span> <span class='ocrx_word' id='word_1_459' title='bbox 2060 4967 2227 5027; x_wconf 72' lang='lat' dir='ltr'><strong>duae)</strong></span> <span class='ocrx_word' id='word_1_460' title='bbox 2317 4981 2474 5021; x_wconf 86' lang='lat' dir='ltr'><strong>mum</strong></span> <span class='ocrx_word' id='word_1_461' title='bbox 2497 4966 2815 5021; x_wconf 88' lang='lat' dir='ltr'><strong>edocemur.</strong></span> <span class='ocrx_word' id='word_1_462' title='bbox 2840 4996 2909 5005; x_wconf 94' lang='lat'><strong>—</strong></span> <span class='ocrx_word' id='word_1_463' title='bbox 2932 4966 2978 5030; x_wconf 81' lang='lat'><strong>2)</strong></span> <span class='ocrx_word' id='word_1_464' title='bbox 3006 4965 3094 5019; x_wconf 70' lang='lat' dir='ltr'><strong>Pe.</strong></span> <span class='ocrx_word' id='word_1_465' title='bbox 3134 4962 3394 5024; x_wconf 75' lang='lat' dir='ltr'><strong>cxxxi.</strong></span> <span class='ocrx_word' id='word_1_466' title='bbox 3427 4966 3514 5017; x_wconf 73' lang='lat'><strong>16.</strong></span> <span class='ocrx_word' id='word_1_467' title='bbox 3547 4990 3612 5000; x_wconf 90' lang='lat'>—</span> <span class='ocrx_word' id='word_1_468' title='bbox 3639 4957 3680 5021; x_wconf 82' lang='lat'><strong>³)</strong></span> <span class='ocrx_word' id='word_1_469' title='bbox 3702 4954 3776 5008; x_wconf 62' lang='lat' dir='ltr'><strong>PS-</strong></span> 
     </span>
     <span class='ocr_line' id='line_1_44' title="bbox 714 5046 3659 5121; baseline 0.005 -23"><span class='ocrx_word' id='word_1_470' title='bbox 714 5061 842 5098; x_wconf 86' lang='lat' dir='ltr'><strong>cum</strong></span> <span class='ocrx_word' id='word_1_471' title='bbox 871 5062 956 5107; x_wconf 84' lang='lat' dir='ltr'><strong>ea.</strong></span> <span class='ocrx_word' id='word_1_472' title='bbox 987 5047 1206 5103; x_wconf 86' lang='lat' dir='ltr'><strong>scilicet</strong></span> <span class='ocrx_word' id='word_1_473' title='bbox 1235 5049 1599 5120; x_wconf 71' lang='lat' dir='ltr'><strong>Hildeqardis</strong></span> <span class='ocrx_word' id='word_1_474' title='bbox 1635 5057 1682 5105; x_wconf 82' lang='lat' dir='ltr'><strong>et</strong></span> <span class='ocrx_word' id='word_1_475' title='bbox 1722 5050 1904 5105; x_wconf 83' lang='lat' dir='ltr'><strong>Sumet</strong></span> <span class='ocrx_word' id='word_1_476' title='bbox 1924 5051 2068 5118; x_wconf 84' lang='lat' dir='ltr'><strong>(lege</strong></span> <span class='ocrx_word' id='word_1_477' title='bbox 2095 5065 2224 5104; x_wconf 88' lang='lat' dir='ltr'><strong>cum</strong></span> <span class='ocrx_word' id='word_1_478' title='bbox 2314 5051 2461 5112; x_wconf 73' lang='lat' dir='ltr'><strong>xm.</strong></span> <span class='ocrx_word' id='word_1_479' title='bbox 2490 5056 2541 5105; x_wconf 86' lang='lat'><strong>5.</strong></span> <span class='ocrx_word' id='word_1_480' title='bbox 2574 5081 2640 5091; x_wconf 91' lang='lat'><strong>-—</strong></span> <span class='ocrx_word' id='word_1_481' title='bbox 2667 5050 2711 5112; x_wconf 81' lang='lat'><strong>⁴)</strong></span> <span class='ocrx_word' id='word_1_482' title='bbox 2739 5052 2934 5121; x_wconf 75' lang='lat' dir='ltr'><strong>Aufert</strong></span> <span class='ocrx_word' id='word_1_483' title='bbox 2957 5049 3082 5104; x_wconf 84' lang='lat' dir='ltr'><strong>cod.</strong></span> <span class='ocrx_word' id='word_1_484' title='bbox 3108 5049 3271 5110; x_wconf 73' lang='lat'><strong>108¹).</strong></span> <span class='ocrx_word' id='word_1_485' title='bbox 3301 5046 3435 5108; x_wconf 61' lang='grc' dir='ltr'><strong>ΧΠ,</strong></span> <span class='ocrx_word' id='word_1_486' title='bbox 3463 5048 3551 5100; x_wconf 73' lang='lat'><strong>&#39;2⁴-</strong></span> <span class='ocrx_word' id='word_1_487' title='bbox 3596 5074 3659 5083; x_wconf 72' lang='grc'><strong>’-</strong></span> 
     </span>
     <span class='ocr_line' id='line_1_45' title="bbox 714 5130 2789 5206; baseline 0.005 -22"><span class='ocrx_word' id='word_1_488' title='bbox 714 5130 1047 5185; x_wconf 71' lang='lat' dir='ltr'><strong>mabillonio</strong></span> <span class='ocrx_word' id='word_1_489' title='bbox 1085 5137 1298 5196; x_wconf 78' lang='lat' dir='ltr'><strong>suimet)</strong></span> <span class='ocrx_word' id='word_1_490' title='bbox 1340 5136 1588 5190; x_wconf 80' lang='lat' dir='ltr'><strong>vocabuli</strong></span> <span class='ocrx_word' id='word_1_491' title='bbox 1613 5137 1755 5190; x_wconf 75' lang='lat' dir='ltr'><strong>duae</strong></span> <span class='ocrx_word' id='word_1_492' title='bbox 1779 5141 1887 5189; x_wconf 82' lang='lat' dir='ltr'><strong>etc.</strong></span> <span class='ocrx_word' id='word_1_493' title='bbox 1943 5158 1963 5183; x_wconf 73' lang='grc' dir='ltr'><strong><em>ε</em></strong></span> <span class='ocrx_word' id='word_1_494' title='bbox 2003 5136 2109 5191; x_wconf 88' lang='lat' dir='ltr'><strong>Sed</strong></span> <span class='ocrx_word' id='word_1_495' title='bbox 2134 5135 2226 5206; x_wconf 87' lang='lat' dir='ltr'><strong>ju·</strong></span> <span class='ocrx_word' id='word_1_496' title='bbox 2314 5139 2357 5203; x_wconf 74' lang='lat'><strong>⁵)</strong></span> <span class='ocrx_word' id='word_1_497' title='bbox 2382 5137 2508 5192; x_wconf 83' lang='lat' dir='ltr'><strong>Job.</strong></span> <span class='ocrx_word' id='word_1_498' title='bbox 2542 5136 2659 5200; x_wconf 81' lang='lat' dir='ltr'><strong>XL.</strong></span> <span class='ocrx_word' id='word_1_499' title='bbox 2702 5142 2789 5189; x_wconf 80' lang='lat'><strong>11-</strong></span> 
     </span>
    </p>
   </div>
  </div>
 </body>
</html>
