4036 6117
1218 511 1455 557 mmm
1505 511 1708 556 vna:
1755 507 2255 554 memronum.
2311 508 2366 550 ι).
2417 506 2506 549 ιν.
3210 485 3337 546 149

1785 734 1922 793 1111.

1398 929 1810 1005 Responsum
1863 927 2326 987 Fortitudinis,

390 1134 451 1195 6.
485 1134 567 1195 Et
602 1135 687 1195 de
720 1134 1023 1211 praefata
1073 1135 1340 1196 turbida
1387 1136 1562 1195 nube
1593 1136 1820 1196 audivi
1869 1151 2102 1194 vocem
2153 1135 2308 1196 huic
2344 1133 2619 1209 imagini
2662 1147 3058 1208 responsum
3104 1132 3394 1194 dantem:

310 1256 338 1294 ‹
376 1237 427 1297 Ο
457 1239 632 1297 cinis
659 1239 930 1313 cineris,
960 1244 1027 1297 et
1052 1255 1091 1297 o
1124 1237 1351 1300 favilla
1387 1240 1674 1299 miserae
1703 1239 2103 1315 putredinis,
2144 1239 2209 1297 in
2242 1237 2458 1311 primo
2494 1242 2647 1296 ortu
2675 1235 3050 1311 corporalis
3085 1234 3397 1311 imaginis

308 1361 337 1399 »
377 1359 712 1405 venenosa
749 1343 963 1417 fuisti,
1014 1345 1190 1403 sicut
1238 1345 1438 1404 etiam
1494 1344 1559 1406 in
1609 1343 1969 1404 inutilitate
2015 1358 2224 1418 opera
2272 1348 2387 1403 tua
2422 1341 2639 1403 adhuc
2673 1347 2852 1416 sunt;
2907 1341 2999 1402 ita
3046 1339 3224 1417 quod
3272 1355 3395 1400 nec

309 1463 339 1500 ι
378 1446 744 1521 vermibus,
774 1446 890 1523 qui
918 1446 983 1506 in
1007 1448 1388 1507 cavernulis
1415 1447 1560 1508 suis
1587 1446 1972 1521 laborando,
2003 1446 2087 1507 ad
2113 1462 2184 1506 se
2219 1443 2494 1506 trahunt
2527 1444 2699 1505 unde
2731 1447 3118 1521 pascantur,
3153 1444 3398 1504 similis

309 1564 338 1603 ›
372 1563 472 1622 es,
511 1563 632 1608 nec
662 1550 868 1609 etiam
901 1550 1290 1610 volatilibus
1324 1565 1497 1627 quae
1543 1549 1737 1610 nidos
1770 1566 1933 1610 suos
1965 1549 2312 1624 colligunt,
2357 1554 2426 1609 et
2455 1563 2629 1624 quae
2662 1547 2865 1609 etiam
2902 1547 2967 1608 in
3001 1545 3316 1621 angustia
3345 1538 3392 1623 ¹)

307 1667 339 1706 ³
372 1659 644 1727 pastum
677 1661 1031 1731 quaerunt,
1068 1654 1239 1716 unde
1272 1670 1558 1731 corpora
1604 1672 1729 1717 sua
1775 1653 2097 1715 reficiant.
2147 1653 2316 1726 Quid
2348 1654 2526 1715 enim
2572 1654 2640 1716 in
2671 1652 2797 1716 hac
2837 1653 2977 1713 vita
3024 1653 3229 1714 vitale
3260 1657 3394 1720 est,

305 1774 334 1813 ›
370 1757 547 1832 quod
583 1759 727 1818 sine
762 1759 1215 1820 sollicitudine
1247 1759 1466 1820 vivat?
1512 1759 1709 1820 Nihil.
1765 1758 1908 1819 Vita
1955 1759 2132 1820 enim
2184 1759 2315 1818 ista
2349 1758 2434 1818 ab
2466 1757 2831 1834 exoptabili
2879 1757 3021 1819 vita
3066 1756 3180 1816 illa
3214 1771 3388 1832 quae

308 1880 337 1919 ›
375 1862 441 1921 in
472 1861 797 1924 Paradiso
832 1869 1078 1938 manet,
1118 1871 1371 1924 remota
1404 1865 1531 1939 est,
1567 1863 1683 1924 ubi
1715 1863 2020 1923 viventes
2054 1863 2232 1923 oculi
2269 1862 2332 1921 in
2382 1861 2797 1923 beatitudine
2845 1875 3184 1936 nunquam
3232 1858 3397 1920 cali-

305 1984 334 2023 1
370 1972 550 2041 gant.
587 1966 682 2026 Tu
716 1973 964 2042 autem,
1001 1985 1039 2028 o
1072 1967 1343 2043 misera,
1381 1969 1525 2027 sine
1550 1967 1666 2026 Dei
1695 1967 2050 2042 sapientia,
2086 1971 2153 2026 et
2188 1965 2535 2042 repudiata
2570 1965 2714 2025 sine
2745 1963 2864 2023 Dei
2898 1964 3387 2037 misericordia,

305 2087 334 2126 ι
370 2067 621 2129 habere
668 2069 1015 2132 desideras
1062 2071 1239 2147 quod
1287 2071 1513 2133 nullus
1564 2071 1684 2132 tibi
1732 2071 1940 2142 dabit,
1992 2070 2309 2147 quoniam
2358 2070 2611 2145 absque
2646 2069 2875 2130 labore
2921 2068 3035 2130 illa
3084 2069 3391 2144 accipere

303 2186 332 2225 ›
369 2169 498 2244 vis,
532 2186 709 2246 quae
744 2171 811 2234 in
846 2178 1152 2247 torpente
1185 2173 1457 2249 pigritia
1491 2180 1606 2234 tua
1640 2173 2141 2250 apprehendere
2173 2189 2305 2233 non
2336 2172 2609 2248 poteris,
2661 2171 2787 2234 Sed
2834 2187 2957 2247 ego
3008 2170 3383 2232 fortitudini

302 2289 331 2329 ›
367 2273 604 2349 leoniS,
640 2275 903 2338 scilicet
935 2275 1372 2338 humanitatis
1406 2277 1798 2352 SalvatoriS‚
1829 2278 1893 2337 in
1924 2276 2132 2352 regali
2166 2275 2459 2338 thalamo
2486 2276 2734 2349 servio,
2762 2280 2830 2337 et
2855 2275 2938 2334 ad
2964 2275 3186 2334 omnia
3210 2274 3385 2335 bona

302 2391 331 2431 ι
365 2374 480 2435 Dei
517 2378 814 2454 suspiro,
868 2394 946 2440 ac
996 2379 1241 2457 ubique
1276 2381 1453 2455 v010,
1490 2381 2054 2458 quemadmodum
2104 2380 2216 2440 ille
2250 2380 2365 2456 qui
2397 2379 2676 2455 pallium
2711 2394 2908 2440 suum
2955 2379 3088 2439 late
3136 2377 3393 2439 dilatat.

302 2497 331 2535 »
367 2479 790 2558 Quapropter
822 2484 1047 2543 omnia
1081 2499 1325 2559 genera
1361 2485 1739 2561 linguarum
1773 2491 1842 2548 et
1873 2501 2107 2546 omnes
2156 2483 2463 2544 nationes
2511 2481 2879 2557 hominum,
2933 2481 3049 2558 qui
3100 2481 3165 2541 in
3214 2481 3389 2542 bono

299 2599 328 2639 ι
363 2585 732 2660 persistere
769 2587 1020 2663 volunt,
1058 2588 1139 2650 ad
1177 2604 1278 2649 me
1314 2589 1629 2665 clamant,
1665 2595 1731 2650 et
1766 2605 1870 2652 me
1908 2588 2157 2650 habere
2188 2588 2596 2663 desiderant,
2644 2587 2762 2648 sed
2795 2593 2861 2648 te
2919 2586 3152 2649 inutile
3188 2586 3386 2648 cada-

265 2673 268 2678 ’
303 2702 332 2741 ›
369 2703 488 2748 ver
519 2704 675 2749 esse
708 2698 1119 2768 computant.
1162 2712 1193 2750 10

383 2791 441 2852 7.
477 2793 561 2856 Et
593 2795 730 2854 vidi
766 2797 1034 2858 tertiam
1071 2798 1451 2875 imaginem,
1488 2800 1682 2877 cujus
1715 2804 1915 2877 caput
1951 2806 2022 2860 ut
2055 2805 2256 2876 caput
2292 2799 2623 2860 stellionis
2671 2803 2840 2875 erat,
2890 2802 2957 2858 et
2990 2798 3184 2875 cujus
3234 2797 3389 2856 reli-

297 2911 499 2970 quum
532 2913 781 2974 corpus
829 2903 1096 2976 corpori
1145 2902 1437 2964 lacertae
1486 2905 2011 2966 assimilabatur.
2046 2906 2126 2964 Et
2160 2921 2386 2966 coram
2425 2905 2541 2965 illa
2574 2905 2787 2964 nubes
2821 2903 3165 2981 apparuit,
3215 2917 3389 2979 quae

299 2998 509 3077 nigra,
546 3002 839 3080 turbida,
878 3021 956 3067 ac
987 3007 1311 3069 nebulosa
1344 3015 1512 3084 erat,
1550 3014 1616 3070 et
1649 3009 1857 3072 densa
1890 3011 2042 3071 alba
2078 3011 2251 3071 nube
2288 3009 2688 3072 intermixta.

1810 3236 1879 3296 V.

1533 3429 1733 3491 Verba
1781 3429 2154 3492 Oblivsonis.

383 3630 441 3692 8.
496 3632 578 3693 Et
609 3634 844 3695 eadem
879 3636 1098 3713 imago
1133 3639 1505 3699 anteriores
1538 3640 1739 3716 pedes
1774 3657 1932 3702 suos
1967 3657 2172 3717 supra
2221 3641 2634 3717 praedictam
2666 3639 2908 3703 nubem
2935 3641 3279 3716 posuerat,
3314 3642 3381 3701 et

296 3735 579 3797 dicebat:
635 3758 666 3796 ι
708 3739 869 3800 Cum
921 3739 1096 3801 Deus
1131 3757 1235 3801 me
1285 3744 1563 3819 nesciat,
1600 3750 1667 3804 et
1715 3760 1867 3804 cum
1900 3762 2021 3805 nec
2070 3762 2192 3822 ego
2237 3745 2424 3805 illum
2478 3746 2712 3822 sciam,
2749 3761 2871 3805 cur
2919 3743 3379 3805 abstraherem

302 3860 331 3898 »
368 3860 473 3903 me
501 3862 540 3903 a
567 3844 912 3906 voluntate
941 3862 1111 3921 mea,
1149 3848 1460 3922 quoniam
1496 3864 1618 3908 nec
1650 3849 1828 3910 Deus
1863 3866 1968 3910 me
2002 3853 2170 3925 vult,
2208 3867 2328 3910 nec
2361 3868 2483 3927 ego
2520 3866 2669 3910 eum
2707 3849 2956 3910 sentio?
2987 3848 3170 3908 Unde
3201 3846 3379 3925 quod

308 3966 336 4003 ι
373 3950 438 4008 in
474 3965 876 4026 unaquaque
910 3967 1116 4011 causa
1150 3952 1312 4011 mihi
1346 3953 1641 4028 prodest,
1677 3961 1746 4015 et
1770 3956 1946 4031 quod
1980 3957 2156 4031 volo,
2187 3956 2312 4016 hoc
2346 3957 2593 4033 ubique
2620 3955 2993 4030 inspiciam,
3022 3953 3178 4030 quia
3205 3953 3382 4030 quod

300 4070 331 4107 ι
367 4053 533 4127 scic,
569 4058 639 4112 et
686 4052 865 4128 quod
898 4052 1220 4129 intelligo,
1272 4060 1339 4113 et
1370 4056 1547 4131 quod
1580 4063 1801 4132 gust0‚
1853 4058 1979 4119 hoc
2015 4059 2277 4119 faciam.
2312 4058 2502 4117 Multi
2549 4064 2774 4118 autem
2818 4058 2900 4116 ad
2934 4072 3039 4115 me
3087 4057 3380 4116 clamant

301 4172 330 4211 ›
364 4156 447 4216 de
485 4156 703 4216 aliena
736 4157 897 4231 vita,
934 4173 1135 4233 quam
1169 4175 1291 4219 nec
1325 4160 1490 4237 scic,
1529 4177 1650 4220 nec
1682 4163 1902 4239 audi0‚
1939 4166 2005 4223 et
2046 4180 2247 4240 quam
2280 4164 2503 4223 nullus
2546 4163 2708 4223 mihi
2751 4162 3064 4224 ostendit.
3098 4161 3378 4222 Plurimi

300 4276 329 4316 ι
367 4276 637 4338 quoque
671 4260 835 4321 mihi
867 4261 1117 4323 dicunt:
1145 4264 1275 4322 Fac
1308 4263 1433 4324 hoc
1467 4271 1535 4325 et
1567 4265 1715 4341 hoc,
1746 4267 1814 4326 hi
1838 4266 2041 4328 Deum
2079 4268 2242 4327 mihi
2267 4268 2622 4329 ostendant
2643 4266 2719 4347 ²),
2756 4271 2822 4329 et
2847 4268 3077 4343 vitam,
3113 4270 3179 4327 et
3211 4284 3383 4328 mer-

300 4378 329 4418 »
366 4362 602 4422 cedem
637 4380 838 4438 quarn
875 4370 1225 4441 receptura
1263 4384 1434 4443 sum,
1474 4375 1545 4429 ut
1581 4370 1790 4430 sciam
1825 4371 1983 4447 quid
2022 4371 2242 4431 facere
2274 4374 2550 4449 possim.
2587 4372 2711 4432 Sed
2743 4379 2811 4433 et
2850 4372 3123 4450 plurimi
3157 4378 3380 4448 tyran-

301 4481 330 4521 »
368 4466 435 4524 ni
472 4465 554 4523 ad
594 4481 699 4525 me
732 4473 1033 4544 currunt,
1070 4473 1136 4527 et
1170 4472 1507 4545 magnalia
1538 4482 1896 4548 praecepta
1928 4490 2101 4551 quae
2136 4475 2351 4550 magis
2388 4474 2558 4535 falsa
2590 4491 2793 4551 quam
2823 4490 2984 4537 vera
3017 4474 3174 4549 sint,
3213 4473 3378 4536 mihi

298 4586 330 4629 >
365 4577 768 4650 proponunt,
805 4577 873 4632 et
905 4589 1076 4650 quae
1112 4576 1242 4651 ipsi
1274 4593 1553 4652 prorsus
1588 4595 1719 4638 non
1755 4578 2025 4641 faciunt.
2062 4580 2247 4653 Quod
2280 4587 2506 4642 autem
2533 4597 2637 4641 me
2673 4580 2893 4642 facere
2926 4581 3213 4658 oportet,
3250 4578 3378 4639 hoc

299 4691 329 4733 »
366 4676 625 4739 licitum
676 4682 805 4751 est,
845 4683 917 4738 ut
964 4678 1128 4739 mihi
1160 4689 1517 4758 praecepto
1570 4683 1970 4760 injungatur.
2022 4685 2355 4747 Plurimos
2390 4692 2611 4748 autem
2646 4686 2840 4762 Deos,
2878 4685 3140 4749 scilicet
3172 4684 3379 4761 magi-

299 4792 330 4833 »
365 4781 547 4837 stros
580 4778 757 4839 nolo.
795 4778 859 4840 Si
894 4779 1070 4841 Deus
1104 4789 1229 4858 est,
1266 4791 1524 4846 certum
1557 4789 1660 4847 est
1693 4787 1870 4864 quod
1905 4804 2008 4848 me
2044 4790 2256 4850 nescit
2288 4783 2358 4869 ³).
2400 4808 2431 4848 »

367 4998 408 5067 ¹)
435 5008 674 5074 anquam
699 5002 847 5061 male
874 5004 964 5061 W.
997 5036 1062 5047 —
1088 5007 1134 5074 ²)
1160 5011 1446 5068 ostendunt
1469 5010 1535 5068 Α.
1569 5043 1635 5052 -
1662 5014 1740 5081 (3)
1767 5033 1845 5071 me
1867 5018 1989 5079 scit.
2017 5020 2255 5088 uterque
2280 5015 2478 5083 codex.
2505 5032 2576 5073 an
2600 5033 2772 5093 pravo
2797 5018 3114 5075 consensu?
