4036 6117
1389 493 1804 538 nxrosirio
1853 492 2516 537 nvaxcssmonum.
3301 472 3421 531 291

1894 766 1999 825 111.

1744 978 1790 1035 A
1804 978 1890 1035 lio
1939 978 2144 1036 modo,

493 1184 650 1245 Erat
684 1189 891 1260 homo,
929 1184 991 1243 id
1028 1187 1131 1245 est
1164 1190 1496 1259 peccator,
1535 1204 1617 1243 ea:
1653 1186 2058 1259 PharisaeiS,
2096 1187 2356 1245 scilicet
2389 1204 2426 1244 a
2464 1186 2692 1244 multis
2726 1183 3064 1259 operibuS‚
3096 1181 3486 1241 Nicodamus

401 1294 689 1358 nomine,
720 1291 784 1350 id
812 1298 915 1350 est
941 1292 1464 1365 praevaricator,
1495 1293 1809 1368 princeps
1844 1292 2273 1367 Judaeorum,
2304 1292 2616 1351 videlicet
2651 1291 2825 1349 mala
2861 1305 2983 1348 sua
3012 1287 3486 1347 confitentium.

491 1395 611 1455 Hic
657 1398 835 1455 venit
885 1396 970 1453 ad
1020 1394 1270 1468 Jesum,
1310 1394 1569 1453 scilicet
1618 1395 1699 1453 ad
1734 1396 2242 1470 poenitentiam,
2293 1402 2479 1456 nocte
2510 1395 2575 1453 in
2609 1393 3049 1467 dubitatione,
3087 1399 3151 1451 et
3187 1393 3363 1451 dixit
3398 1392 3485 1449 ei:

402 1498 624 1573 Rabbi,
670 1501 829 1575 quia
862 1499 1132 1559 modum
1165 1499 1610 1575 poenitentiae
1648 1506 2004 1575 temperaS,
2044 1502 2284 1559 scimus
2318 1503 2475 1577 quia
2509 1519 2548 1558 a
2584 1501 2715 1559 Deo
2745 1499 2987 1556 venisti
3019 1499 3355 1575 mayister,
3395 1494 3489 1553 ita

403 1610 476 1661 ut
511 1619 548 1662 a
578 1603 711 1662 Deo
749 1603 865 1675 εἰς,
903 1605 970 1662 et
1001 1619 1131 1661 non
1167 1602 1248 1662 ab
1283 1602 1434 1661 alic.
1473 1600 1678 1661 Nemo
1712 1605 1893 1662 enim
1919 1609 2133 1681 potest
2178 1606 2334 1664 haec
2384 1604 2571 1681 siqua
2601 1603 2823 1679 facere
2856 1618 3021 1677 quae
3058 1605 3132 1659 tu
3163 1601 3354 1677 faciS,
3396 1599 3490 1659 ita

398 1712 476 1765 ut
522 1709 912 1781 peccatores
946 1707 1027 1766 ad
1078 1707 1285 1767 vitam
1322 1707 1627 1782 reducaS,
1679 1710 1811 1767 nisi
1843 1710 2053 1785 fuerit
2107 1708 2282 1768 Deus
2317 1726 2466 1769 cum
2515 1725 2610 1781 ec,
2649 1707 2779 1766 nisi
2814 1721 2932 1780 per
2964 1704 3284 1780 Spiritum
3332 1704 3492 1764 San-

401 1814 607 1870 ctum.
681 1826 694 1840 ·

493 1916 852 1993 Respondit
904 1916 1094 1975 Jesus
1129 1923 1190 1975 et
1242 1916 1414 1974 dimit
1451 1919 1534 1987 ei,
1588 1917 1703 1991 qui
1737 1916 1818 1976 ad
1866 1913 2075 1975 Deum
2127 1916 2373 1976 reverti
2422 1916 2595 1975 vult:
2649 1916 2881 1988 Amen,
2931 1932 3125 1973 amen
3175 1914 3319 1974 dico
3366 1911 3486 1972 tibi

396 2019 543 2078 sine
589 2019 812 2079 dubio:
851 2020 996 2080 Nisi
1044 2022 1191 2096 quis
1223 2027 1420 2079 natus
1468 2022 1675 2097 fuerit
1712 2021 1949 2095 denuo,
2002 2020 2096 2080 ita
2131 2028 2203 2080 ut
2236 2037 2447 2080 novus
2486 2019 2547 2077 in
2599 2018 3035 2078 conversione
3078 2024 3354 2094 peccata
3389 2017 3485 2076 di-

401 2123 722 2183 mittendo
761 2124 897 2197 fiat,
936 2142 1069 2182 non
1098 2130 1310 2199 potest
1344 2124 1567 2182 videre
1601 2144 1882 2201 reynum
1917 2124 2061 2197 Dei,
2100 2124 2156 2183 si
2193 2123 2258 2182 in
2291 2124 2465 2183 malo
2500 2121 3059 2197 perseveraverit.

493 2229 663 2288 Dicit
714 2228 799 2286 ad
847 2246 1000 2286 eum
1049 2228 1465 2302 Nicodamus,
1524 2228 1784 2288 scilicet
1833 2229 2356 2303 praevaricator:
2413 2227 2740 2300 Quomodo
2782 2231 2997 2303 potest
3035 2216 3232 2286 ‘homo
3278 2228 3485 2299 nasci,

403 2330 466 2390 id
513 2337 616 2391 est
665 2348 876 2390 novus
928 2330 1070 2391 fieri
1123 2332 1186 2390 in
1238 2333 1624 2407 sanctitate,
1678 2352 1827 2393 cum
1879 2336 1962 2392 sit
1998 2353 2225 2406 senex,
2265 2333 2525 2393 scilicet
2576 2332 2989 2391 inveteratus
3038 2331 3103 2390 in
3160 2332 3478 2407 peccatis

399 2435 738 2513 Numquid
764 2443 980 2513 potest
1015 2438 1087 2496 in
1135 2443 1456 2512 ventrem,
1493 2437 1807 2497 videlicet
1843 2438 1908 2497 in
1941 2438 2627 2513 comprehensionem,
2666 2438 2900 2495 matris
2935 2454 3116 2510 suae,
3156 2436 3218 2495 id
3253 2442 3359 2497 est
3392 2437 3487 2495 in-

404 2543 773 2617 nocentiae,
813 2544 1052 2601 itorum
1099 2545 1400 2617 introire,
1452 2543 1767 2603 videlicet
1812 2544 2164 2619 angustias
2199 2560 2317 2620 pro
2366 2543 2662 2618 peccatis
2698 2544 2842 2601 suis
2876 2541 3146 2617 habere,
3182 2549 3242 2601 et
3279 2545 3485 2616 nasci,

402 2645 465 2704 id
499 2652 604 2705 est
636 2652 912 2722 peccata
946 2646 1321 2706 dimittere?

487 2752 848 2827 Respondit
883 2750 1100 2813 Jesus:
1140 2752 1350 2811 Amen
1387 2751 1529 2811 dico
1562 2750 1700 2827 tibi,
1751 2751 1877 2812 hoc
1909 2751 2401 2812 demonstrans:
2438 2753 2586 2813 Nisi
2618 2753 2764 2828 quis
2797 2758 3074 2811 renatus
3106 2752 3339 2829 suerit,
3378 2767 3488 2810 ve·

397 2863 607 2915 terem
657 2854 990 2914 hominem
1023 2854 1376 2930 abjiciens,
1427 2876 1511 2915 esc
1545 2875 1715 2933 aqua
1763 2857 2160 2932 poenitendo
2198 2857 2558 2931 gemitibus
2607 2865 2672 2916 et
2704 2844 3031 2931 'lacrimis,
3072 2857 3164 2915 ita
3198 2861 3272 2914 ut
3315 2856 3491 2916 mala

395 2960 646 3020 devitet
669 3007 683 3032 ,
736 2965 796 3018 et
833 2962 1077 3036 spiritu
1124 2961 1655 3035 compunctionis
1690 2960 1773 3019 ad
1822 2962 2055 3034 vitam,
2095 2967 2165 3019 ut
2216 2962 2386 3020 bona
2422 2960 2645 3034 faciat,
2694 2980 2827 3020 non
2856 2966 3069 3038 potest
3106 2963 3488 3020 introirem

394 3083 674 3141 requam
710 3065 853 3138 Dei,
893 3070 965 3123 ut
999 3079 1276 3123 consors
1312 3064 1562 3125 Christi
1611 3065 1963 3125 efficiatur.
2004 3066 2187 3138 Quod
2234 3072 2468 3125 natum
2501 3073 2596 3124 est
2645 3067 2725 3124 de
2761 3085 2981 3140 carne,
3035 3066 3102 3125 in
3135 3066 3485 3142 putredine

396 3174 857 3243 peccatorum,
893 3185 1040 3228 caro
1074 3178 1191 3240 est,
1231 3170 1297 3227 in
1331 3169 1625 3242 peccatis
1654 3170 1885 3244 jacens
1921 3171 2063 3228 sine
2101 3170 2429 3229 lavatione
2465 3169 2933 3245 poenitentiae:
2964 3177 3023 3229 et
3053 3171 3224 3248 quod
3251 3177 3487 3230 natum

389 3278 486 3330 est
521 3272 601 3331 de
642 3274 907 3349 spiritu,
945 3274 1305 3333 excitatum
1343 3273 1424 3332 ad
1459 3275 1936 3349 poenitentiam
1973 3274 2407 3349 inspiratione
2443 3275 2730 3350 Spiritus
2766 3274 3011 3350 Sancti,
3052 3278 3325 3352 spiritus
3361 3283 3483 3351 est,

397 3375 657 3435 scilicet
705 3391 782 3435 ea
816 3378 994 3453 sapit
1043 3393 1212 3453 quae
1247 3377 1328 3436 ad
1365 3378 1568 3439 vitam
1621 3383 1797 3451 sunt,
1837 3394 1986 3437 cum
2026 3378 2339 3451 poenitet.
2379 3378 2526 3436 Non
2559 3380 2849 3452 mireris,
2901 3378 3215 3438 videlicet
3247 3379 3492 3442 durum

399 3483 521 3542 tibi
555 3500 684 3543 non
717 3484 828 3559 sit,
863 3487 1021 3561 quia
1052 3486 1197 3545 diaei
1232 3485 1371 3544 tibi:
1410 3485 1675 3561 Oportet
1725 3503 1832 3544 vos
1865 3486 2049 3544 nasci
2099 3485 2337 3558 denuo,
2377 3485 2441 3543 id
2477 3489 2582 3544 est
2629 3499 2748 3559 per
2796 3485 3377 3561 compunctionem
3422 3493 3490 3547 et

400 3589 876 3663 poenitentiam
917 3591 1226 3651 renovari
1262 3590 1344 3651 ad
1380 3591 1611 3651 vitam.

489 3697 800 3773 Spiritus,
843 3698 1103 3757 scilicet
1136 3697 1416 3758 Sanctus
1444 3698 1553 3758 ubi
1580 3699 1743 3772 vult,
1774 3701 2006 3776 spirat,
2040 3700 2104 3759 in
2139 3698 2648 3774 compunctione
2683 3699 3141 3775 lacrimarum,
3169 3706 3239 3760 et*
3267 3718 3487 3761 vocem

399 3795 542 3874 ejus
588 3803 780 3861 audis
834 3803 898 3860 in
945 3800 1364 3863 confessione
1414 3804 1824 3879 peccatoris,
1876 3811 1938 3863 et
1988 3807 2202 3865 nescis
2250 3805 2430 3864 unde
2464 3807 2709 3879 veniat,
2747 3819 2868 3879 per
2916 3804 3203 3880 gratiam
3253 3805 3335 3865 ad
3370 3821 3490 3867 cor

397 3908 774 3982 peccatoris
823 3923 974 3966 eum
1011 3907 1450 3982 admonendO,
1502 3914 1617 3968 aut
1655 3927 1780 3985 quo
1826 3911 2020 3969 vadat
2053 3925 2208 3970 eum
2242 3909 2702 3984 confortand0‚
2740 3914 2816 3969 ut
2850 3909 2917 3968 in
2951 3909 3145 3968 bonis
3179 3924 3491 3985 perseve-

403 4012 523 4070 ret.
560 4008 666 4069 Sic
712 4016 818 4071 est
849 4012 1067 4070 omnis
1118 4011 1434 4071 reductus
1468 4011 1552 4072 ad
1600 4013 1832 4087 vitam,
1869 4013 1983 4088 qui
2034 4020 2232 4072 natus
2264 4018 2371 4072 est
2402 4029 2481 4072 ex
2531 4012 2805 4087 Spiritu,
2858 4026 2977 4086 per
3010 4011 3487 4086 poenitentiam

404 4114 485 4174 ad
521 4114 727 4174 vitam
763 4131 1145 4190 resurgens,
1547 4102 1555 4110 ’

492 4221 851 4297 Respondit
890 4221 1307 4295 Nicodamus,
1346 4220 1409 4280 id
1444 4227 1546 4281 est
1578 4222 2104 4296 praevaricator,
2142 4221 2460 4281 duritiam
2494 4221 2859 4296 deponenS,
2908 4227 2971 4280 et
3007 4222 3100 4280 ait
3151 4221 3279 4280 illi:
3321 4221 3487 4293 Quo-

401 4323 588 4381 modo
614 4331 889 4400 possunt
926 4328 1084 4385 haec
1117 4327 1282 4404 fieri,
1313 4331 1386 4384 ut
1412 4326 1526 4401 qui
1554 4326 1784 4385 multis
1810 4326 2108 4401 peccatis
2133 4325 2372 4384 noxius
2399 4327 2523 4399 est,
2564 4326 2878 4383 innocens
2912 4325 2993 4384 de
3020 4326 3317 4400 peccatis
3344 4325 3493 4385 fiat‘?

406 4427 766 4504 Respondit
803 4427 1013 4501 Jesus,
1055 4428 1116 4486 id
1153 4433 1257 4487 est
1289 4428 1720 4504 poenitentia,
1759 4436 1819 4488 ct
1855 4432 2028 4489 discit
2064 4431 2125 4489 ei
2159 4428 2596 4489 confortando
2632 4434 2699 4487 et
2731 4428 3144 4488 exhortando
3187 4432 3493 4505 peccato-

404 4546 565 4589 rem:
609 4531 706 4591 Tu
739 4551 805 4589 cs
837 4535 1174 4609 vnaqistcr‚
1212 4533 1368 4608 quia
1403 4534 1982 4610 compunctionem
2020 4534 2321 4606 habebiS,
2354 4535 2424 4592 in
2464 4535 2693 4609 Israel,
2725 4550 2996 4594 sursum
3031 4535 3097 4594 in
3130 4536 3493 4611 gemitibus

406 4634 780 4708 suspiranS‚
819 4642 878 4692 ct
916 4638 1072 4694 haec
1106 4639 1389 4712 iquoras,
1428 4637 1604 4713 quod
1638 4638 1847 4698 vitam
1885 4638 2135 4697 habeas
2169 4644 2441 4713 peccata
2479 4641 2591 4698 tua
2625 4638 3031 4699 confitendo?

497 4743 734 4808 Amen,
771 4759 966 4799 amen
1000 4741 1144 4801 dico
1177 4741 1315 4816 tibi,
1353 4747 1510 4818 quia
1541 4744 1710 4819 quod
1738 4747 2001 4818 scimuS,
2034 4745 2387 4820 loquimur,
2420 4742 2720 4802 homines
2747 4758 2865 4818 per
2892 4743 3383 4804 confessionem
3411 4745 3493 4804 ad

403 4843 612 4902 vitam
648 4859 1020 4919 resurgere,
1059 4850 1118 4903 et
1157 4847 1326 4921 quod
1361 4848 1667 4916 vidimus
1706 4855 2057 4918 testamur,
2099 4848 2188 4906 ita
2224 4847 2399 4923 quod
2436 4849 2711 4906 multam
2755 4848 3037 4922 gloriam
3072 4849 3307 4908 deinde
3342 4866 3495 4909 con-

408 4954 794 5022 sequentur,
824 4955 883 5007 at
913 4953 1363 5008 testimonium
1390 4960 1691 5012 nosti-mn
1725 4972 1856 5012 non
1884 4955 2208 5030 accipiti5‚
2238 4954 2295 5011 si
2327 4954 2389 5011 in
2415 4953 2756 5011 dubietate
2791 4970 3224 5028 perseverare
3263 4956 3490 5020 vultis,

405 5052 571 5112 nihil
621 5053 811 5113 vobis
861 5055 1177 5128 proderit.
1219 5056 1304 5144 'Si
1354 5063 1623 5126 tei-‚rena
1670 5059 1814 5118 disci
1848 5059 2046 5129 vobis,
2098 5058 2163 5117 id
2197 5061 2301 5118 est
2333 5060 2406 5117 ut
2438 5063 2711 5133 peccata
2748 5065 2974 5117 vestra
3012 5059 3390 5134 dimittatis,
3430 5069 3490 5117 et

405 5174 537 5216 non
571 5158 859 5233 crediti&
899 5161 970 5219 ut
1006 5159 1100 5218 sic
1138 5159 1216 5218 ad
1253 5160 1460 5219 vitam
1493 5164 1882 5238 resurgatiS,
1913 5163 2226 5240 quomodo
2262 5165 2314 5220 si
2346 5162 2510 5222 vobis
2545 5163 2776 5222 differo
2811 5164 3135 5238 coelestia,
3166 5164 3321 5240 quia
3352 5182 3485 5225 ma-
