<?xml version="1.0" encoding="UTF-8"?>
<!DOCTYPE html PUBLIC "-//W3C//DTD XHTML 1.0 Transitional//EN"
    "http://www.w3.org/TR/xhtml1/DTD/xhtml1-transitional.dtd">
<html xmlns="http://www.w3.org/1999/xhtml" xml:lang="en" lang="en">
 <head>
  <title>
</title>
<meta http-equiv="Content-Type" content="text/html;charset=utf-8" />
  <meta name='ocr-system' content='tesseract 3.04.00' />
  <meta name='ocr-capabilities' content='ocr_page ocr_carea ocr_par ocr_line ocrx_word'/>
</head>
<body>
  <div class='ocr_page' id='page_1' title='image "analectasacrasp05pitrgoog_0272.png"; bbox 0 0 4036 6117; ppageno 0'>
   <div class='ocr_carea' id='block_1_1' title="bbox 644 410 2450 473">
    <p class='ocr_par' dir='ltr' id='par_1_1' title="bbox 644 410 2450 473">
     <span class='ocr_line' id='line_1_1' title="bbox 644 410 2450 473; baseline 0.001 -2"><span class='ocrx_word' id='word_1_1' title='bbox 644 410 774 471; x_wconf 77' lang='lat'><strong>236</strong></span> <span class='ocrx_word' id='word_1_2' title='bbox 1790 428 1841 472; x_wconf 91' lang='lat' dir='ltr'><strong>s.</strong></span> <span class='ocrx_word' id='word_1_3' title='bbox 1895 426 2450 473; x_wconf 62' lang='lat' dir='ltr'><strong>mnnsoannts</strong></span> 
     </span>
    </p>
   </div>
   <div class='ocr_carea' id='block_1_2' title="bbox 571 539 3671 1243">
    <p class='ocr_par' dir='ltr' id='par_1_2' title="bbox 571 539 3671 1243">
     <span class='ocr_line' id='line_1_2' title="bbox 573 539 3663 620; baseline 0.001 -21"><span class='ocrx_word' id='word_1_4' title='bbox 573 539 769 600; x_wconf 90' lang='lat' dir='ltr'><strong>laude</strong></span> <span class='ocrx_word' id='word_1_5' title='bbox 819 540 1111 601; x_wconf 88' lang='lat' dir='ltr'><strong>innovati</strong></span> <span class='ocrx_word' id='word_1_6' title='bbox 1146 541 1396 617; x_wconf 77' lang='lat' dir='ltr'><strong>gaudii,</strong></span> <span class='ocrx_word' id='word_1_7' title='bbox 1433 542 1816 617; x_wconf 83' lang='lat' dir='ltr'>passionem</span> <span class='ocrx_word' id='word_1_8' title='bbox 1850 544 2002 603; x_wconf 88' lang='lat' dir='ltr'><strong>Filii</strong></span> <span class='ocrx_word' id='word_1_9' title='bbox 2036 542 2154 604; x_wconf 93' lang='lat' dir='ltr'><strong>Dei</strong></span> <span class='ocrx_word' id='word_1_10' title='bbox 2187 542 2623 620; x_wconf 85' lang='lat' dir='ltr'><strong>passionibus</strong></span> <span class='ocrx_word' id='word_1_11' title='bbox 2673 542 2955 601; x_wconf 88' lang='lat' dir='ltr'><strong>istorum</strong></span> <span class='ocrx_word' id='word_1_12' title='bbox 2993 541 3374 602; x_wconf 84' lang='lat' dir='ltr'><strong>innovatam</strong></span> <span class='ocrx_word' id='word_1_13' title='bbox 3412 540 3663 617; x_wconf 79' lang='lat' dir='ltr'><strong>laudat,</strong></span> 
     </span>
     <span class='ocr_line' id='line_1_3' title="bbox 573 637 3664 723; baseline -0 -19"><span class='ocrx_word' id='word_1_14' title='bbox 573 650 641 704; x_wconf 89' lang='lat' dir='ltr'><strong>et</strong></span> <span class='ocrx_word' id='word_1_15' title='bbox 665 646 930 720; x_wconf 86' lang='lat' dir='ltr'><strong>quoties</strong></span> <span class='ocrx_word' id='word_1_16' title='bbox 956 645 1182 705; x_wconf 85' lang='lat' dir='ltr'><strong>divina</strong></span> <span class='ocrx_word' id='word_1_17' title='bbox 1209 646 1527 721; x_wconf 82' lang='lat' dir='ltr'><strong>maJ&#39;estas</strong></span> <span class='ocrx_word' id='word_1_18' title='bbox 1559 648 1912 722; x_wconf 85' lang='lat' dir='ltr'><strong>passiones</strong></span> <span class='ocrx_word' id='word_1_19' title='bbox 1940 663 2174 707; x_wconf 91' lang='lat' dir='ltr'><strong>eorum</strong></span> <span class='ocrx_word' id='word_1_20' title='bbox 2203 648 2524 721; x_wconf 80' lang='lat' dir='ltr'><strong>tetigerit,</strong></span> <span class='ocrx_word' id='word_1_21' title='bbox 2554 645 2985 721; x_wconf 87' lang='lat' dir='ltr'><strong>passionibus</strong></span> <span class='ocrx_word' id='word_1_22' title='bbox 3025 644 3170 704; x_wconf 93' lang='lat' dir='ltr'><strong>suis</strong></span> <span class='ocrx_word' id='word_1_23' title='bbox 3201 637 3247 723; x_wconf 89' lang='lat'><strong>¹)</strong></span> <span class='ocrx_word' id='word_1_24' title='bbox 3283 644 3664 719; x_wconf 86' lang='lat' dir='ltr'><strong>passionem</strong></span> 
     </span>
     <span class='ocr_line' id='line_1_4' title="bbox 574 748 3671 827; baseline -0.001 -17"><span class='ocrx_word' id='word_1_25' title='bbox 574 751 740 825; x_wconf 81' lang='lat' dir='ltr'><strong>Agni</strong></span> <span class='ocrx_word' id='word_1_26' title='bbox 793 750 1173 811; x_wconf 88' lang='lat' dir='ltr'><strong>renovando</strong></span> <span class='ocrx_word' id='word_1_27' title='bbox 1223 750 1618 825; x_wconf 85' lang='lat' dir='ltr'><strong>glorificant.</strong></span> <span class='ocrx_word' id='word_1_28' title='bbox 1670 751 1754 811; x_wconf 88' lang='lat' dir='ltr'><strong>Hi</strong></span> <span class='ocrx_word' id='word_1_29' title='bbox 1788 753 1855 810; x_wconf 94' lang='lat' dir='ltr'><strong>in</strong></span> <span class='ocrx_word' id='word_1_30' title='bbox 1904 752 2174 812; x_wconf 88' lang='lat' dir='ltr'><strong>saeculo</strong></span> <span class='ocrx_word' id='word_1_31' title='bbox 2209 750 2608 827; x_wconf 82' lang='lat' dir='ltr'><strong>corporibus</strong></span> <span class='ocrx_word' id='word_1_32' title='bbox 2657 750 2801 809; x_wconf 91' lang='lat' dir='ltr'><strong>suis</strong></span> <span class='ocrx_word' id='word_1_33' title='bbox 2834 748 3074 823; x_wconf 90' lang='lat' dir='ltr'><strong>induti,</strong></span> <span class='ocrx_word' id='word_1_34' title='bbox 3125 764 3256 807; x_wconf 91' lang='lat' dir='ltr'><strong>non</strong></span> <span class='ocrx_word' id='word_1_35' title='bbox 3290 749 3505 808; x_wconf 90' lang='lat' dir='ltr'><strong>solum</strong></span> <span class='ocrx_word' id='word_1_36' title='bbox 3553 763 3671 806; x_wconf 82' lang='lat' dir='ltr'><strong>vo-</strong></span> 
     </span>
     <span class='ocr_line' id='line_1_5' title="bbox 572 849 3662 930; baseline -0.002 -17"><span class='ocrx_word' id='word_1_37' title='bbox 572 852 863 915; x_wconf 89' lang='lat' dir='ltr'><strong>luntates</strong></span> <span class='ocrx_word' id='word_1_38' title='bbox 913 871 1073 915; x_wconf 90' lang='lat' dir='ltr'><strong>suas</strong></span> <span class='ocrx_word' id='word_1_39' title='bbox 1123 855 1571 930; x_wconf 80' lang='lat' dir='ltr'><strong>reliquerant,</strong></span> <span class='ocrx_word' id='word_1_40' title='bbox 1625 854 1741 914; x_wconf 90' lang='lat' dir='ltr'><strong>sed</strong></span> <span class='ocrx_word' id='word_1_41' title='bbox 1791 855 1996 914; x_wconf 91' lang='lat' dir='ltr'><strong>etiam</strong></span> <span class='ocrx_word' id='word_1_42' title='bbox 2044 854 2275 914; x_wconf 90' lang='lat' dir='ltr'><strong>eadem</strong></span> <span class='ocrx_word' id='word_1_43' title='bbox 2310 870 2596 930; x_wconf 90' lang='lat' dir='ltr'><strong>corpora</strong></span> <span class='ocrx_word' id='word_1_44' title='bbox 2646 870 2768 913; x_wconf 89' lang='lat' dir='ltr'><strong>sua</strong></span> <span class='ocrx_word' id='word_1_45' title='bbox 2804 853 3035 911; x_wconf 89' lang='lat' dir='ltr'><strong>multis</strong></span> <span class='ocrx_word' id='word_1_46' title='bbox 3082 858 3150 912; x_wconf 89' lang='lat' dir='ltr'><strong>et</strong></span> <span class='ocrx_word' id='word_1_47' title='bbox 3187 849 3479 910; x_wconf 85' lang='lat' dir='ltr'><strong>diversis</strong></span> <span class='ocrx_word' id='word_1_48' title='bbox 3528 855 3662 909; x_wconf 88' lang='lat' dir='ltr'><strong>tor-</strong></span> 
     </span>
     <span class='ocr_line' id='line_1_6' title="bbox 574 954 3671 1037; baseline -0.002 -19"><span class='ocrx_word' id='word_1_49' title='bbox 574 958 817 1018; x_wconf 88' lang='lat' dir='ltr'><strong>mentis</strong></span> <span class='ocrx_word' id='word_1_50' title='bbox 852 975 970 1033; x_wconf 86' lang='lat' dir='ltr'><strong>pro</strong></span> <span class='ocrx_word' id='word_1_51' title='bbox 1003 959 1217 1033; x_wconf 85' lang='lat' dir='ltr'><strong>gloria</strong></span> <span class='ocrx_word' id='word_1_52' title='bbox 1249 957 1367 1017; x_wconf 91' lang='lat' dir='ltr'><strong>Dei</strong></span> <span class='ocrx_word' id='word_1_53' title='bbox 1390 955 1441 1037; x_wconf 78' lang='lat'><strong>²)</strong></span> <span class='ocrx_word' id='word_1_54' title='bbox 1478 958 1904 1033; x_wconf 81' lang='lat' dir='ltr'><strong>subJecerant</strong></span> <span class='ocrx_word' id='word_1_55' title='bbox 1931 959 2256 1034; x_wconf 84' lang='lat' dir='ltr'><strong>tyrannis,</strong></span> <span class='ocrx_word' id='word_1_56' title='bbox 2286 975 2415 1017; x_wconf 91' lang='lat' dir='ltr'><strong>non</strong></span> <span class='ocrx_word' id='word_1_57' title='bbox 2443 957 2778 1031; x_wconf 77' lang='lat' dir='ltr'><strong>cedenteS‚</strong></span> <span class='ocrx_word' id='word_1_58' title='bbox 2816 956 2935 1015; x_wconf 91' lang='lat' dir='ltr'><strong>sed</strong></span> <span class='ocrx_word' id='word_1_59' title='bbox 2972 954 3273 1015; x_wconf 89' lang='lat' dir='ltr'><strong>membra</strong></span> <span class='ocrx_word' id='word_1_60' title='bbox 3307 970 3428 1014; x_wconf 89' lang='lat' dir='ltr'><strong>sua</strong></span> <span class='ocrx_word' id='word_1_61' title='bbox 3464 966 3671 1013; x_wconf 89' lang='lat' dir='ltr'><strong>mem-</strong></span> 
     </span>
     <span class='ocr_line' id='line_1_7' title="bbox 571 1058 3669 1140; baseline -0.002 -16"><span class='ocrx_word' id='word_1_62' title='bbox 571 1062 818 1124; x_wconf 89' lang='lat' dir='ltr'><strong>bratim</strong></span> <span class='ocrx_word' id='word_1_63' title='bbox 871 1065 938 1123; x_wconf 92' lang='lat' dir='ltr'><strong>in</strong></span> <span class='ocrx_word' id='word_1_64' title='bbox 985 1064 1307 1139; x_wconf 82' lang='lat' dir='ltr'><strong>martyrio</strong></span> <span class='ocrx_word' id='word_1_65' title='bbox 1357 1063 1559 1123; x_wconf 91' lang='lat' dir='ltr'><strong>morti</strong></span> <span class='ocrx_word' id='word_1_66' title='bbox 1608 1064 2065 1140; x_wconf 83' lang='lat' dir='ltr'><strong>subjicientes.</strong></span> <span class='ocrx_word' id='word_1_67' title='bbox 2110 1063 2390 1140; x_wconf 85' lang='lat' dir='ltr'><strong>Reliqua</strong></span> <span class='ocrx_word' id='word_1_68' title='bbox 2440 1069 2663 1123; x_wconf 90' lang='lat' dir='ltr'><strong>autem</strong></span> <span class='ocrx_word' id='word_1_69' title='bbox 2700 1066 3092 1121; x_wconf 85' lang='lat' dir='ltr'><strong>ornamenta</strong></span> <span class='ocrx_word' id='word_1_70' title='bbox 3144 1061 3430 1121; x_wconf 90' lang='lat' dir='ltr'><strong>istorum</strong></span> <span class='ocrx_word' id='word_1_71' title='bbox 3463 1064 3533 1118; x_wconf 90' lang='lat' dir='ltr'><strong>et</strong></span> <span class='ocrx_word' id='word_1_72' title='bbox 3579 1058 3669 1118; x_wconf 85' lang='lat' dir='ltr'><strong>si-</strong></span> 
     </span>
     <span class='ocr_line' id='line_1_8' title="bbox 574 1166 2783 1243; baseline -0.001 -17"><span class='ocrx_word' id='word_1_73' title='bbox 574 1166 1035 1243; x_wconf 80' lang='lat' dir='ltr'><strong>gnificationes</strong></span> <span class='ocrx_word' id='word_1_74' title='bbox 1072 1183 1304 1227; x_wconf 91' lang='lat' dir='ltr'><strong>eorum</strong></span> <span class='ocrx_word' id='word_1_75' title='bbox 1337 1167 1514 1227; x_wconf 84' lang='lat' dir='ltr'><strong>visui</strong></span> <span class='ocrx_word' id='word_1_76' title='bbox 1548 1173 1615 1227; x_wconf 91' lang='lat' dir='ltr'><strong>et</strong></span> <span class='ocrx_word' id='word_1_77' title='bbox 1653 1168 2020 1227; x_wconf 89' lang='lat' dir='ltr'><strong>intellectui</strong></span> <span class='ocrx_word' id='word_1_78' title='bbox 2054 1184 2201 1228; x_wconf 91' lang='lat' dir='ltr'><strong>meo</strong></span> <span class='ocrx_word' id='word_1_79' title='bbox 2235 1166 2572 1227; x_wconf 90' lang='lat' dir='ltr'><strong>occultata</strong></span> <span class='ocrx_word' id='word_1_80' title='bbox 2607 1173 2783 1225; x_wconf 91' lang='lat' dir='ltr'><strong>sunt.</strong></span> 
     </span>
    </p>
   </div>
   <div class='ocr_carea' id='block_1_3' title="bbox 1523 1391 2759 1659">
    <p class='ocr_par' dir='ltr' id='par_1_3' title="bbox 1523 1391 2759 1659">
     <span class='ocr_line' id='line_1_9' title="bbox 2037 1391 2223 1452; baseline 0.005 -1"><span class='ocrx_word' id='word_1_81' title='bbox 2037 1391 2223 1452; x_wconf 85' lang='lat' dir='ltr'>XXX.</span> 
     </span>
     <span class='ocr_line' id='line_1_10' title="bbox 1523 1581 2759 1659; baseline 0 -17"><span class='ocrx_word' id='word_1_82' title='bbox 1523 1584 1616 1642; x_wconf 84' lang='lat' dir='ltr'><strong>De</strong></span> <span class='ocrx_word' id='word_1_83' title='bbox 1667 1581 2045 1644; x_wconf 78' lang='lat' dir='ltr'><strong>coelestibus</strong></span> <span class='ocrx_word' id='word_1_84' title='bbox 2096 1584 2427 1659; x_wconf 63' lang='lat' dir='ltr'><strong>viminum</strong></span> <span class='ocrx_word' id='word_1_85' title='bbox 2474 1581 2759 1659; x_wconf 64' lang='lat' dir='ltr'><strong>qaudzis.</strong></span> 
     </span>
    </p>
   </div>
   <div class='ocr_carea' id='block_1_4' title="bbox 573 1785 3689 4878">
    <p class='ocr_par' dir='ltr' id='par_1_4' title="bbox 573 1785 3689 2903">
     <span class='ocr_line' id='line_1_11' title="bbox 666 1785 3678 1865; baseline 0.001 -20"><span class='ocrx_word' id='word_1_86' title='bbox 666 1786 769 1846; x_wconf 81' lang='lat'><strong>43.</strong></span> <span class='ocrx_word' id='word_1_87' title='bbox 823 1785 894 1844; x_wconf 91' lang='lat' dir='ltr'><strong>In</strong></span> <span class='ocrx_word' id='word_1_88' title='bbox 940 1787 1247 1862; x_wconf 90' lang='lat' dir='ltr'><strong>praefata</strong></span> <span class='ocrx_word' id='word_1_89' title='bbox 1296 1804 1562 1864; x_wconf 91' lang='lat' dir='ltr'><strong>quoque</strong></span> <span class='ocrx_word' id='word_1_90' title='bbox 1612 1789 1922 1849; x_wconf 87' lang='lat' dir='ltr'><strong>claritate</strong></span> <span class='ocrx_word' id='word_1_91' title='bbox 1970 1789 2176 1849; x_wconf 89' lang='lat' dir='ltr'><strong>simili</strong></span> <span class='ocrx_word' id='word_1_92' title='bbox 2211 1789 2431 1863; x_wconf 90' lang='lat' dir='ltr'><strong>modo,</strong></span> <span class='ocrx_word' id='word_1_93' title='bbox 2470 1795 2544 1847; x_wconf 92' lang='lat' dir='ltr'><strong>ut</strong></span> <span class='ocrx_word' id='word_1_94' title='bbox 2604 1786 3067 1864; x_wconf 89' lang='lat' dir='ltr'><strong>supradictum</strong></span> <span class='ocrx_word' id='word_1_95' title='bbox 3117 1792 3259 1861; x_wconf 91' lang='lat' dir='ltr'><strong>est,</strong></span> <span class='ocrx_word' id='word_1_96' title='bbox 3311 1788 3506 1864; x_wconf 87' lang='lat' dir='ltr'><strong>quasi</strong></span> <span class='ocrx_word' id='word_1_97' title='bbox 3554 1804 3678 1865; x_wconf 86' lang='lat' dir='ltr'><strong>per</strong></span> 
     </span>
     <span class='ocr_line' id='line_1_12' title="bbox 576 1890 3673 1969; baseline 0.001 -22"><span class='ocrx_word' id='word_1_98' title='bbox 576 1890 920 1964; x_wconf 86' lang='lat' dir='ltr'><strong>speculum</strong></span> <span class='ocrx_word' id='word_1_99' title='bbox 968 1905 1194 1950; x_wconf 86' lang='lat' dir='ltr'><strong>aerem</strong></span> <span class='ocrx_word' id='word_1_100' title='bbox 1242 1891 1572 1952; x_wconf 83' lang='lat' dir='ltr'><strong>videbam.</strong></span> <span class='ocrx_word' id='word_1_101' title='bbox 1623 1893 1983 1969; x_wconf 88' lang='lat' dir='ltr'><strong>puritatem</strong></span> <span class='ocrx_word' id='word_1_102' title='bbox 2036 1908 2239 1969; x_wconf 91' lang='lat' dir='ltr'><strong>super</strong></span> <span class='ocrx_word' id='word_1_103' title='bbox 2273 1892 2639 1969; x_wconf 89' lang='lat' dir='ltr'><strong>puritatem</strong></span> <span class='ocrx_word' id='word_1_104' title='bbox 2686 1891 3311 1965; x_wconf 88' lang='lat' dir='ltr'><strong>limpidissimarum</strong></span> <span class='ocrx_word' id='word_1_105' title='bbox 3344 1906 3673 1967; x_wconf 89' lang='lat' dir='ltr'><strong>aquarum</strong></span> 
     </span>
     <span class='ocr_line' id='line_1_13' title="bbox 576 1991 3674 2071; baseline 0.002 -21"><span class='ocrx_word' id='word_1_106' title='bbox 576 1991 967 2066; x_wconf 87' lang='lat' dir='ltr'><strong>habentem,</strong></span> <span class='ocrx_word' id='word_1_107' title='bbox 1019 1995 1086 2052; x_wconf 88' lang='lat' dir='ltr'><strong>et</strong></span> <span class='ocrx_word' id='word_1_108' title='bbox 1119 1993 1541 2068; x_wconf 89' lang='lat' dir='ltr'><strong>splendorem</strong></span> <span class='ocrx_word' id='word_1_109' title='bbox 1578 2011 1781 2071; x_wconf 90' lang='lat' dir='ltr'><strong>super</strong></span> <span class='ocrx_word' id='word_1_110' title='bbox 1814 1995 2239 2071; x_wconf 89' lang='lat' dir='ltr'><strong>splendorem</strong></span> <span class='ocrx_word' id='word_1_111' title='bbox 2280 1997 2445 2056; x_wconf 92' lang='lat' dir='ltr'><strong>solis</strong></span> <span class='ocrx_word' id='word_1_112' title='bbox 2491 1995 2907 2054; x_wconf 79' lang='lat' dir='ltr'><strong>emittentem</strong></span> <span class='ocrx_word' id='word_1_113' title='bbox 2943 1995 3024 2054; x_wconf 89' lang='lat' dir='ltr'><strong>de</strong></span> <span class='ocrx_word' id='word_1_114' title='bbox 3059 2010 3155 2069; x_wconf 88' lang='lat' dir='ltr'><strong>se,</strong></span> <span class='ocrx_word' id='word_1_115' title='bbox 3192 1995 3305 2071; x_wconf 90' lang='lat' dir='ltr'><strong>qui</strong></span> <span class='ocrx_word' id='word_1_116' title='bbox 3339 2001 3408 2054; x_wconf 89' lang='lat' dir='ltr'><strong>et</strong></span> <span class='ocrx_word' id='word_1_117' title='bbox 3442 1994 3674 2055; x_wconf 84' lang='lat' dir='ltr'><strong>flatum</strong></span> 
     </span>
     <span class='ocr_line' id='line_1_14' title="bbox 573 2095 3682 2175; baseline 0 -19"><span class='ocrx_word' id='word_1_118' title='bbox 573 2095 883 2171; x_wconf 88' lang='lat' dir='ltr'><strong>habebat,</strong></span> <span class='ocrx_word' id='word_1_119' title='bbox 921 2104 989 2156; x_wconf 90' lang='lat' dir='ltr'><strong>et</strong></span> <span class='ocrx_word' id='word_1_120' title='bbox 1021 2098 1133 2173; x_wconf 91' lang='lat' dir='ltr'><strong>qui</strong></span> <span class='ocrx_word' id='word_1_121' title='bbox 1170 2114 1434 2158; x_wconf 90' lang='lat' dir='ltr'><strong>omnem</strong></span> <span class='ocrx_word' id='word_1_122' title='bbox 1468 2100 1876 2160; x_wconf 81' lang='lat' dir='ltr'><strong>viriditatem</strong></span> <span class='ocrx_word' id='word_1_123' title='bbox 1912 2100 2276 2160; x_wconf 89' lang='lat' dir='ltr'><strong>herbarum</strong></span> <span class='ocrx_word' id='word_1_124' title='bbox 2313 2107 2380 2159; x_wconf 90' lang='lat' dir='ltr'><strong>et</strong></span> <span class='ocrx_word' id='word_1_125' title='bbox 2411 2101 2646 2159; x_wconf 88' lang='lat' dir='ltr'><strong>florum</strong></span> <span class='ocrx_word' id='word_1_126' title='bbox 2684 2099 2981 2175; x_wconf 87' lang='lat' dir='ltr'><strong>paradisi</strong></span> <span class='ocrx_word' id='word_1_127' title='bbox 3017 2114 3095 2158; x_wconf 91' lang='lat' dir='ltr'><strong>ac</strong></span> <span class='ocrx_word' id='word_1_128' title='bbox 3128 2105 3349 2159; x_wconf 91' lang='lat' dir='ltr'><strong>terrae</strong></span> <span class='ocrx_word' id='word_1_129' title='bbox 3383 2098 3682 2158; x_wconf 87' lang='lat' dir='ltr'><strong>contine·-</strong></span> 
     </span>
     <span class='ocr_line' id='line_1_15' title="bbox 575 2197 3681 2280; baseline 0.002 -21"><span class='ocrx_word' id='word_1_130' title='bbox 575 2202 712 2272; x_wconf 91' lang='lat' dir='ltr'><strong>bat‚</strong></span> <span class='ocrx_word' id='word_1_131' title='bbox 748 2207 816 2260; x_wconf 89' lang='lat' dir='ltr'><strong>et</strong></span> <span class='ocrx_word' id='word_1_132' title='bbox 849 2202 965 2277; x_wconf 91' lang='lat' dir='ltr'><strong>qui</strong></span> <span class='ocrx_word' id='word_1_133' title='bbox 999 2202 1202 2261; x_wconf 90' lang='lat' dir='ltr'><strong>odore</strong></span> <span class='ocrx_word' id='word_1_134' title='bbox 1226 2197 1275 2279; x_wconf 73' lang='lat'><strong>³)</strong></span> <span class='ocrx_word' id='word_1_135' title='bbox 1313 2205 1604 2262; x_wconf 90' lang='lat' dir='ltr'><strong>omnium</strong></span> <span class='ocrx_word' id='word_1_136' title='bbox 1642 2204 2062 2264; x_wconf 86' lang='lat' dir='ltr'><strong>viriditatum</strong></span> <span class='ocrx_word' id='word_1_137' title='bbox 2099 2205 2336 2279; x_wconf 90' lang='lat' dir='ltr'><strong>plenus</strong></span> <span class='ocrx_word' id='word_1_138' title='bbox 2370 2207 2536 2277; x_wconf 90' lang='lat' dir='ltr'><strong>erat,</strong></span> <span class='ocrx_word' id='word_1_139' title='bbox 2574 2204 3131 2280; x_wconf 86' lang='lat' dir='ltr'><strong>quemadmodum</strong></span> <span class='ocrx_word' id='word_1_140' title='bbox 3169 2210 3397 2265; x_wconf 88' lang='lat' dir='ltr'><strong>aestas</strong></span> <span class='ocrx_word' id='word_1_141' title='bbox 3430 2204 3681 2264; x_wconf 84' lang='lat' dir='ltr'><strong>dulcis·-</strong></span> 
     </span>
     <span class='ocr_line' id='line_1_16' title="bbox 576 2305 3679 2384; baseline 0.001 -21"><span class='ocrx_word' id='word_1_142' title='bbox 576 2305 821 2364; x_wconf 87' lang='lat' dir='ltr'><strong>simum</strong></span> <span class='ocrx_word' id='word_1_143' title='bbox 868 2305 1142 2365; x_wconf 90' lang='lat' dir='ltr'><strong>odorem</strong></span> <span class='ocrx_word' id='word_1_144' title='bbox 1178 2306 1538 2366; x_wconf 87' lang='lat' dir='ltr'><strong>herbarum</strong></span> <span class='ocrx_word' id='word_1_145' title='bbox 1587 2314 1653 2367; x_wconf 92' lang='lat' dir='ltr'><strong>et</strong></span> <span class='ocrx_word' id='word_1_146' title='bbox 1689 2307 1926 2367; x_wconf 86' lang='lat' dir='ltr'><strong>florum</strong></span> <span class='ocrx_word' id='word_1_147' title='bbox 1975 2308 2196 2368; x_wconf 90' lang='lat' dir='ltr'><strong>habet.</strong></span> <span class='ocrx_word' id='word_1_148' title='bbox 2251 2307 2323 2367; x_wconf 92' lang='lat' dir='ltr'><strong>In</strong></span> <span class='ocrx_word' id='word_1_149' title='bbox 2373 2324 2527 2367; x_wconf 86' lang='lat' dir='ltr'><strong>aere</strong></span> <span class='ocrx_word' id='word_1_150' title='bbox 2566 2309 2718 2382; x_wconf 89' lang='lat' dir='ltr'><strong>isto,</strong></span> <span class='ocrx_word' id='word_1_151' title='bbox 2756 2307 3079 2383; x_wconf 86' lang='lat' dir='ltr'><strong>quosdam</strong></span> <span class='ocrx_word' id='word_1_152' title='bbox 3129 2309 3314 2368; x_wconf 86' lang='lat' dir='ltr'><strong>velut</strong></span> <span class='ocrx_word' id='word_1_153' title='bbox 3361 2323 3481 2383; x_wconf 87' lang='lat' dir='ltr'><strong>per</strong></span> <span class='ocrx_word' id='word_1_154' title='bbox 3529 2323 3679 2384; x_wconf 83' lang='lat' dir='ltr'><strong>spe·</strong></span> 
     </span>
     <span class='ocr_line' id='line_1_17' title="bbox 577 2409 3681 2488; baseline 0 -18"><span class='ocrx_word' id='word_1_155' title='bbox 577 2411 801 2470; x_wconf 88' lang='lat' dir='ltr'><strong>culum</strong></span> <span class='ocrx_word' id='word_1_156' title='bbox 837 2409 1267 2485; x_wconf 83' lang='lat' dir='ltr'><strong>aspiciebam.</strong></span> <span class='ocrx_word' id='word_1_157' title='bbox 1305 2412 1419 2486; x_wconf 86' lang='lat' dir='ltr'><strong>qni</strong></span> <span class='ocrx_word' id='word_1_158' title='bbox 1457 2412 1650 2486; x_wconf 84' lang='lat' dir='ltr'><strong>quasi</strong></span> <span class='ocrx_word' id='word_1_159' title='bbox 1687 2411 2170 2471; x_wconf 88' lang='lat' dir='ltr'><strong>candidissima</strong></span> <span class='ocrx_word' id='word_1_160' title='bbox 2204 2418 2394 2471; x_wconf 87' lang='lat' dir='ltr'><strong>veste</strong></span> <span class='ocrx_word' id='word_1_161' title='bbox 2444 2413 2628 2471; x_wconf 88' lang='lat' dir='ltr'><strong>velut</strong></span> <span class='ocrx_word' id='word_1_162' title='bbox 2670 2429 2832 2472; x_wconf 88' lang='lat' dir='ltr'><strong>auro</strong></span> <span class='ocrx_word' id='word_1_163' title='bbox 2881 2411 3157 2486; x_wconf 85' lang='lat' dir='ltr'><strong>intexta,</strong></span> <span class='ocrx_word' id='word_1_164' title='bbox 3193 2413 3260 2472; x_wconf 86' lang='lat' dir='ltr'><strong>et</strong></span> <span class='ocrx_word' id='word_1_165' title='bbox 3301 2410 3496 2488; x_wconf 84' lang='lat' dir='ltr'><strong>quasi</strong></span> <span class='ocrx_word' id='word_1_166' title='bbox 3528 2425 3681 2486; x_wconf 85' lang='lat' dir='ltr'><strong>pre-</strong></span> 
     </span>
     <span class='ocr_line' id='line_1_18' title="bbox 579 2513 3688 2591; baseline 0 -20"><span class='ocrx_word' id='word_1_167' title='bbox 579 2514 974 2573; x_wconf 90' lang='lat' dir='ltr'><strong>tiosissimis</strong></span> <span class='ocrx_word' id='word_1_168' title='bbox 1023 2513 1360 2588; x_wconf 88' lang='lat' dir='ltr'><strong>lapidibus</strong></span> <span class='ocrx_word' id='word_1_169' title='bbox 1394 2530 1434 2573; x_wconf 93' lang='lat' dir='ltr'><strong>a</strong></span> <span class='ocrx_word' id='word_1_170' title='bbox 1482 2521 1750 2589; x_wconf 85' lang='lat' dir='ltr'><strong>pectore</strong></span> <span class='ocrx_word' id='word_1_171' title='bbox 1784 2530 1998 2591; x_wconf 86' lang='lat' dir='ltr'><strong>usque</strong></span> <span class='ocrx_word' id='word_1_172' title='bbox 2035 2515 2115 2573; x_wconf 92' lang='lat' dir='ltr'><strong>ad</strong></span> <span class='ocrx_word' id='word_1_173' title='bbox 2152 2515 2380 2590; x_wconf 89' lang='lat' dir='ltr'><strong>pedes,</strong></span> <span class='ocrx_word' id='word_1_174' title='bbox 2419 2516 2486 2574; x_wconf 91' lang='lat' dir='ltr'><strong>in</strong></span> <span class='ocrx_word' id='word_1_175' title='bbox 2521 2515 2790 2574; x_wconf 91' lang='lat' dir='ltr'><strong>modum</strong></span> <span class='ocrx_word' id='word_1_176' title='bbox 2838 2514 3278 2589; x_wconf 85' lang='lat' dir='ltr'><strong>dependentis</strong></span> <span class='ocrx_word' id='word_1_177' title='bbox 3311 2528 3542 2589; x_wconf 89' lang='lat' dir='ltr'><strong>zonae,</strong></span> <span class='ocrx_word' id='word_1_178' title='bbox 3576 2528 3688 2573; x_wconf 87' lang='lat' dir='ltr'><strong>or·</strong></span> 
     </span>
     <span class='ocr_line' id='line_1_19' title="bbox 575 2617 3687 2693; baseline 0 -18"><span class='ocrx_word' id='word_1_179' title='bbox 575 2623 736 2676; x_wconf 85' lang='lat' dir='ltr'><strong>nata</strong></span> <span class='ocrx_word' id='word_1_180' title='bbox 784 2617 1264 2689; x_wconf 88' lang='lat' dir='ltr'><strong>induebantur;</strong></span> <span class='ocrx_word' id='word_1_181' title='bbox 1320 2633 1491 2693; x_wconf 91' lang='lat' dir='ltr'><strong>quae</strong></span> <span class='ocrx_word' id='word_1_182' title='bbox 1541 2619 1745 2677; x_wconf 86' lang='lat' dir='ltr'><strong>etiam</strong></span> <span class='ocrx_word' id='word_1_183' title='bbox 1796 2619 2156 2678; x_wconf 81' lang='lat' dir='ltr'><strong>maximum</strong></span> <span class='ocrx_word' id='word_1_184' title='bbox 2207 2619 2481 2679; x_wconf 87' lang='lat' dir='ltr'><strong>odorem</strong></span> <span class='ocrx_word' id='word_1_185' title='bbox 2529 2620 2715 2678; x_wconf 89' lang='lat' dir='ltr'><strong>velut</strong></span> <span class='ocrx_word' id='word_1_186' title='bbox 2764 2624 3142 2679; x_wconf 90' lang='lat' dir='ltr'><strong>aromatum</strong></span> <span class='ocrx_word' id='word_1_187' title='bbox 3194 2618 3275 2677; x_wconf 91' lang='lat' dir='ltr'><strong>de</strong></span> <span class='ocrx_word' id='word_1_188' title='bbox 3316 2632 3388 2677; x_wconf 88' lang='lat' dir='ltr'><strong>se</strong></span> <span class='ocrx_word' id='word_1_189' title='bbox 3421 2617 3687 2677; x_wconf 88' lang='lat' dir='ltr'><strong>emitte·</strong></span> 
     </span>
     <span class='ocr_line' id='line_1_20' title="bbox 578 2721 3689 2800; baseline 0 -20"><span class='ocrx_word' id='word_1_190' title='bbox 578 2722 712 2782; x_wconf 91' lang='lat' dir='ltr'><strong>bat.</strong></span> <span class='ocrx_word' id='word_1_191' title='bbox 749 2721 873 2781; x_wconf 88' lang='lat' dir='ltr'><strong>Sed</strong></span> <span class='ocrx_word' id='word_1_192' title='bbox 908 2728 975 2782; x_wconf 89' lang='lat' dir='ltr'><strong>et</strong></span> <span class='ocrx_word' id='word_1_193' title='bbox 1007 2723 1319 2797; x_wconf 78' lang='lat' dir='ltr'><strong>cinguliS,</strong></span> <span class='ocrx_word' id='word_1_194' title='bbox 1359 2725 1554 2798; x_wconf 90' lang='lat' dir='ltr'><strong>quasi</strong></span> <span class='ocrx_word' id='word_1_195' title='bbox 1590 2740 1753 2783; x_wconf 90' lang='lat' dir='ltr'><strong>auro</strong></span> <span class='ocrx_word' id='word_1_196' title='bbox 1804 2726 1871 2784; x_wconf 90' lang='lat' dir='ltr'><strong>et</strong></span> <span class='ocrx_word' id='word_1_197' title='bbox 1904 2725 2185 2798; x_wconf 83' lang='lat' dir='ltr'><strong>gemmis</strong></span> <span class='ocrx_word' id='word_1_198' title='bbox 2235 2741 2313 2784; x_wconf 92' lang='lat' dir='ltr'><strong>ac</strong></span> <span class='ocrx_word' id='word_1_199' title='bbox 2349 2725 2736 2799; x_wconf 81' lang='lat' dir='ltr'><strong>margaritis</strong></span> <span class='ocrx_word' id='word_1_200' title='bbox 2786 2740 2995 2800; x_wconf 87' lang='lat' dir='ltr'><strong>supra</strong></span> <span class='ocrx_word' id='word_1_201' title='bbox 3030 2722 3394 2784; x_wconf 89' lang='lat' dir='ltr'><strong>humanum</strong></span> <span class='ocrx_word' id='word_1_202' title='bbox 3429 2721 3689 2782; x_wconf 88' lang='lat' dir='ltr'><strong>intelle-</strong></span> 
     </span>
     <span class='ocr_line' id='line_1_21' title="bbox 578 2829 1839 2903; baseline 0.002 -17"><span class='ocrx_word' id='word_1_203' title='bbox 578 2835 760 2888; x_wconf 87' lang='lat' dir='ltr'><strong>ctum</strong></span> <span class='ocrx_word' id='word_1_204' title='bbox 794 2830 1075 2901; x_wconf 85' lang='lat' dir='ltr'><strong>ornatiS‚</strong></span> <span class='ocrx_word' id='word_1_205' title='bbox 1113 2829 1839 2903; x_wconf 85' lang='lat' dir='ltr'><strong>circumcingebantur.</strong></span> 
     </span>
    </p>

    <p class='ocr_par' dir='ltr' id='par_1_5' title="bbox 578 2931 3687 3716">
     <span class='ocr_line' id='line_1_22' title="bbox 673 2931 3674 3008; baseline -0.001 -17"><span class='ocrx_word' id='word_1_206' title='bbox 673 2933 778 2992; x_wconf 71' lang='lat'><strong>44.</strong></span> <span class='ocrx_word' id='word_1_207' title='bbox 814 2931 1023 3007; x_wconf 90' lang='lat' dir='ltr'><strong>Super</strong></span> <span class='ocrx_word' id='word_1_208' title='bbox 1056 2933 1276 3008; x_wconf 86' lang='lat' dir='ltr'><strong>capita</strong></span> <span class='ocrx_word' id='word_1_209' title='bbox 1311 2948 1576 3008; x_wconf 90' lang='lat' dir='ltr'><strong>quoque</strong></span> <span class='ocrx_word' id='word_1_210' title='bbox 1613 2950 1737 2992; x_wconf 92' lang='lat' dir='ltr'><strong>sua</strong></span> <span class='ocrx_word' id='word_1_211' title='bbox 1770 2933 1953 2993; x_wconf 87' lang='lat' dir='ltr'><strong>velut</strong></span> <span class='ocrx_word' id='word_1_212' title='bbox 1988 2949 2297 3007; x_wconf 81' lang='lat' dir='ltr'><strong>coronaS,</strong></span> <span class='ocrx_word' id='word_1_213' title='bbox 2335 2950 2497 2993; x_wconf 92' lang='lat' dir='ltr'><strong>auro</strong></span> <span class='ocrx_word' id='word_1_214' title='bbox 2532 2939 2599 2992; x_wconf 93' lang='lat' dir='ltr'><strong>et</strong></span> <span class='ocrx_word' id='word_1_215' title='bbox 2648 2934 2825 2993; x_wconf 85' lang='lat' dir='ltr'><strong>rosis</strong></span> <span class='ocrx_word' id='word_1_216' title='bbox 2860 2948 2937 2992; x_wconf 93' lang='lat' dir='ltr'><strong>ac</strong></span> <span class='ocrx_word' id='word_1_217' title='bbox 2985 2932 3148 2993; x_wconf 92' lang='lat' dir='ltr'><strong>liliis</strong></span> <span class='ocrx_word' id='word_1_218' title='bbox 3181 2931 3567 3005; x_wconf 89' lang='lat' dir='ltr'><strong>intricatas,</strong></span> <span class='ocrx_word' id='word_1_219' title='bbox 3603 2935 3674 2989; x_wconf 87' lang='lat' dir='ltr'><strong>et</strong></span> 
     </span>
     <span class='ocr_line' id='line_1_23' title="bbox 578 3034 3685 3114; baseline -0 -20"><span class='ocrx_word' id='word_1_220' title='bbox 578 3036 763 3096; x_wconf 85' lang='lat' dir='ltr'><strong>velut</strong></span> <span class='ocrx_word' id='word_1_221' title='bbox 796 3034 1040 3096; x_wconf 86' lang='lat' dir='ltr'><strong>fistulis</strong></span> <span class='ocrx_word' id='word_1_222' title='bbox 1073 3036 1736 3111; x_wconf 85' lang='lat' dir='ltr'><strong>pretiosissimorum</strong></span> <span class='ocrx_word' id='word_1_223' title='bbox 1785 3037 2082 3114; x_wconf 86' lang='lat' dir='ltr'><strong>lapidum</strong></span> <span class='ocrx_word' id='word_1_224' title='bbox 2130 3037 2447 3097; x_wconf 87' lang='lat' dir='ltr'><strong>distincte</strong></span> <span class='ocrx_word' id='word_1_225' title='bbox 2496 3036 2950 3097; x_wconf 88' lang='lat' dir='ltr'><strong>circumdatas</strong></span> <span class='ocrx_word' id='word_1_226' title='bbox 2996 3035 3348 3097; x_wconf 89' lang='lat' dir='ltr'><strong>habebant.</strong></span> <span class='ocrx_word' id='word_1_227' title='bbox 3386 3034 3685 3111; x_wconf 87' lang='lat' dir='ltr'><strong>Cumque</strong></span> 
     </span>
     <span class='ocr_line' id='line_1_24' title="bbox 581 3137 3687 3215; baseline 0 -18"><span class='ocrx_word' id='word_1_228' title='bbox 581 3141 810 3213; x_wconf 85' lang='lat' dir='ltr'><strong>Agnus</strong></span> <span class='ocrx_word' id='word_1_229' title='bbox 857 3137 975 3198; x_wconf 92' lang='lat' dir='ltr'><strong>Dei</strong></span> <span class='ocrx_word' id='word_1_230' title='bbox 1008 3156 1242 3199; x_wconf 88' lang='lat' dir='ltr'><strong>vocem</strong></span> <span class='ocrx_word' id='word_1_231' title='bbox 1279 3157 1471 3200; x_wconf 90' lang='lat' dir='ltr'><strong>suam</strong></span> <span class='ocrx_word' id='word_1_232' title='bbox 1505 3141 1715 3214; x_wconf 87' lang='lat' dir='ltr'><strong>daret,</strong></span> <span class='ocrx_word' id='word_1_233' title='bbox 1756 3142 2203 3201; x_wconf 84' lang='lat' dir='ltr'><strong>suavissimus</strong></span> <span class='ocrx_word' id='word_1_234' title='bbox 2238 3142 2435 3201; x_wconf 90' lang='lat' dir='ltr'><strong>ssatus</strong></span> <span class='ocrx_word' id='word_1_235' title='bbox 2469 3142 2676 3215; x_wconf 87' lang='lat' dir='ltr'><strong>venti,</strong></span> <span class='ocrx_word' id='word_1_236' title='bbox 2727 3141 2808 3200; x_wconf 88' lang='lat' dir='ltr'><strong>de</strong></span> <span class='ocrx_word' id='word_1_237' title='bbox 2843 3147 3104 3201; x_wconf 89' lang='lat' dir='ltr'><strong>secreto</strong></span> <span class='ocrx_word' id='word_1_238' title='bbox 3138 3139 3525 3200; x_wconf 86' lang='lat' dir='ltr'><strong>Divinitatis</strong></span> <span class='ocrx_word' id='word_1_239' title='bbox 3570 3153 3687 3198; x_wconf 86' lang='lat' dir='ltr'><strong>ve-</strong></span> 
     </span>
     <span class='ocr_line' id='line_1_25' title="bbox 579 3243 3677 3322; baseline 0.001 -20"><span class='ocrx_word' id='word_1_240' title='bbox 579 3243 790 3317; x_wconf 73' lang='lat' dir='ltr'><strong>nienS,</strong></span> <span class='ocrx_word' id='word_1_241' title='bbox 822 3243 1084 3303; x_wconf 87' lang='lat' dir='ltr'><strong>fistulas</strong></span> <span class='ocrx_word' id='word_1_242' title='bbox 1113 3262 1272 3304; x_wconf 89' lang='lat' dir='ltr'><strong>suas</strong></span> <span class='ocrx_word' id='word_1_243' title='bbox 1305 3245 1643 3321; x_wconf 82' lang='lat' dir='ltr'><strong>tangebat3</strong></span> <span class='ocrx_word' id='word_1_244' title='bbox 1677 3246 1766 3304; x_wconf 89' lang='lat' dir='ltr'><strong>ita</strong></span> <span class='ocrx_word' id='word_1_245' title='bbox 1801 3246 1976 3322; x_wconf 90' lang='lat' dir='ltr'><strong>quod</strong></span> <span class='ocrx_word' id='word_1_246' title='bbox 2012 3246 2192 3306; x_wconf 91' lang='lat' dir='ltr'><strong>omni</strong></span> <span class='ocrx_word' id='word_1_247' title='bbox 2226 3261 2466 3321; x_wconf 83' lang='lat' dir='ltr'><strong>genere</strong></span> <span class='ocrx_word' id='word_1_248' title='bbox 2501 3245 2999 3306; x_wconf 88' lang='lat' dir='ltr'><strong>citharedorum</strong></span> <span class='ocrx_word' id='word_1_249' title='bbox 3034 3245 3575 3305; x_wconf 86' lang='lat' dir='ltr'><strong>citharizantium</strong></span> <span class='ocrx_word' id='word_1_250' title='bbox 3604 3249 3677 3306; x_wconf 84' lang='lat' dir='ltr'><strong>et</strong></span> 
     </span>
     <span class='ocr_line' id='line_1_26' title="bbox 581 3345 3672 3425; baseline 0.001 -21"><span class='ocrx_word' id='word_1_251' title='bbox 581 3362 985 3419; x_wconf 84' lang='lat' dir='ltr'><strong>organorum</strong></span> <span class='ocrx_word' id='word_1_252' title='bbox 1011 3363 1161 3405; x_wconf 90' lang='lat' dir='ltr'><strong>cum</strong></span> <span class='ocrx_word' id='word_1_253' title='bbox 1188 3348 1422 3406; x_wconf 89' lang='lat' dir='ltr'><strong>eodem</strong></span> <span class='ocrx_word' id='word_1_254' title='bbox 1448 3349 1632 3423; x_wconf 80' lang='lat' dir='ltr'><strong>Agno</strong></span> <span class='ocrx_word' id='word_1_255' title='bbox 1661 3349 2083 3420; x_wconf 90' lang='lat' dir='ltr'><strong>resonabant;</strong></span> <span class='ocrx_word' id='word_1_256' title='bbox 2103 3345 2151 3425; x_wconf 87' lang='lat'><strong>⁴)</strong></span> <span class='ocrx_word' id='word_1_257' title='bbox 2180 3354 2246 3407; x_wconf 88' lang='lat' dir='ltr'><strong>et</strong></span> <span class='ocrx_word' id='word_1_258' title='bbox 2282 3349 2427 3407; x_wconf 91' lang='lat' dir='ltr'><strong>ideo</strong></span> <span class='ocrx_word' id='word_1_259' title='bbox 2462 3349 2796 3408; x_wconf 90' lang='lat' dir='ltr'><strong>canticum</strong></span> <span class='ocrx_word' id='word_1_260' title='bbox 2832 3347 2979 3423; x_wconf 91' lang='lat' dir='ltr'><strong>hoc,</strong></span> <span class='ocrx_word' id='word_1_261' title='bbox 3008 3348 3302 3422; x_wconf 87' lang='lat' dir='ltr'><strong>exceptis</strong></span> <span class='ocrx_word' id='word_1_262' title='bbox 3346 3346 3494 3407; x_wconf 82' lang='lat' dir='ltr'><strong>istis</strong></span> <span class='ocrx_word' id='word_1_263' title='bbox 3528 3362 3672 3406; x_wconf 87' lang='lat' dir='ltr'><strong>eas·</strong></span> 
     </span>
     <span class='ocr_line' id='line_1_27' title="bbox 582 3449 3678 3526; baseline 0 -18"><span class='ocrx_word' id='word_1_264' title='bbox 582 3450 731 3508; x_wconf 90' lang='lat' dir='ltr'><strong>dem</strong></span> <span class='ocrx_word' id='word_1_265' title='bbox 767 3465 1050 3509; x_wconf 87' lang='lat' dir='ltr'><strong>coronas</strong></span> <span class='ocrx_word' id='word_1_266' title='bbox 1085 3452 1528 3524; x_wconf 81' lang='lat' dir='ltr'><strong>portantibuS‚</strong></span> <span class='ocrx_word' id='word_1_267' title='bbox 1566 3467 1757 3510; x_wconf 91' lang='lat' dir='ltr'><strong>nemo</strong></span> <span class='ocrx_word' id='word_1_268' title='bbox 1793 3452 2145 3526; x_wconf 89' lang='lat' dir='ltr'><strong>cantabat,</strong></span> <span class='ocrx_word' id='word_1_269' title='bbox 2183 3453 2333 3511; x_wconf 91' lang='lat' dir='ltr'><strong>aliis</strong></span> <span class='ocrx_word' id='word_1_270' title='bbox 2370 3452 2638 3526; x_wconf 86' lang='lat' dir='ltr'><strong>quidem</strong></span> <span class='ocrx_word' id='word_1_271' title='bbox 2675 3452 2837 3511; x_wconf 88' lang='lat' dir='ltr'><strong>illud</strong></span> <span class='ocrx_word' id='word_1_272' title='bbox 2876 3450 3337 3524; x_wconf 63' lang='lat' dir='ltr'><strong>audientibus»,</strong></span> <span class='ocrx_word' id='word_1_273' title='bbox 3388 3456 3456 3509; x_wconf 88' lang='lat' dir='ltr'><strong>et</strong></span> <span class='ocrx_word' id='word_1_274' title='bbox 3501 3449 3569 3509; x_wconf 89' lang='lat' dir='ltr'><strong>in</strong></span> <span class='ocrx_word' id='word_1_275' title='bbox 3599 3465 3678 3510; x_wconf 86' lang='lat' dir='ltr'><strong>eo</strong></span> 
     </span>
     <span class='ocr_line' id='line_1_28' title="bbox 581 3546 3679 3630; baseline 0.001 -20"><span class='ocrx_word' id='word_1_276' title='bbox 581 3552 1048 3626; x_wconf 75' lang='lat' dir='ltr'><strong>gaudentibus,</strong></span> <span class='ocrx_word' id='word_1_277' title='bbox 1086 3554 1644 3627; x_wconf 88' lang='lat' dir='ltr'><strong>quemadmodum</strong></span> <span class='ocrx_word' id='word_1_278' title='bbox 1673 3554 1867 3614; x_wconf 91' lang='lat' dir='ltr'><strong>homo</strong></span> <span class='ocrx_word' id='word_1_279' title='bbox 1899 3555 2168 3629; x_wconf 80' lang='lat' dir='ltr'><strong>gaudet,</strong></span> <span class='ocrx_word' id='word_1_280' title='bbox 2199 3571 2349 3614; x_wconf 92' lang='lat' dir='ltr'><strong>cum</strong></span> <span class='ocrx_word' id='word_1_281' title='bbox 2379 3556 2801 3630; x_wconf 87' lang='lat' dir='ltr'><strong>splendorem</strong></span> <span class='ocrx_word' id='word_1_282' title='bbox 2829 3555 2991 3615; x_wconf 90' lang='lat' dir='ltr'><strong>solis</strong></span> <span class='ocrx_word' id='word_1_283' title='bbox 3019 3555 3206 3630; x_wconf 90' lang='lat' dir='ltr'><strong>prius</strong></span> <span class='ocrx_word' id='word_1_284' title='bbox 3230 3569 3364 3614; x_wconf 91' lang='lat' dir='ltr'><strong>non</strong></span> <span class='ocrx_word' id='word_1_285' title='bbox 3389 3554 3611 3613; x_wconf 84' lang='lat' dir='ltr'><strong>visum</strong></span> <span class='ocrx_word' id='word_1_286' title='bbox 3628 3546 3679 3630; x_wconf 77' lang='lat'><strong>⁵)</strong></span> 
     </span>
     <span class='ocr_line' id='line_1_29' title="bbox 587 3657 795 3716; baseline 0.01 -2"><span class='ocrx_word' id='word_1_287' title='bbox 587 3657 795 3716; x_wconf 87' lang='lat' dir='ltr'><strong>videt.</strong></span> 
     </span>
    </p>

    <p class='ocr_par' dir='ltr' id='par_1_6' title="bbox 578 3761 3686 4342">
     <span class='ocr_line' id='line_1_30' title="bbox 673 3761 3686 3839; baseline 0 -19"><span class='ocrx_word' id='word_1_288' title='bbox 673 3761 780 3821; x_wconf 80' lang='lat'><strong>45.</strong></span> <span class='ocrx_word' id='word_1_289' title='bbox 830 3761 910 3821; x_wconf 90' lang='lat' dir='ltr'><strong>Et</strong></span> <span class='ocrx_word' id='word_1_290' title='bbox 942 3762 1398 3822; x_wconf 88' lang='lat' dir='ltr'><strong>calceamenta</strong></span> <span class='ocrx_word' id='word_1_291' title='bbox 1452 3779 1684 3823; x_wconf 90' lang='lat' dir='ltr'><strong>eorum</strong></span> <span class='ocrx_word' id='word_1_292' title='bbox 1721 3764 1813 3823; x_wconf 88' lang='lat' dir='ltr'><strong>ita</strong></span> <span class='ocrx_word' id='word_1_293' title='bbox 1861 3761 2211 3839; x_wconf 89' lang='lat' dir='ltr'><strong>perlucida</strong></span> <span class='ocrx_word' id='word_1_294' title='bbox 2243 3769 2470 3837; x_wconf 90' lang='lat' dir='ltr'><strong>erant,</strong></span> <span class='ocrx_word' id='word_1_295' title='bbox 2524 3765 2719 3838; x_wconf 90' lang='lat' dir='ltr'><strong>quasi</strong></span> <span class='ocrx_word' id='word_1_296' title='bbox 2751 3764 2833 3823; x_wconf 91' lang='lat' dir='ltr'><strong>de</strong></span> <span class='ocrx_word' id='word_1_297' title='bbox 2874 3764 3029 3823; x_wconf 86' lang='lat' dir='ltr'><strong>vivo</strong></span> <span class='ocrx_word' id='word_1_298' title='bbox 3068 3761 3247 3823; x_wconf 90' lang='lat' dir='ltr'><strong>fonte</strong></span> <span class='ocrx_word' id='word_1_299' title='bbox 3282 3766 3550 3836; x_wconf 88' lang='lat' dir='ltr'><strong>sumpta</strong></span> <span class='ocrx_word' id='word_1_300' title='bbox 3581 3776 3686 3821; x_wconf 88' lang='lat' dir='ltr'><strong>es-</strong></span> 
     </span>
     <span class='ocr_line' id='line_1_31' title="bbox 582 3863 3683 3942; baseline -0.001 -17"><span class='ocrx_word' id='word_1_301' title='bbox 582 3868 747 3925; x_wconf 88' lang='lat' dir='ltr'><strong>sent.</strong></span> <span class='ocrx_word' id='word_1_302' title='bbox 800 3864 923 3925; x_wconf 88' lang='lat' dir='ltr'><strong>Sed</strong></span> <span class='ocrx_word' id='word_1_303' title='bbox 958 3871 1030 3925; x_wconf 88' lang='lat' dir='ltr'><strong>et</strong></span> <span class='ocrx_word' id='word_1_304' title='bbox 1066 3866 1399 3925; x_wconf 90' lang='lat' dir='ltr'><strong>interdum</strong></span> <span class='ocrx_word' id='word_1_305' title='bbox 1448 3868 1634 3927; x_wconf 85' lang='lat' dir='ltr'><strong>velut</strong></span> <span class='ocrx_word' id='word_1_306' title='bbox 1669 3883 1871 3942; x_wconf 87' lang='lat' dir='ltr'><strong>super</strong></span> <span class='ocrx_word' id='word_1_307' title='bbox 1920 3883 2163 3926; x_wconf 87' lang='lat' dir='ltr'><strong>aureas</strong></span> <span class='ocrx_word' id='word_1_308' title='bbox 2200 3873 2385 3926; x_wconf 88' lang='lat' dir='ltr'><strong>rotas</strong></span> <span class='ocrx_word' id='word_1_309' title='bbox 2438 3867 2851 3941; x_wconf 88' lang='lat' dir='ltr'><strong>incedebant,</strong></span> <span class='ocrx_word' id='word_1_310' title='bbox 2888 3869 2957 3926; x_wconf 89' lang='lat' dir='ltr'><strong>et</strong></span> <span class='ocrx_word' id='word_1_311' title='bbox 3003 3869 3160 3926; x_wconf 92' lang='lat' dir='ltr'><strong>tunc</strong></span> <span class='ocrx_word' id='word_1_312' title='bbox 3193 3865 3398 3924; x_wconf 90' lang='lat' dir='ltr'><strong>etiam</strong></span> <span class='ocrx_word' id='word_1_313' title='bbox 3448 3863 3515 3923; x_wconf 89' lang='lat' dir='ltr'><strong>in</strong></span> <span class='ocrx_word' id='word_1_314' title='bbox 3546 3879 3683 3925; x_wconf 90' lang='lat' dir='ltr'><strong>ma·</strong></span> 
     </span>
     <span class='ocr_line' id='line_1_32' title="bbox 578 3967 3681 4046; baseline -0.001 -17"><span class='ocrx_word' id='word_1_315' title='bbox 578 3968 778 4029; x_wconf 87' lang='lat' dir='ltr'><strong>nibus</strong></span> <span class='ocrx_word' id='word_1_316' title='bbox 828 3969 971 4029; x_wconf 91' lang='lat' dir='ltr'><strong>suis</strong></span> <span class='ocrx_word' id='word_1_317' title='bbox 1004 3969 1298 4029; x_wconf 84' lang='lat' dir='ltr'><strong>citharas</strong></span> <span class='ocrx_word' id='word_1_318' title='bbox 1351 3971 1731 4045; x_wconf 89' lang='lat' dir='ltr'><strong>portabant,</strong></span> <span class='ocrx_word' id='word_1_319' title='bbox 1768 3985 1921 4029; x_wconf 90' lang='lat' dir='ltr'><strong>cum</strong></span> <span class='ocrx_word' id='word_1_320' title='bbox 1967 3971 2214 4046; x_wconf 90' lang='lat' dir='ltr'><strong>quibus</strong></span> <span class='ocrx_word' id='word_1_321' title='bbox 2249 3970 2773 4046; x_wconf 84' lang='lat' dir='ltr'><strong>citharizabant3</strong></span> <span class='ocrx_word' id='word_1_322' title='bbox 2825 3976 2891 4029; x_wconf 92' lang='lat' dir='ltr'><strong>et</strong></span> <span class='ocrx_word' id='word_1_323' title='bbox 2933 3971 3091 4029; x_wconf 90' lang='lat' dir='ltr'><strong>tunc</strong></span> <span class='ocrx_word' id='word_1_324' title='bbox 3139 3968 3344 4028; x_wconf 87' lang='lat' dir='ltr'><strong>etiam</strong></span> <span class='ocrx_word' id='word_1_325' title='bbox 3394 3967 3681 4027; x_wconf 89' lang='lat' dir='ltr'><strong>alienam</strong></span> 
     </span>
     <span class='ocr_line' id='line_1_33' title="bbox 584 4070 3683 4152; baseline -0.001 -18"><span class='ocrx_word' id='word_1_326' title='bbox 584 4075 879 4151; x_wconf 84' lang='lat' dir='ltr'><strong>linguam</strong></span> <span class='ocrx_word' id='word_1_327' title='bbox 915 4076 1375 4150; x_wconf 82' lang='lat' dir='ltr'><strong>intelligebant</strong></span> <span class='ocrx_word' id='word_1_328' title='bbox 1408 4082 1474 4134; x_wconf 92' lang='lat' dir='ltr'><strong>et</strong></span> <span class='ocrx_word' id='word_1_329' title='bbox 1510 4076 1810 4135; x_wconf 87' lang='lat' dir='ltr'><strong>sciebant</strong></span> <span class='ocrx_word' id='word_1_330' title='bbox 1859 4082 1926 4134; x_wconf 91' lang='lat' dir='ltr'><strong>et</strong></span> <span class='ocrx_word' id='word_1_331' title='bbox 1976 4076 2441 4151; x_wconf 85' lang='lat' dir='ltr'><strong>loquebantur,</strong></span> <span class='ocrx_word' id='word_1_332' title='bbox 2478 4092 2675 4152; x_wconf 89' lang='lat' dir='ltr'><strong>quam</strong></span> <span class='ocrx_word' id='word_1_333' title='bbox 2728 4075 3157 4135; x_wconf 87' lang='lat' dir='ltr'><strong>nullus.alius</strong></span> <span class='ocrx_word' id='word_1_334' title='bbox 3189 4073 3399 4146; x_wconf 88' lang='lat' dir='ltr'><strong>novit,</strong></span> <span class='ocrx_word' id='word_1_335' title='bbox 3434 4087 3556 4132; x_wconf 91' lang='lat' dir='ltr'><strong>nec</strong></span> <span class='ocrx_word' id='word_1_336' title='bbox 3587 4070 3683 4130; x_wconf 89' lang='lat' dir='ltr'><strong>di·-</strong></span> 
     </span>
     <span class='ocr_line' id='line_1_34' title="bbox 584 4177 3683 4256; baseline -0.001 -20"><span class='ocrx_word' id='word_1_337' title='bbox 584 4194 737 4237; x_wconf 91' lang='lat' dir='ltr'><strong>cere</strong></span> <span class='ocrx_word' id='word_1_338' title='bbox 785 4179 1052 4254; x_wconf 90' lang='lat' dir='ltr'><strong>poterit.</strong></span> <span class='ocrx_word' id='word_1_339' title='bbox 1088 4179 1372 4256; x_wconf 85' lang='lat' dir='ltr'><strong>Reliqua</strong></span> <span class='ocrx_word' id='word_1_340' title='bbox 1420 4195 1579 4239; x_wconf 89' lang='lat' dir='ltr'><strong>vere</strong></span> <span class='ocrx_word' id='word_1_341' title='bbox 1630 4182 2022 4239; x_wconf 88' lang='lat' dir='ltr'><strong>ornamenta</strong></span> <span class='ocrx_word' id='word_1_342' title='bbox 2073 4180 2380 4253; x_wconf 86' lang='lat' dir='ltr'><strong>istorum,</strong></span> <span class='ocrx_word' id='word_1_343' title='bbox 2419 4195 2588 4254; x_wconf 91' lang='lat' dir='ltr'><strong>quae</strong></span> <span class='ocrx_word' id='word_1_344' title='bbox 2623 4180 2911 4254; x_wconf 83' lang='lat' dir='ltr'><strong>plurima</strong></span> <span class='ocrx_word' id='word_1_345' title='bbox 2954 4183 3166 4253; x_wconf 89' lang='lat' dir='ltr'><strong>erant,</strong></span> <span class='ocrx_word' id='word_1_346' title='bbox 3202 4177 3507 4252; x_wconf 86' lang='lat' dir='ltr'><strong>aspicere</strong></span> <span class='ocrx_word' id='word_1_347' title='bbox 3554 4189 3683 4235; x_wconf 90' lang='lat' dir='ltr'><strong>non</strong></span> 
     </span>
     <span class='ocr_line' id='line_1_35' title="bbox 587 4283 917 4342; baseline 0.003 -1"><span class='ocrx_word' id='word_1_348' title='bbox 587 4283 917 4342; x_wconf 86' lang='lat' dir='ltr'><strong>valebam.</strong></span> 
     </span>
    </p>

    <p class='ocr_par' dir='ltr' id='par_1_7' title="bbox 585 4382 3685 4878">
     <span class='ocr_line' id='line_1_36' title="bbox 677 4382 3682 4463; baseline -0.001 -19"><span class='ocrx_word' id='word_1_349' title='bbox 677 4385 782 4445; x_wconf 82' lang='lat'><strong>46.</strong></span> <span class='ocrx_word' id='word_1_350' title='bbox 819 4386 983 4445; x_wconf 87' lang='lat' dir='ltr'><strong>Nam</strong></span> <span class='ocrx_word' id='word_1_351' title='bbox 1017 4387 1358 4462; x_wconf 87' lang='lat' dir='ltr'><strong>quoniam,</strong></span> <span class='ocrx_word' id='word_1_352' title='bbox 1394 4387 1551 4446; x_wconf 88' lang='lat' dir='ltr'><strong>dum</strong></span> <span class='ocrx_word' id='word_1_353' title='bbox 1591 4388 1655 4446; x_wconf 92' lang='lat' dir='ltr'><strong>in</strong></span> <span class='ocrx_word' id='word_1_354' title='bbox 1706 4388 1976 4449; x_wconf 90' lang='lat' dir='ltr'><strong>saeculo</strong></span> <span class='ocrx_word' id='word_1_355' title='bbox 2028 4387 2475 4463; x_wconf 86' lang='lat' dir='ltr'><strong>corporaliter</strong></span> <span class='ocrx_word' id='word_1_356' title='bbox 2521 4388 2849 4462; x_wconf 84' lang='lat' dir='ltr'><strong>viverent,</strong></span> <span class='ocrx_word' id='word_1_357' title='bbox 2900 4385 3097 4445; x_wconf 88' lang='lat' dir='ltr'><strong>fidem</strong></span> <span class='ocrx_word' id='word_1_358' title='bbox 3145 4399 3348 4460; x_wconf 90' lang='lat' dir='ltr'><strong>quam</strong></span> <span class='ocrx_word' id='word_1_359' title='bbox 3382 4382 3682 4445; x_wconf 86' lang='lat' dir='ltr'><strong>Creatori</strong></span> 
     </span>
     <span class='ocr_line' id='line_1_37' title="bbox 587 4486 3682 4568; baseline 0 -23"><span class='ocrx_word' id='word_1_360' title='bbox 587 4504 709 4547; x_wconf 92' lang='lat' dir='ltr'><strong>suo</strong></span> <span class='ocrx_word' id='word_1_361' title='bbox 744 4495 1088 4562; x_wconf 89' lang='lat' dir='ltr'><strong>noverant,</strong></span> <span class='ocrx_word' id='word_1_362' title='bbox 1127 4490 1318 4549; x_wconf 84' lang='lat' dir='ltr'><strong>bonis</strong></span> <span class='ocrx_word' id='word_1_363' title='bbox 1352 4490 1670 4564; x_wconf 90' lang='lat' dir='ltr'><strong>operibus</strong></span> <span class='ocrx_word' id='word_1_364' title='bbox 1720 4491 2249 4568; x_wconf 86' lang='lat' dir='ltr'><strong>compleverant,</strong></span> <span class='ocrx_word' id='word_1_365' title='bbox 2291 4491 2352 4549; x_wconf 90' lang='lat' dir='ltr'><strong>in</strong></span> <span class='ocrx_word' id='word_1_366' title='bbox 2391 4490 2773 4566; x_wconf 90' lang='lat' dir='ltr'><strong>praedictae</strong></span> <span class='ocrx_word' id='word_1_367' title='bbox 2808 4489 3141 4548; x_wconf 88' lang='lat' dir='ltr'><strong>claritatis</strong></span> <span class='ocrx_word' id='word_1_368' title='bbox 3175 4486 3439 4563; x_wconf 83' lang='lat' dir='ltr'><strong>gaudiis</strong></span> <span class='ocrx_word' id='word_1_369' title='bbox 3489 4486 3682 4546; x_wconf 77' lang='lat' dir='ltr'><strong>beata</strong></span> 
     </span>
     <span class='ocr_line' id='line_1_38' title="bbox 587 4591 3682 4668; baseline 0 -19"><span class='ocrx_word' id='word_1_370' title='bbox 587 4591 810 4666; x_wconf 86' lang='lat' dir='ltr'><strong>quiete</strong></span> <span class='ocrx_word' id='word_1_371' title='bbox 861 4597 1087 4664; x_wconf 87' lang='lat' dir='ltr'><strong>erant,</strong></span> <span class='ocrx_word' id='word_1_372' title='bbox 1139 4599 1206 4651; x_wconf 92' lang='lat' dir='ltr'><strong>et</strong></span> <span class='ocrx_word' id='word_1_373' title='bbox 1255 4594 1567 4668; x_wconf 91' lang='lat' dir='ltr'><strong>quoniam</strong></span> <span class='ocrx_word' id='word_1_374' title='bbox 1619 4595 1834 4654; x_wconf 90' lang='lat' dir='ltr'><strong>aerias</strong></span> <span class='ocrx_word' id='word_1_375' title='bbox 1888 4595 2256 4653; x_wconf 87' lang='lat' dir='ltr'><strong>varietates</strong></span> <span class='ocrx_word' id='word_1_376' title='bbox 2306 4595 2673 4653; x_wconf 90' lang='lat' dir='ltr'><strong>carnalium</strong></span> <span class='ocrx_word' id='word_1_377' title='bbox 2725 4593 3246 4653; x_wconf 87' lang='lat' dir='ltr'><strong>delectationum</strong></span> <span class='ocrx_word' id='word_1_378' title='bbox 3289 4592 3355 4650; x_wconf 93' lang='lat' dir='ltr'><strong>in</strong></span> <span class='ocrx_word' id='word_1_379' title='bbox 3388 4591 3682 4666; x_wconf 85' lang='lat' dir='ltr'><strong>puritate</strong></span> 
     </span>
     <span class='ocr_line' id='line_1_39' title="bbox 585 4694 3684 4773; baseline -0.001 -19"><span class='ocrx_word' id='word_1_380' title='bbox 585 4695 905 4754; x_wconf 87' lang='lat' dir='ltr'><strong>mentium</strong></span> <span class='ocrx_word' id='word_1_381' title='bbox 944 4711 1217 4754; x_wconf 85' lang='lat' dir='ltr'><strong>suarum</strong></span> <span class='ocrx_word' id='word_1_382' title='bbox 1253 4697 1702 4771; x_wconf 81' lang='lat' dir='ltr'><strong>neglexerant,</strong></span> <span class='ocrx_word' id='word_1_383' title='bbox 1741 4704 1807 4756; x_wconf 89' lang='lat' dir='ltr'><strong>et</strong></span> <span class='ocrx_word' id='word_1_384' title='bbox 1845 4699 1908 4756; x_wconf 91' lang='lat' dir='ltr'><strong>in</strong></span> <span class='ocrx_word' id='word_1_385' title='bbox 1945 4714 2241 4758; x_wconf 90' lang='lat' dir='ltr'><strong>amorem</strong></span> <span class='ocrx_word' id='word_1_386' title='bbox 2277 4698 2537 4757; x_wconf 89' lang='lat' dir='ltr'><strong>ardoris</strong></span> <span class='ocrx_word' id='word_1_387' title='bbox 2573 4698 2715 4756; x_wconf 89' lang='lat' dir='ltr'><strong>veri</strong></span> <span class='ocrx_word' id='word_1_388' title='bbox 2752 4698 2916 4758; x_wconf 91' lang='lat' dir='ltr'><strong>solis</strong></span> <span class='ocrx_word' id='word_1_389' title='bbox 2959 4712 3161 4773; x_wconf 86' lang='lat' dir='ltr'><strong>super</strong></span> <span class='ocrx_word' id='word_1_390' title='bbox 3202 4694 3443 4770; x_wconf 80' lang='lat' dir='ltr'><strong>legalia</strong></span> <span class='ocrx_word' id='word_1_391' title='bbox 3492 4708 3684 4769; x_wconf 89' lang='lat' dir='ltr'><strong>prae-</strong></span> 
     </span>
     <span class='ocr_line' id='line_1_40' title="bbox 585 4798 3685 4878; baseline 0 -22"><span class='ocrx_word' id='word_1_392' title='bbox 585 4803 781 4875; x_wconf 87' lang='lat' dir='ltr'><strong>cepta</strong></span> <span class='ocrx_word' id='word_1_393' title='bbox 829 4798 1289 4874; x_wconf 89' lang='lat' dir='ltr'><strong>ascenderant,</strong></span> <span class='ocrx_word' id='word_1_394' title='bbox 1343 4816 1564 4860; x_wconf 89' lang='lat' dir='ltr'><strong>aerem</strong></span> <span class='ocrx_word' id='word_1_395' title='bbox 1615 4801 1980 4876; x_wconf 89' lang='lat' dir='ltr'><strong>puritatem</strong></span> <span class='ocrx_word' id='word_1_396' title='bbox 2016 4818 2220 4877; x_wconf 89' lang='lat' dir='ltr'><strong>super</strong></span> <span class='ocrx_word' id='word_1_397' title='bbox 2265 4803 2627 4877; x_wconf 90' lang='lat' dir='ltr'><strong>puritatem</strong></span> <span class='ocrx_word' id='word_1_398' title='bbox 2677 4801 3304 4878; x_wconf 88' lang='lat' dir='ltr'><strong>limpidissimarum</strong></span> <span class='ocrx_word' id='word_1_399' title='bbox 3353 4812 3685 4874; x_wconf 88' lang='lat' dir='ltr'><strong>aquarum</strong></span> 
     </span>
    </p>
   </div>
   <div class='ocr_carea' id='block_1_5' title="bbox 598 5015 3685 5172">
    <p class='ocr_par' dir='ltr' id='par_1_8' title="bbox 598 5015 3685 5172">
     <span class='ocr_line' id='line_1_41' title="bbox 663 5015 3685 5092; baseline -0.002 -19"><span class='ocrx_word' id='word_1_400' title='bbox 663 5015 706 5079; x_wconf 84' lang='lat'><strong>¹)</strong></span> <span class='ocrx_word' id='word_1_401' title='bbox 739 5020 1087 5089; x_wconf 68' lang='lat' dir='ltr'><strong>passionibus</strong></span> <span class='ocrx_word' id='word_1_402' title='bbox 1122 5037 1307 5074; x_wconf 80' lang='lat' dir='ltr'><strong>eorum</strong></span> <span class='ocrx_word' id='word_1_403' title='bbox 1345 5022 1659 5074; x_wconf 82' lang='lat' dir='ltr'><strong>innovatam</strong></span> <span class='ocrx_word' id='word_1_404' title='bbox 1695 5019 1787 5074; x_wconf 89' lang='lat' dir='ltr'><strong>W.</strong></span> <span class='ocrx_word' id='word_1_405' title='bbox 1827 5050 1892 5058; x_wconf 90' lang='lat'><em>-</em></span> <span class='ocrx_word' id='word_1_406' title='bbox 1918 5019 1962 5082; x_wconf 76' lang='lat'><strong>2)</strong></span> <span class='ocrx_word' id='word_1_407' title='bbox 1995 5036 2097 5092; x_wconf 79' lang='lat' dir='ltr'><strong>per</strong></span> <span class='ocrx_word' id='word_1_408' title='bbox 2186 5018 2230 5082; x_wconf 85' lang='lat'><strong>⁴)</strong></span> <span class='ocrx_word' id='word_1_409' title='bbox 2257 5037 2400 5091; x_wconf 76' lang='lat' dir='ltr'><strong>ayne</strong></span> <span class='ocrx_word' id='word_1_410' title='bbox 2425 5021 2709 5076; x_wconf 67' lang='lat' dir='ltr'><strong>resonabat</strong></span> <span class='ocrx_word' id='word_1_411' title='bbox 2734 5019 2826 5077; x_wconf 88' lang='lat' dir='ltr'><strong>W.</strong></span> <span class='ocrx_word' id='word_1_412' title='bbox 2864 5050 2923 5059; x_wconf 95' lang='lat'><strong>—</strong></span> <span class='ocrx_word' id='word_1_413' title='bbox 2952 5021 2998 5087; x_wconf 80' lang='lat'><strong>⁵)</strong></span> <span class='ocrx_word' id='word_1_414' title='bbox 3026 5033 3135 5074; x_wconf 76' lang='lat' dir='ltr'><strong>non</strong></span> <span class='ocrx_word' id='word_1_415' title='bbox 3153 5019 3314 5090; x_wconf 72' lang='lat' dir='ltr'><strong>prius</strong></span> <span class='ocrx_word' id='word_1_416' title='bbox 3340 5017 3519 5071; x_wconf 68' lang='lat' dir='ltr'><strong>visum</strong></span> <span class='ocrx_word' id='word_1_417' title='bbox 3541 5017 3685 5071; x_wconf 79' lang='lat' dir='ltr'><strong>vivet</strong></span> 
     </span>
     <span class='ocr_line' id='line_1_42' title="bbox 598 5101 2275 5172; baseline 0.003 -16"><span class='ocrx_word' id='word_1_418' title='bbox 598 5101 835 5172; x_wconf 74' lang='lat' dir='ltr'><strong>yloriam</strong></span> <span class='ocrx_word' id='word_1_419' title='bbox 873 5102 980 5159; x_wconf 82' lang='lat' dir='ltr'><strong>Dei</strong></span> <span class='ocrx_word' id='word_1_420' title='bbox 1004 5101 1071 5160; x_wconf 86' lang='grc' dir='ltr'><strong>Α.</strong></span> <span class='ocrx_word' id='word_1_421' title='bbox 1104 5135 1167 5142; x_wconf 83' lang='lat'><strong>——-</strong></span> <span class='ocrx_word' id='word_1_422' title='bbox 1208 5104 1250 5172; x_wconf 76' lang='lat'><strong>³)</strong></span> <span class='ocrx_word' id='word_1_423' title='bbox 1278 5106 1492 5161; x_wconf 79' lang='lat' dir='ltr'><strong>odorem</strong></span> <span class='ocrx_word' id='word_1_424' title='bbox 1516 5107 1753 5161; x_wconf 76' lang='lat' dir='ltr'><strong>omnium</strong></span> <span class='ocrx_word' id='word_1_425' title='bbox 1788 5105 1877 5161; x_wconf 89' lang='lat' dir='ltr'><strong>W.</strong></span> <span class='ocrx_word' id='word_1_426' title='bbox 1912 5135 1970 5141; x_wconf 86' lang='lat'><strong>—-</strong></span> <span class='ocrx_word' id='word_1_427' title='bbox 2184 5105 2275 5161; x_wconf 89' lang='lat' dir='ltr'><strong>W.</strong></span> 
     </span>
    </p>
   </div>
  </div>
 </body>
</html>
