4036 6117
752 478 872 525 XVI
1958 486 2454 535 Pnoomnuu

653 623 894 717 Neque
929 618 1393 716 applicandae
1428 627 1590 691 sunt
1644 620 1732 690 ad
1785 621 2234 693 resolvendas
2269 623 2716 717 quaestiones
2753 622 3146 713 historicas,
3204 623 3548 720 physicae,
3595 624 3750 721 phi-

646 751 1037 847 losophicas
1089 758 1212 821 aut
1263 748 1714 844 theologicae,
1769 774 1950 845 quae
2004 752 2187 822 inter
2223 752 2540 824 doctores
2589 764 3233 827 controvertuntur.
3288 756 3473 828 Sane
3505 757 3613 828 fas
3645 766 3749 829 est

640 906 682 953 a
717 878 1264 952 revelationibus
1313 877 1793 973 hujuscemodi
1859 878 1967 950 vel
2031 880 2441 976 approbatis
2498 881 2837 975 recedere,
2898 906 3053 954 cum
3115 882 3335 955 solido
3392 883 3745 955 rationum

642 1009 1121 1099 fundamento,
1166 1006 1476 1078 maxime
1527 1007 1583 1077 si
1639 1008 1992 1079 contraria
2025 1009 2373 1081 sententia
2409 1010 2837 1083 inconcussis
2888 1020 3159 1083 constat
3211 1010 3644 1083 documentis
3680 1019 3749 1082 et

644 1146 835 1213 certa
873 1137 1333 1233 experientia.
1372 1137 1522 1210 Nec
1554 1138 1832 1231 mirum,
1887 1139 1947 1210 si
1978 1140 2148 1233 quid
2202 1148 2407 1212 nutat
2460 1141 2531 1212 in
2587 1141 2866 1237 paginis
2916 1141 3513 1238 Hildegardianis,
3564 1165 3745 1238 quae

645 1268 981 1339 immenso
1017 1266 1284 1339 ambitu
1323 1265 1660 1363 cyclicam
1698 1267 2006 1339 omnium
2048 1255 2795 1363 rerum'eruditionem,
2835 1271 3113 1365 qualem
3152 1271 3372 1366 ipsius
3405 1278 3600 1342 aetas
3634 1278 3744 1342 tu-

641 1395 746 1488 lit,
780 1395 1322 1492 amplectuntur.

736 1503 855 1596 Ad'
917 1522 1282 1596 historiam
1352 1524 1538 1619 quod
1596 1533 1896 1621 spectat,
1977 1501 2169 1597 haud
2237 1527 2652 1601 mediocrem
2722 1527 2792 1599 id
2863 1535 3094 1600 movet
3161 1528 3732 1615 admirationem,

640 1651 824 1747 quod
879 1650 1126 1747 priscis
1160 1651 1439 1746 scriptis
1474 1651 1828 1745 destituta,
1886 1653 1987 1725 ita
2023 1654 2327 1726 valuerit
2363 1663 2603 1727 texere
2639 1663 2798 1726 acta
2834 1654 2953 1726 SS.
2992 1654 3305 1725 Disibodi
3343 1665 3409 1725 et
3463 1654 3737 1748 Ruper-

533 1854 540 1860 .
631 1782 707 1871 ti,
746 1790 903 1878 post
955 1780 1096 1853 tria
1131 1787 1255 1852 aut
1295 1787 1598 1874 quatuor
1632 1780 1934 1873 saecula,
1989 1789 2068 1852 ut
2104 1805 2191 1853 ne
2226 1780 2710 1855 Bollandistae
2743 1782 3045 1878 quidem,
3092 1808 3181 1853 ex
3217 1782 3442 1855 officio
3475 1782 3734 1878 hyper-

630 1907 879 2002 critici,
918 1931 1002 1980 ea
1034 1906 1392 1979 fastidiose
1427 1906 1841 2002 respuerint,
1874 1907 2039 1979 dum
2074 1907 2564 1980 Elizabetham
2597 1907 3258 2004 Schonaugiensem,
3292 1910 3360 1980 in
3401 1919 3560 1980 acta
3595 1908 3733 1980 Ur-

630 2036 884 2109 sulana
915 2042 1425 2123 excurrentem,
1464 2034 1591 2105 vix
1625 2058 1765 2105 non
1802 2036 2044 2106 sannis
2077 2035 2556 2131 proscindunt.
2609 2036 2741 2109 Sed
2796 2038 2981 2132 quod
3036 2037 3259 2131 magis
3293 2037 3527 2125 miror,
3566 2035 3736 2107 Stil-

624 2166 911 2262 tingius,
949 2170 1295 2259 quantum
1348 2185 1602 2234 nomen
1639 2169 1796 2258 post
1848 2161 2296 2234 Bollandum!
2341 2164 2856 2258 cogitabundus
2905 2164 3089 2236 sistit
3125 2165 3213 2236 ad
3248 2165 3529 2260 singula
3566 2164 3727 2236 Hil-

626 2291 953 2388 degardis
978 2289 1262 2362 oracula
1292 2288 1660 2360 defuturis
1693 2289 2116 2384 remotisque
2144 2291 2592 2386 temporibus.
2630 2289 2746 2361 Ad
2780 2290 3168 2364 Henricum
3205 2290 3725 2386 Moguntinum,

622 2400 898 2494 bonum
937 2426 1006 2491 et
1070 2418 1453 2512 benignum
1506 2422 2009 2511 protectorem,
2068 2416 2587 2512 inexspectatas
2639 2416 2866 2488 minas
2917 2416 3311 2505 intentans,
3374 2448 3401 2481 α
3444 2440 3730 2512 respon-

619 2547 767 2640 det,
824 2544 1056 2640 inquit
1103 2543 1662 2639 hagiographuS,
1718 2542 2126 2638 prophetico
2179 2540 2370 2616 more
2421 2551 2490 2616 et
2542 2567 2678 2616 non
2724 2544 3033 2640 obscure,
3089 2544 3412 2640 exemplo
3472 2544 3722 2616 Nabu-

622 2673 1053 2747 chodonosor
1103 2671 1479 2768 praedicit,
1546 2670 1933 2743 Henricum
1989 2670 2332 2765 dignitate
2384 2695 2512 2743 sua
2583 2673 3041 2767 privandum,
3114 2682 3182 2746 et
3235 2698 3372 2746 non
3427 2674 3545 2746 diu
3600 2675 3727 2746 ad-

618 2805 897 2881 modum
937 2803 1308 2896 victurum,
1364 2826 1491 2898 pro
1542 2810 1621 2873 ut
1674 2824 1920 2873 revera
1953 2800 2218 2872 factum
2258 2810 2379 2872 est.
2420 2802 2632 2896 (Bou.
2671 2827 2736 2874 η.
2772 2808 2927 2898 40).
2975 2834 3003 2870 »
3044 2847 3141 2857 -
3181 2834 3207 2869 α
3257 2804 3421 2876 Non
3474 2805 3723 2876 obscu-

615 2957 691 3004 re
758 2929 1099 3028 praedicit
1163 2928 1564 3017 schismata,
1636 2926 1916 3022 aliaque
1981 2926 2340 2999 Ecclesiae
2405 2928 2614 3020 mala,
2671 2952 2853 3023 quae
2912 2937 3082 3029 nata
3144 2939 3308 3002 sunt
3374 2931 3504 3002 sub
3555 2931 3729 3002 Fre-

612 3057 864 3130 derico‘
898 3056 956 3129 I.
1013 3053 1236 3127 Addit
1279 3052 1501 3126 multa
1554 3052 1790 3126 eodem
1846 3052 2098 3149 spiritu
2152 3053 2560 3150 prophetico
2619 3054 2706 3127 de
2759 3055 2975 3129 variis
3037 3056 3394 3129 Ecclesiae
3448 3068 3722 3153 tempo,-
3805 3143 3808 3146 ,

609 3191 806 3262 ribus
856 3196 925 3262 et
977 3186 1619 3277 vicissitudinibuS,
1689 3184 1952 3280 illaque
2003 3208 2141 3257 non
2197 3184 2570 3258 difficulter
2621 3186 2961 3283 explicari
3015 3193 3339 3282 possent,
3413 3185 3466 3256 si
3523 3185 3724 3257 lube-

614 3329 718 3390 ret
770 3315 1014 3388 futura
1063 3323 1234 3386 tunc
1283 3312 1617 3409 temporis
1668 3312 1969 3384 lustrare
2024 3312 2124 3404 (n.
2181 3314 2330 3409 42).
2381 3343 2409 3378 ι
2466 3313 2572 3385 De
2616 3313 2882 3386 famoso
2937 3313 3026 3385 ad
3078 3313 3538 3385 Anastasium
3592 3338 3723 3408 pa-

608 3472 769 3545 pam
825 3445 1185 3519 vaticinio:
1246 3472 1276 3508 σ
1338 3442 1432 3514 Et
1484 3449 1584 3535 tu,
1640 3466 1680 3514 o
1731 3441 1981 3534 Roma,
2042 3442 2111 3513 in
2139 3441 2499 3515 'extremis
2558 3443 2840 3539 jacens,
2905 3443 3434 3516 conturbaberis
3484 3451 3612 3514 etc.
3685 3476 3715 3508 »

603 3575 946 3650 subditur:
1014 3605 1044 3640 α
1113 3572 1341 3645 Roma
1375 3578 1561 3643 certe
1622 3571 1917 3643 multum
1981 3573 2266 3645 turbata
2317 3581 2420 3645 est
2473 3597 2596 3669 per
2646 3572 2949 3645 schisma
3001 3574 3186 3668 quod
3224 3584 3551 3647 exortum
3603 3587 3715 3647 est

602 3705 914 3800 quinque
961 3710 1085 3774 aut
1135 3724 1260 3773 sex
1312 3700 1517 3771 annis
1553 3714 1708 3795 post
1742 3699 1926 3771 hanc
1965 3700 2506 3796 praedictionem
2546 3705 2644 3796 (n.
2683 3703 2830 3798 49).
2879 3732 2907 3768 ι
2947 3702 3285 3775 Similiter
3322 3728 3411 3776 ex
3446 3705 3706 3799 episto-

599 3833 671 3903 la
724 3832 813 3902 ad
865 3828 1314 3902 Fredericum
1372 3857 1400 3890 α
1448 3826 1824 3922 colligitur,
1879 3826 2276 3898 molitiones
2332 3829 2565 3918 varias
2599 3829 3042 3924 imperatoris
3076 3830 3165 3901 ab
3217 3830 3370 3925 ipsa
3419 3831 3710 3904 minime

591 3962 803 4035 fuisse
857 3960 1208 4056 probatas,
1265 3965 1389 4029 aut
1442 3955 1671 4052 potius
1723 3980 1764 4026 a
1799 3955 2067 4051 Spiritu
2120 3955 2399 4049 Sancte,
2450 3956 2570 4051 qui
2607 3980 2734 4052 per
2782 3967 3099 4029 sanctam
3137 3957 3315 4029 alias
3349 3957 3706 4030 indoctam

600 4094 1041 4189 loquebatur,
1098 4096 1339 4185 aperte
1393 4088 1825 4183 improbatas
1878 4085 1979 4180 (n.
2017 4088 2213 4182 45).»
2275 4087 2592 4160 Arnoldo
2629 4087 3050 4182 Moguntino
3102 4088 3464 4161 interitum
3502 4112 3709 4184 prae-

599 4223 792 4311 dicit,
846 4243 1054 4315 quem
1107 4223 1352 4288 narrat
1405 4213 1755 4286 Baronius
1806 4213 1917 4283 ad.
1966 4236 2030 4283 a.
2076 4212 2282 4303 1160,
2345 4246 2372 4278 «
2417 4215 2797 4285 observans
2830 4214 3056 4309 ipsum
3110 4213 3346 4285 eodem
3403 4236 3591 4285 anno
3628 4212 3703 4284 in

517 4349 523 4354 ’
595 4346 1063 4422 conciliabulo
1130 4341 1464 4438 Papiensi
1533 4341 1833 4437 primum
1889 4339 2378 4435 subscripsisse
2429 4342 2842 4428 sententiae,
2908 4348 3151 4412 contra
3204 4340 3701 4411 Alexandrum

590 4478 710 4551 111
747 4474 1140 4570 legitimum
1173 4469 1570 4566 pontificem
1611 4468 1801 4540 latae
1854 4466 1954 4561 (n.
1999 4471 2143 4562 56).
2192 4499 2218 4531 ι)
2257 4512 2357 4522 -
2398 4501 2426 4535 «
2470 4469 2828 4564 Epistolas
2879 4493 2967 4541 ne
3020 4470 3391 4541 recensebo
3443 4470 3707 4564 quibus

593 4604 916 4680 consulta
969 4601 1103 4674 suit
1154 4600 1242 4672 de
1292 4598 1585 4681 occultis
1619 4604 1688 4669 et
1724 4597 2039 4670 arcanis?
2091 4596 2365 4668 Harum
2403 4604 2645 4669 tantus
2681 4605 2784 4670 est
2821 4621 3171 4689 numernS,
3211 4606 3290 4668 ut
3328 4596 3703 4669 manifesto

593 4736 880 4830 liqueat,
936 4730 1136 4826 quasi
1183 4727 1652 4800 universalem
1707 4727 1919 4800 fuisse
1970 4725 2334 4798 hominum
2389 4727 2932 4821 persuasionem,
2989 4728 3266 4799 occult-a
3318 4736 3386 4799 et
3439 4752 3704 4801 aroana

586 4862 810 4933 multa
864 4861 933 4930 S.
988 4856 1407 4951 Hildegardi
1467 4855 1779 4927 revelata
1831 4854 2046 4926 fuisse
2102 4855 2196 4944 (n.
2251 4855 2399 4948 63).
2445 4885 2472 4918 1>
2531 4854 2617 4925 In
2678 4853 2972 4950 epistola
3010 4854 3096 4925 ad
3152 4854 3440 4925 clericos
3494 4854 3700 4927 Colo-

589 4990 885 5073 nienseS,
930 4985 1220 5055 «multa
1272 4983 1518 5079 incipit
1573 4983 1973 5078 praedicere
2009 4980 2219 5068 mala,
2271 4982 2526 5076 quibus
2576 4981 2769 5052 Deus
2806 4981 3188 5052 Ecclesiam
3229 4981 3704 5076 castigaturus

585 5125 760 5188 erat.
818 5115 993 5184 Tam
1033 5114 1218 5184 clare
1273 5123 1503 5184 autem
1548 5112 1884 5207 praedicit
1925 5111 2196 5182 futuros
2233 5110 2641 5216 haereticOS,
2696 5120 2770 5182 ut
2807 5083 3010 5181 ea'de
3043 5134 3116 5180 re
3151 5109 3422 5182 nullum
3463 5110 3702 5182 videa-
