4036 6117
624 476 754 534 300
1777 498 1827 541 s.
1891 498 2427 544 HILDEGARDIS

2058 722 2133 779 Π.

1912 929 2061 989 Alio
2108 930 2314 987 modo,

654 1135 814 1195 Cum
841 1136 1427 1211 appropinquaret,
1468 1135 1532 1194 id
1564 1142 1670 1195 est
1703 1151 1851 1195 cum
1890 1139 2072 1196 venit
2101 1137 2444 1211 plenitudo
2478 1139 2823 1213 temporie,
2861 1137 2925 1195 in
2963 1152 3094 1213 quo
3128 1136 3313 1196 misit
3336 1134 3513 1195 Deus
3548 1133 3648 1195 Fi-

560 1240 722 1299 lium
773 1255 991 1313 suum,
1031 1238 1242 1313 Jesu8,
1297 1240 1555 1299 scilicet
1591 1240 1800 1299 Filius
1848 1239 1988 1313 Dei,
2029 1242 2425 1316 Jerusalem,
2465 1243 2559 1301 ita
2594 1247 2665 1301 ut
2700 1241 2999 1301 homines
3033 1257 3185 1301 eum
3218 1241 3525 1300 viderent
3556 1239 3651 1298 in·-

558 1346 928 1416 carnatum,
978 1344 1207 1402 videns
1241 1346 1596 1417 civitatem,
1649 1344 1960 1404 videlicet
1994 1361 2257 1405 omnem
2293 1346 2824 1405 aedificationem
2860 1346 3109 1405 veteris
3142 1345 3334 1418 Legis
3368 1344 3452 1403 ab
3488 1341 3647 1402 Abel

560 1462 770 1520 usque
821 1446 900 1505 ad
938 1462 1032 1519 se,
1067 1449 1266 1524 fierit,
1308 1448 1398 1505 ita
1449 1453 1521 1506 ut
1554 1447 1871 1507 educeret
1925 1448 2174 1508 sontem
2211 1450 2602 1524 sapientiae,
2656 1468 2856 1525 super
2890 1449 3102 1521 illam,
3156 1449 3418 1507 scilicet
3452 1460 3648 1519 super

560 1567 790 1609 omnes
842 1550 1102 1609 litteras
1151 1557 1218 1610 et
1269 1551 1724 1610 institutiones
1775 1551 1960 1626 ejuS,
2013 1554 2270 1612 dicens:
2326 1554 2497 1625 Quia
2530 1555 2584 1612 si
2633 1555 3031 1629 coqnovisses
3065 1561 3127 1611 et
3176 1558 3251 1611 tu
3282 1565 3454 1626 quae
3501 1563 3646 1623 ege,

561 1654 720 1726 quia
763 1659 841 1721 *tu
877 1669 1046 1727 quae
1081 1669 1153 1710 es
1191 1654 1256 1711 in
1306 1653 1662 1712 tenebrosa
1699 1654 2010 1712 suasione
2060 1654 2341 1729 Diaboli,
2380 1671 2507 1714 non
2542 1656 2896 1727 cognoscis
2932 1670 3070 1723 me,
3122 1654 3279 1729 quia
3314 1666 3651 1727 nunquam

562 1756 788 1815 vidisti
841 1773 965 1829 me,
1018 1765 1079 1814 et
1131 1758 1396 1834 quidem
1432 1760 1503 1816 in
1553 1762 1672 1818 hac
1705 1759 1814 1816 die
1867 1764 2003 1831 tua,
2042 1759 2357 1833 quoniam
2408 1774 2580 1817 nunc
2615 1759 2821 1819 habes
2853 1759 3092 1834 Legem
3131 1759 3196 1818 in
3241 1756 3653 1832 plenitudine

561 1862 928 1921 voluntatis
980 1865 1154 1936 tuae,
1190 1880 1357 1939 quae
1406 1864 1491 1921 ad
1518 1881 1751 1939 pacem
1801 1861 1941 1936 tibi,
1980 1863 2045 1921 id
2094 1868 2200 1922 est
2234 1866 2305 1924 ut
2354 1864 2475 1923 tibi
2509 1864 2751 1939 placet,
2805 1883 2986 1924 nunc
3018 1869 3240 1924 autem
3275 1862 3653 1923 abscondita

563 1973 739 2039 sunt,
777 1967 869 2024 ita
905 1972 975 2025 ut
1014 1973 1074 2025 te
1112 1967 1383 2039 lateant,
1419 1965 1495 2025 ab
1527 1968 1732 2026 ocul-is
1768 1968 1921 2040 tuis,
1962 1966 2224 2026 scilieet
2256 1966 2607 2026 scientiam
2642 1972 2846 2026 tuam.

657 2070 826 2141 Quia
871 2073 1137 2129 venient
1173 2071 1313 2129 dies
1363 2073 1434 2130 in
1469 2077 1554 2145 te,
1591 2071 1905 2131 videlicet
1938 2070 2053 2129 alii
2106 2071 2171 2129 in
2206 2072 2766 2131 transmutatione
2815 2077 2882 2130 et
2915 2071 3245 2145 claritate,
3281 2076 3343 2129 et
3378 2072 3657 2130 circum-

563 2172 808 2232 dabunt
846 2180 907 2231 te
943 2174 1253 2234 doctores
1289 2176 1446 2234 novi
1482 2175 1890 2233 Testamenti
1924 2174 2230 2233 doctrina
2263 2190 2409 2248 sua,
2449 2181 2519 2234 ut
2555 2175 2944 2250 Gregoriu8‚
2988 2175 3409 2250 AmbrosiuS,
3438 2176 3658 2249 Augu-

566 2279 806 2352 stinuS,
838 2278 1305 2352 HieronymuS,
1348 2284 1414 2337 et
1440 2279 1554 2337 alii
1584 2279 1866 2353 similos,
1895 2284 1956 2336 et
1986 2277 2501 2355 coanyustabunt
2530 2286 2591 2337 te
2625 2280 2946 2357 undique,
2977 2279 3237 2338 scilicet
3263 2277 3660 2338 revertendo

569 2383 633 2440 in
683 2381 1058 2457 spiritalem
1109 2382 1682 2455 significationem,
1735 2383 1917 2441 etad
1960 2388 2207 2440 terram
2235 2388 2663 2459 prosternent
2714 2390 2797 2457 te,
2840 2383 2902 2442 id
2950 2389 3055 2442 est
3089 2383 3422 2442 culturam
3474 2389 3657 2443 tuam

566 2488 631 2545 in
666 2486 997 2546 sacrificio
1048 2486 1333 2545 arietum
1365 2491 1432 2545 et
1481 2493 1749 2545 tuorum
1783 2486 2172 2561 abstergent
2204 2487 2288 2546 ab
2321 2488 2630 2561 elatione,
2668 2492 2735 2545 et
2770 2486 2850 2545 ad
2886 2486 3333 2546 humilitatem
3366 2488 3663 2562 proster-

563 2595 743 2664 nent,
795 2596 856 2648 et
892 2591 1057 2667 filios
1109 2597 1250 2648 tuos
1284 2592 1398 2667 qui
1446 2592 1519 2650 in
1552 2596 1615 2650 te
1662 2595 1840 2663 sunt,
1878 2590 2140 2650 seilicet
2174 2591 2478 2650 carnales
2517 2591 2974 2650 institutiones
3026 2591 3091 2649 in
3131 2590 3421 2666 spiritali
3468 2590 3658 2650 intel-

569 2695 744 2752 lectu
795 2695 873 2752 ad
935 2693 1380 2753 humilitatem
1430 2692 1694 2753 ducent.
1756 2694 1838 2753 Et
1886 2712 2018 2753 non
2074 2696 2454 2771 relinquent
2506 2695 2832 2771 lapidem,
2891 2694 2958 2753 id
3008 2701 3113 2753 est
3167 2693 3419 2753 nullam
3489 2694 3662 2753 litte-

574 2812 750 2870 ram,
808 2791 856 2875 ¹)
907 2812 1027 2855 nec
1077 2797 1281 2855 ullam
1331 2797 1666 2855 culturam
1713 2803 1929 2870 tuam,
1982 2817 2181 2874 super
2225 2799 2566 2874 lapidem,
2617 2799 2749 2858 nisi
2808 2803 3134 2870 mutetur3
3187 2815 3259 2856 eo
3305 2796 3476 2874 quod
3522 2814 3654 2855 non

572 2904 946 2977 coqnoveris
1005 2908 1264 2977 tempus
1326 2902 1725 2961 visitationis
1789 2908 1941 2960 tuae
1964 2948 1979 2975 ,
2041 2903 2199 2977 quia
2256 2903 2429 2961 scire
2494 2902 2770 2961 noluisti
2828 2902 3118 2977 primum
3175 2900 3347 2959 diem
3407 2901 3475 2959 in
3530 2915 3663 2975 quo

570 3021 800 3066 omnes
836 3009 1184 3066 creaturae
1222 3004 1690 3080 fulminabant,
1730 3005 1822 3065 ita
1857 3011 1929 3065 ut
1963 3005 2145 3065 aliud
2179 3005 2400 3066 lumen
2438 3006 2503 3066 in
2537 3006 2693 3066 filiis
2729 3007 2861 3066 tuis
2891 3005 3161 3082 fulgeat.

661 3113 742 3171 Et
777 3113 1112 3188 inqressus
1138 3113 1212 3170 in
1238 3111 1584 3187 templum,
1624 3110 1689 3169 id
1713 3116 1815 3169 est
1841 3111 2275 3184 Evangelium
2304 3111 2369 3170 in
2401 3111 2607 3170 verbo
2633 3111 2773 3175 Dei.
2803 3115 3012 3188 coepit
3040 3106 3274 3184 ejicere
3301 3110 3661 3170 vendentes

571 3219 639 3274 in
677 3216 816 3289 illo,
855 3214 1242 3290 avaritiam,
1293 3220 1355 3272 et
1390 3219 1706 3288 ementes,
1747 3213 2007 3273 scilicet
2045 3214 2219 3273 idola
2268 3219 2335 3273 et
2370 3214 2539 3273 alias
2575 3214 2963 3291 spurcitiaS,
3000 3230 3167 3289 quas
3201 3213 3505 3272 homines
3537 3228 3659 3288 pro

568 3319 701 3378 Deo
751 3318 1107 3390 habebant,
1144 3317 1368 3377 dicens
1401 3317 1540 3376 iltis
1578 3316 1642 3374 in
1676 3315 1978 3376 doctrina
2013 3332 2156 3376 sua:
2212 3317 2548 3393 Scriptum
2583 3322 2677 3375 est
2731 3317 2795 3374 in
2828 3316 3116 3392 spiritali
3151 3313 3661 3375 transmutatio·

569 3441 649 3484 ne
698 3431 764 3482 et
799 3423 1371 3499 interpretatione,
1423 3423 1580 3498 quia
1611 3421 1840 3479 domus
1872 3439 2042 3494 mea,
2080 3421 2146 3479 id
2182 3426 2286 3480 est
2319 3421 2692 3480 aedificatio
2742 3419 3195 3494 revelationiS,
3246 3419 3475 3477 domus
3519 3436 3662 3476 ora-

571 3534 766 3591 tionis
800 3537 919 3603 est,
973 3530 1233 3588 scilicet
1265 3528 1598 3601 veritatis,
1650 3528 1807 3603 quia
1843 3544 1967 3586 nec
2016 3529 2299 3600 coelum,
2337 3543 2458 3586 nec
2492 3534 2674 3587 terra
2727 3526 2933 3586 alium
2980 3526 3191 3585 Deum
3239 3530 3508 3600 praeter
3556 3539 3661 3582 me.

571 3633 951 3706 ostendunt,
991 3631 1106 3689 sed
1141 3630 1514 3690 aedificatio
1566 3646 1712 3689 mea
1747 3631 1813 3688 in
1850 3647 1978 3706 qua
2015 3647 2120 3689 me
2155 3631 2531 3705 invenietiS,
2572 3630 2865 3690 ostendit
2898 3629 3092 3689 vobis
3126 3628 3502 3688 veritatem.
3547 3625 3663 3685 Vos

571 3747 794 3798 autem
843 3734 1309 3793 incredulitate
1360 3739 1587 3793 vestra
1630 3735 1884 3811 fecistis
1933 3735 2125 3792 illam
2174 3735 2559 3811 speluncam
2604 3735 2962 3803 latronum,
3015 3732 3276 3790 scilicet
3317 3730 3659 3804 propriam

570 3842 983 3902 voluntatem
1017 3843 1310 3897 vestram
1360 3844 1427 3896 et
1462 3838 1822 3910 spurcitias
1869 3836 2130 3897 Diaboli
2180 3839 2247 3897 in
2279 3838 2677 3912 latrociniiS,
2729 3854 2861 3896 non
2908 3836 3257 3894 credentes
3306 3849 3522 3892 meam
3565 3832 3664 3891 in-

570 3947 1045 4006 carnationem.
1100 3943 1180 4002 Et
1215 3949 1356 4001 erat
1406 3941 1641 4001 docens
1677 3942 1966 4018 quotidie
2020 3942 2084 4000 in
2121 3942 2393 4016 templo:
2430 3941 2586 4018 quia
2625 3941 2765 4016 ipse
2800 3940 3009 3999 Filius
3043 3937 3159 3998 Dei
3198 3937 3261 3996 in
3296 3937 3425 3996 ista
3459 3951 3663 4012 appa-

571 4053 808 4112 ritione
858 4065 1065 4109 novae
1102 4047 1584 4108 aedificationis
1632 4053 1699 4105 et
1735 4047 2307 4123 interpretationis
2356 4047 2670 4123 antiquae
2703 4047 2896 4120 Legis
2931 4045 3011 4105 ad
3048 4044 3423 4121 spiritalem
3473 4041 3664 4102 intel-

573 4156 812 4214 lectum
853 4152 1151 4228 procedit
1184 4167 1396 4227 usque
1433 4153 1499 4210 in
1534 4150 1727 4210 finem
1765 4151 1831 4209 in
1862 4149 2181 4210 Ecclesia.

2049 4378 2156 4437 III.

1910 4588 2056 4646 Alio
2104 4589 2309 4646 moda
2342 4615 2343 4618 ¹

660 4800 820 4858 Cum
868 4799 1430 4874 appropinquaret
1484 4796 1857 4855 inclinando
1908 4811 1978 4854 se
2013 4796 2227 4869 JesuS,
2283 4795 2345 4854 id
2382 4800 2486 4853 cst
2535 4794 2898 4854 admonitio
2949 4794 3237 4871 Spiritus
3272 4793 3516 4866 Sancti,
3555 4793 3660 4853 Je-

567 4903 881 4974 rusalem,
936 4901 1192 4958 scilicet
1228 4900 1306 4957 ad
1348 4900 1679 4960 hominem
1715 4900 1982 4974 plenum
2033 4900 2220 4958 vitiis
2254 4905 2321 4957 et
2354 4899 2723 4974 spurcitiiS,
2760 4900 2987 4958 videns
3039 4902 3391 4971 civitatem,
3430 4896 3663 4957 videli-

643 5136 682 5198 ¹)
711 5135 953 5190 Additur
993 5133 1202 5202 absque
1243 5147 1431 5194 sensu,
1472 5146 1640 5200 quem
1667 5131 1904 5201 capiam.
1937 5130 1995 5185 in
2024 5130 2142 5186 cod.
2179 5149 2269 5186 nec
2294 5135 2399 5186 ista
2427 5149 2610 5186 unum.
2653 5129 2689 5184 s.
2727 5132 2829 5199 leg.
2858 5148 2949 5186 nec
2974 5134 3132 5185 etiam
3158 5147 3340 5184 unam.
