4036 6117
1615 527 2082 576 ems-rotant.
2540 573 2546 578 ,
3193 511 3321 573 403

387 649 582 712 VIIII.
639 651 964 725 Quomodo
1013 653 1512 729 accipiendum,
1566 657 1622 713 si
1656 662 1879 714 tamen
1927 652 2391 731 recipiendum
2433 661 2551 728 est,
2602 655 2777 732 quod
2823 655 3100 714 daemon
3148 655 3387 714 validis

295 757 673 818 astrictibus
705 765 768 816 et
803 760 1213 828 exorcismis,
1269 759 1619 835 Binquiae,
1656 762 1728 819 in
1773 760 2174 818 monasterio
2206 763 2441 832 vestro,
2473 777 2598 836 per
2630 778 3080 837 enerqumena
3118 777 3391 837 respon-

297 859 421 932 dit,
471 878 693 920 omnes
740 862 1061 938 maliqnos
1111 862 1387 937 spiritus
1434 861 1515 919 de
1547 880 1679 921 uno
1737 865 1926 922 choro
1973 861 2305 934 cecidisse;
2358 879 2507 921 cum
2553 862 2869 921 nonnulli
2915 863 3386 938 mayistrorum

296 970 596 1022 astruere
627 964 856 1038 velint,
894 965 972 1023 de
1007 965 1284 1042 sinqulis
1316 964 1652 1024 ordinibus
1686 966 1940 1043 aliquos
1975 967 2323 1036 corruisse,
2358 965 2610 1041 aliquos
2642 968 3076 1024 remansisse?

385 1061 467 1125 X.
522 1068 1021 1128 Probabilis-ne
1072 1076 1167 1128 est
1222 1071 1498 1129 assertio
1553 1086 1813 1142 eorum,
1876 1072 1991 1147 qui
2038 1070 2269 1130 dicunt
2313 1070 2547 1146 plures
2606 1087 2742 1128 esse
2791 1072 3087 1130 homines
3144 1070 3383 1130 electos

296 1189 495 1247 quam
527 1172 791 1249 anqelos
823 1173 1068 1233 malos?

387 1273 490 1333 XI.
527 1274 868 1352 Numquid
916 1277 1275 1335 articulata
1303 1294 1452 1337 voce
1495 1295 1621 1353 per
1657 1284 2034 1354 serpentem
2086 1251 2395 1337 Diabolus
2445 1277 2617 1337 Evae
2663 1277 2751 1336 ad
2784 1274 3241 1353 decipiendam
3296 1276 3387 1333 lo-

299 1385 487 1438 cutus
521 1395 657 1437 esse
695 1381 1063 1439 credendus
1098 1383 1232 1440 est?

385 1485 518 1545 XII.
558 1486 730 1559 Quid
764 1485 1188 1544 sentiendum
1221 1490 1316 1544 est
1352 1485 1430 1544 de
1462 1485 1681 1562 qladio
1714 1486 1833 1544 illo
1862 1488 2163 1564 flammeo
2211 1491 2405 1562 atque
2438 1485 2767 1556 versatili,
2817 1503 3013 1563 quem
3048 1484 3383 1545 collocavit

297 1589 470 1648 Deus
517 1589 603 1648 ad
635 1589 1133 1648 custodiendam
1183 1591 1354 1648 viam
1389 1590 1554 1665 tiqni
1601 1593 1811 1650 vitae?
1857 1598 2086 1650 utrum
2135 1591 2547 1664 materialis,
2600 1610 2687 1649 an
2736 1590 3108 1666 spiritualis
3155 1588 3384 1666 aliqua

296 1708 399 1750 res
431 1693 680 1769 fuerit?
709 1684 755 1769 ¹)

386 1796 546 1857 XIII.
587 1797 769 1870 Quod
803 1798 1051 1858 crimen
1083 1797 1260 1856 illud
1285 1798 1676 1873 pessimum,
1712 1815 1837 1876 quo
1871 1798 2110 1875 Joseph
2142 1799 2324 1876 apud
2351 1803 2617 1875 patrem
2646 1799 2896 1876 fratres
2928 1775 3293 1857 accusavit?

523 1902 697 1974 Quid
743 1908 838 1960 est
887 1902 1059 1980 quod
1107 1898 1298 1961 Jacob
1331 1903 1695 1961 moriturus
1743 1903 1958 1961 eidem
2008 1903 2249 1978 Joseph
2296 1903 2509 1962 dixit:
2559 1901 2653 1962 Do
2703 1902 2827 1962 tibi
2874 1904 3130 1977 partem
3183 1915 3381 1960 unam

292 2008 478 2064 extra
514 2004 756 2064 fratres
790 2009 963 2078 tuos»,
994 2019 1195 2079 quam
1228 2003 1351 2063 tuli
1382 2004 1463 2062 de
1497 2020 1696 2064 manu
1729 2006 2125 2066 Amorrhaei
2154 2007 2219 2065 in
2252 2006 2475 2082 gladio
2502 2011 2569 2065 et
2603 2021 2765 2065 arcu
2799 2004 2981 2064 meo‘?
3011 2002 3061 2083 2)
3098 2022 3249 2064 cum
3281 2007 3386 2063 ni-

293 2109 349 2165 si
396 2109 469 2166 in
500 2107 679 2186 filiis,
728 2107 898 2167 nihil
932 2108 1007 2166 in
1054 2108 1285 2165 eadem
1333 2112 1516 2165 terra
1563 2107 1800 2184 Joseph
1832 2111 1971 2186 ipse
2015 2110 2408 2186 possederit,
2445 2087 2559 2186 qui
2607 2108 2691 2167 ad
2725 2127 2869 2168 eam
2918 2126 3049 2167 non
3091 2108 3380 2182 rediens,

296 2214 366 2270 in
401 2211 692 2287 Aeyypto
723 2218 1024 2269 mortuus
1058 2211 1180 2269 sit?
1249 2223 1258 2232 ·

384 2314 579 2374 XIIII.
635 2315 1166 2375 Credendum-ne
1217 2319 1314 2373 est
1344 2316 1518 2392 quod
1551 2316 1636 2375 ad
1662 2318 2058 2393 petitionem
2109 2318 2353 2394 Saulis,
2407 2319 2843 2395 Pythonissae
2892 2318 3385 2394 imprecationi-

296 2422 485 2482 nibus
518 2443 667 2483 vere
705 2424 972 2486 Samuel
1007 2424 1086 2483 de
1118 2430 1326 2483 morte
1360 2428 1850 2485 resurrexerit?

387 2525 512 2586 XV.
537 2526 714 2599 Quae
735 2531 926 2600 ratio,
948 2526 1119 2604 quod
1137 2530 1321 2586 homo
1341 2527 1459 2587 ille
1494 2547 1690 2605 quem
1708 2531 2055 2589 invenerat
2078 2531 2254 2590 Deus
2282 2530 2644 2590 secundum
2666 2547 2774 2590 cor
2794 2547 3015 2600 suum,
3039 2531 3153 2607 qui
3179 2530 3380 2588 etiam

292 2649 443 2690 cum
477 2629 779 2703 Jonatha‚
818 2631 1080 2691 custode
1115 2632 1286 2689 vitae
1323 2649 1503 2704 suae,
1542 2636 1604 2689 et
1642 2633 1892 2690 semine
1926 2627 2069 2704 ejus
2101 2633 2336 2710 foedus
2385 2634 2631 2691 amoris
2658 2635 3030 2709 pepiqerat,
3072 2629 3224 2693 Siba
3271 2633 3387 2691 ad·

293 2751 516 2792 versus
568 2732 988 2809 Miphiboseth
1018 2726 1068 2813 ²)
1116 2736 1473 2808 mentiens,
1524 2738 1801 2795 interim
1850 2739 1922 2795 in
1967 2739 2252 2812 qratiam
2294 2754 2483 2795 suam
2515 2737 2789 2812 recepit,
2841 2741 3079 2812 etpost
3117 2727 3381 2819 [quam]

288 2840 708 2900 mendacium
738 2839 923 2901 Sibae
959 2842 1374 2917 coynovisset‚
1403 2844 1476 2901 in
1496 2844 1867 2918 perniciem
1897 2842 2346 2919 Miphibosetli,
2376 2844 2548 2920 quod
2573 2845 2836 2903 dixerat
2865 2844 3308 2922 confirmavit?

382 2943 537 3003 XVI.
578 2944 749 3015 Quid
780 2949 875 3002 est
910 2944 1081 3020 quod
1106 2945 1285 3003 idem
1319 2945 1561 3019 David,
1611 2947 1727 3023 qui
1759 2947 1832 3005 in
1866 2949 2000 3005 vita
2035 2966 2156 3006 sua
2202 2966 2358 3024 crya
2387 2949 2690 3007 inimicos
2740 2963 2887 3005 suos
2921 2951 3147 3005 tantae
3194 2964 3383 3004 man-

289 3047 662 3108 suetudinis
695 3049 854 3124 fuit,
890 3051 1255 3108 moriturus
1288 3050 1612 3109 ultionem
1643 3051 1789 3129 fieri
1822 3049 1902 3109 de
1941 3051 2159 3111 Semei
2192 3057 2255 3110 et
2291 3050 2445 3111 Joab
2472 3053 2852 3127 praecepit?

381 3152 569 3213 XVII.
626 3152 757 3212 Cur
795 3153 1099 3212 Salomon
1162 3153 1489 3213 Adoniam
1533 3156 1816 3232 fratrem
1852 3173 2075 3225 suum,
2121 3173 2244 3233 pro
2277 3174 2350 3214 eo
2382 3155 2554 3232 quod
2587 3154 2844 3231 Abiyail
2876 3149 2925 3232 ⁴)
2966 3154 3382 3215 Sunamitem

291 3259 411 3319 sibi
444 3260 593 3319 dari
621 3262 934 3335 petierat,
964 3263 1345 3339 interfecit?
2536 3262 2541 3266 ’
3266 3264 3271 3269 ’

381 3363 610 3428 XVIII.
665 3368 836 3440 Quid
869 3368 949 3427 de
1000 3369 1220 3427 salute
1273 3369 1607 3429 Samsonis
1655 3374 1719 3428 et
1755 3370 2123 3431 Salomonis
2174 3371 2596 3430 sentiendum
2630 3374 2746 3428 est:
2799 3387 2946 3428 cum
2981 3367 3098 3428 ille
3151 3371 3238 3425 tot
3275 3370 3384 3428 ho-

291 3475 551 3534 minum
597 3474 817 3532 millia
846 3477 908 3531 et
960 3491 1024 3531 se
1057 3474 1280 3550 ipsum
1313 3474 1717 3553 interficiens
1745 3477 2217 3551 prostraverit,
2258 3477 2376 3533 iste
2405 3475 2491 3534 ad
2525 3472 2849 3549 injuriam
2897 3474 3021 3535 Dei
3052 3472 3385 3531 idolorum

296 3578 546 3654 templa
577 3579 1057 3657 aedificaverit?

381 3677 551 3742 XIX.
604 3683 780 3755 Quae
813 3689 967 3741 sunt
1017 3682 1139 3741 illa
1170 3685 1305 3743 tria
1351 3688 1412 3742 et
1447 3689 1729 3763 quatuor
1762 3685 2013 3745 scelera
2048 3686 2353 3745 Damasci
2385 3690 2447 3743 et
2486 3684 2697 3745 Gazae
2732 3689 2794 3742 et
2832 3687 3246 3744 caeterarum
3281 3700 3383 3740 re-

291 3788 560 3864 qionum
590 3787 909 3862 qentium,
946 3804 1111 3863 quae
1148 3790 1218 3845 in
1253 3788 1449 3847 Amos
1476 3790 1805 3864 propheta
1838 3791 2078 3848 totiens
2111 3789 2568 3865 replicantur?

317 3916 323 3921 ·
387 3888 512 3948 XX.
552 3888 723 3961 Quid
769 3898 866 3949 est
898 3893 1013 3950 hoc
1062 3890 1232 3967 quod
1261 3892 1335 3949 in
1370 3889 1535 3949 libro
1584 3891 1808 3952 Tobiae
1844 3892 2117 3952 dicitur:
2168 3890 2415 3951 Panem
2449 3898 2639 3951 tuum
2672 3897 2740 3951 et
2774 3890 3003 3950 vinum
3055 3895 3243 3948 tuum
3277 3905 3387 3948 su-

297 4009 416 4069 per
448 3999 862 4073 sepulturam
891 3999 1054 4074 ¹iusti
1082 4000 1442 4059 construe?
1472 3994 1520 4079 ⁵)
1641 3996 1647 4001 ’

388 4100 546 4162 XXI.
600 4104 733 4164 Pro
778 4122 852 4162 eo
899 4105 1068 4181 quod
1123 4105 1370 4165 dicitur
1418 4108 1491 4165 in
1539 4105 1929 4183 Evanyelio:
1981 4105 2057 4165 In
2112 4104 2482 4165 Beelzebub
2529 4104 2830 4180 principe
2885 4102 3414 4163 daemoniorum·

296 4203 482 4278 ejiclt
513 4205 884 4284 daemonia,
917 4204 965 4287 ο)
996 4216 1352 4287 potest-ne
1387 4211 1602 4287 colliyi
1635 4211 1806 4288 quod
1841 4211 2123 4272 Satanas
2159 4210 2477 4271 Satanam
2503 4211 2709 4286 possit
2743 4205 3018 4281 ejicere?

387 4308 576 4370 XXII.
632 4312 957 4383 Quomodo
1002 4313 1517 4390 intelliyendum
1563 4321 1681 4389 est,
1718 4314 1890 4392 quod
1932 4314 2235 4392 pendens
2269 4316 2343 4373 in
2378 4331 2567 4374 cruce
2619 4313 2945 4373 Dominus
2979 4313 3072 4370 ait
3109 4311 3380 4370 latroni:

302 4414 511 4475 Hodie
545 4432 801 4478 mecum
837 4419 973 4478 eris
1008 4419 1073 4478 in
1107 4417 1454 4494 paradiso?
1482 4417 1531 4499 7)

371 4523 610 4592 XXIII.
648 4526 741 4599 Si,
770 4531 842 4584 ut
877 4528 1219 4600 asseritur,
1256 4529 1592 4586 terrestris
1627 4527 1804 4587 locus
1838 4535 1932 4586 est
1964 4527 2358 4599 Paradisus‚
2394 4526 2722 4604 numquid
2754 4525 3244 4585 vicissitudines
3276 4541 3391 4583 no-

302 4630 423 4687 stri
459 4632 839 4707 temporalis
873 4632 1163 4691 luminis·
1178 4635 1461 4709 patitur,
1498 4652 1585 4693 an
1614 4635 1887 4710 proprio
1920 4651 2036 4692 suo
2068 4633 2487 4711 indeficiente
2524 4632 2776 4690 lumine
2805 4631 3285 4708 perfunditur?

390 4733 639 4797 XXIIII.
702 4738 866 4797 Cum
911 4740 1232 4813 scriptum
1288 4739 1413 4796 sit.-
1474 4737 1599 4795 Per
1645 4736 1980 4797 hominem
2029 4753 2244 4812 mox-S,
2304 4742 2371 4796 et
2419 4752 2538 4812 per
2587 4736 2923 4795 hominem
2973 4734 3381 4795 resurreetio

301 4839 750 4911 mortuorum;
801 4838 978 4898 sieut
1009 4838 1183 4897 enim
1236 4840 1300 4898 in
1335 4837 1544 4899 Adam
1578 4855 1808 4899 omnes
1843 4839 2241 4914 moriuntur,
2281 4839 2373 4898 ita
2404 4844 2473 4897 et
2507 4838 2573 4897 in
2608 4837 2875 4898 Christo
2909 4851 3137 4895 omnes
3170 4834 3388 4895 vivifi-

378 5085 420 5151 ¹)
446 5087 521 5145 Ut
542 5103 730 5159 supra,
752 5088 1100 5149 villarenses
1119 5089 1435 5148 olfecerunt
1459 5090 1800 5162 Origeniana
1884 5091 2167 5165 phibosetlt
2191 5088 2311 5147 cod.
2344 5121 2410 5130 -··
2437 5088 2479 5152 ⁴)
2505 5088 2776 5145 ablsaaclt
2799 5088 2919 5144 cod.
2951 5118 3011 5129 ···
3042 5089 3086 5151 ⁵)
3110 5087 3249 5143 Tob.
3281 5087 3382 5151 lv,

305 5174 456 5245 apud
477 5175 765 5232 Rufinum.
788 5178 911 5239 ω’)
930 5177 1071 5233 Gen.
1098 5176 1357 5241 XLVIII.
1381 5181 1467 5234 22.
1493 5209 1559 5218 ---
1579 5176 1622 5245 ³)
1644 5175 1803 5233 Mem-
1897 5183 1978 5233 ¹8.
2101 5177 2146 5243 θ)
2174 5176 2376 5233 Matth.
2407 5175 2540 5239 xn.
2568 5179 2654 5231 24.
2687 5207 2751 5216 ·-
2776 5175 2820 5242 ⁷)
2845 5175 2979 5231 Luc.
3011 5173 3229 5237 XXIII,
3258 5178 3344 5230 43.
