4036 6117
695 465 829 527 344
1113 451 1151 467 q
1868 480 1921 527 s.
1973 480 2506 529 ninnsoAnms
2678 407 2713 476 Χ

622 605 906 665 alteram
937 599 1284 678 disperdit.
1319 598 1399 659 Et
1428 614 1509 659 ex
1544 597 1651 659 his
1683 600 2000 676 operibus
2030 618 2341 677 magnum
2374 602 2694 679 gaudium
2724 600 3045 664 Diabolus
3074 603 3138 663 in
3172 620 3246 664 se
3270 604 3534 680 babuit,
3562 605 3727 683 quia

625 707 787 770 Cain
822 704 1101 766 fratrem
1136 720 1332 765 suum
1379 703 1542 764 Abel
1592 703 1858 764 occidit.
1911 704 2090 766 Unde
2131 708 2336 766 etiam
2384 706 2685 783 gehenna
2728 705 2912 782 justo
2956 706 3209 782 judicio
3265 709 3419 785 plus
3470 709 3538 768 in
3574 710 3727 785 igne

624 813 782 872 tunc
826 809 1102 884 exarsit,
1154 824 1354 884 quam
1390 812 1542 868 ante
1592 807 1768 869 idem
1817 808 2251 871 homicidium
2302 810 2572 872 faceret.
2629 810 2766 887 Ego
2809 817 3058 887 autem,
3107 811 3226 888 qui
3272 828 3424 873 sum
3472 814 3727 874 acutis-

627 915 801 976 sima
848 916 988 986 lux,
1038 912 1210 973 dico:

713 1016 880 1080 Achl
921 1014 1086 1078 Achl
1127 1013 1292 1076 Achl
1335 1012 1474 1074 Ach
1524 1012 1908 1091 homicidio,
1945 1016 2125 1093 quod
2161 1017 2481 1078 suadente
2529 1017 2830 1092 Diabolo,
2866 1023 3168 1079 exortum
3202 1019 3331 1090 est,
3366 1023 3441 1078 ut
3474 1017 3726 1078 bonum

621 1139 793 1201 opus
841 1121 1179 1198 dejiceret.
1226 1118 1278 1179 Ο
1311 1134 1434 1180 vae
1468 1118 1625 1178 huic
1658 1120 1858 1195 malo,
1902 1120 2015 1180 ubi
2054 1121 2432 1182 innocentia
2482 1122 2935 1198 integritatem
2969 1139 3159 1183 suam
3194 1122 3505 1199 perdidit.
3540 1122 3728 1183 Unde

632 1234 818 1289 terra
841 1227 1046 1302 luget,
1075 1223 1389 1303 quoniam
1417 1223 1624 1284 sudor
1649 1223 2042 1299 sanguinem
2068 1225 2260 1300 bibit,
2290 1225 2404 1287 ubi
2431 1224 2629 1287 homo
2657 1225 2992 1287 hominem
3018 1227 3285 1289 occidit.
3304 1227 3727 1304 Quapropter

628 1334 699 1393 et
727 1331 989 1392 coelum
1020 1328 1297 1404 plangit,
1334 1334 1400 1387 et
1432 1328 1639 1388 etiam
1671 1335 1940 1388 caetera
1972 1329 2303 1389 elementa
2353 1330 2600 1406 lugent,
2652 1346 2931 1405 aspersa
2964 1332 3153 1391 velut
3186 1331 3252 1391 in
3300 1333 3526 1393 colore
3567 1350 3721 1393 san-

620 1433 866 1511 guini8‚
925 1431 1083 1510 quia
1132 1431 1199 1492 in
1254 1429 1498 1490 officiis
1547 1430 1693 1490 suis
1748 1431 2018 1493 subdita
2068 1438 2225 1492 sunt
2281 1432 2686 1507 hominibuS,
2739 1434 3108 1494 secundum
3154 1433 3332 1510 quod
3385 1449 3595 1495 causa
3639 1437 3712 1496 et

622 1536 996 1599 necessitas
1044 1533 1388 1595 hominum
1432 1534 1748 1610 postulat.
1799 1534 1850 1595 Ο
1915 1534 2325 1610 homicidae,
2381 1537 2445 1596 in
2494 1552 2803 1612 magnam
2853 1537 3117 1598 ruinam
3177 1536 3460 1612 caditis,
3512 1553 3722 1614 quan·

619 1644 706 1704 do
754 1658 873 1718 per
922 1640 1342 1717 corporalem
1391 1639 1797 1700 occisionem
1846 1640 2182 1717 separatis
2239 1641 2366 1701 hoc
2413 1642 2498 1702 ab
2554 1642 2842 1717 homine,
2895 1642 3072 1719 quod
3125 1642 3191 1702 in
3244 1658 3323 1703 eo
3379 1642 3715 1717 conjunxi.

621 1748 786 1809 Nam
836 1762 991 1807 cum
1040 1745 1238 1805 homo
1288 1745 1538 1803 malum
1587 1743 1713 1804 hoc
1761 1747 2108 1821 operatur,
2172 1746 2236 1805 in
2285 1746 2668 1806 temeritate
2715 1748 2941 1822 operis
2991 1748 3132 1822 sui,
3184 1764 3313 1808 vox
3369 1748 3720 1823 sanguinis

624 1853 833 1926 illius,
883 1850 1000 1928 qui
1034 1849 1134 1910 sic
1165 1846 1422 1909 effusus
1455 1852 1581 1922 est,
1633 1847 1716 1907 ad
1765 1864 2058 1925 superna
2105 1849 2415 1925 eJulando
2468 1850 2534 1909 in
2578 1849 2808 1911 dolore
2855 1850 3159 1926 ejusdem
3207 1867 3460 1926 poenae
3509 1852 3712 1912 volat.

620 1957 723 2018 Ita
755 1953 934 2031 quod
965 1953 1297 2014 elementa
1328 1951 1650 2011 exterrita
1683 1952 2051 2012 clamorem
2094 1953 2282 2013 illum
2314 1953 2713 2029 suscipiunt,
2764 1959 2833 2014 et
2864 1969 3021 2015 eum
3054 1971 3329 2015 sursum
3374 1954 3709 2028 deferunt,

619 2059 938 2138 quoniam
986 2056 1207 2118 anima
1256 2060 1532 2131 propter
1578 2054 1877 2115 dolorem
1913 2056 2138 2116 carnis
2172 2056 2380 2117 occisi
2438 2054 2806 2117 habitaculi
2856 2057 2963 2118 sui
2994 2057 3252 2120 tamdiu
3282 2057 3516 2134 ejulat,
3565 2073 3727 2135 quo-

623 2176 839 2239 usque
872 2173 1204 2235 supernus
1233 2156 1436 2233 judex
1471 2157 1539 2217 in
1571 2158 1712 2217 zelo
1746 2173 1866 2217 suo
1900 2158 2265 2218 clamorem
2300 2159 2449 2234 ejus
2483 2158 2817 2220 exaudiat.

713 2266 1152 2342 Quapropter,
1203 2278 1242 2323 o
1278 2262 1604 2336 homine8‚
1658 2261 1883 2322 audite
1926 2262 2103 2338 quod
2152 2262 2406 2322 dictum
2439 2265 2562 2323 est:
2617 2282 2651 2322 α
2688 2263 2857 2324 Ecce
2906 2280 3034 2324 vox
3083 2265 3433 2340 sanguinis
3484 2263 3717 2324 fratris

629 2371 730 2432 tui
762 2369 926 2431 Abel
959 2369 1207 2428 clamat
1238 2366 1322 2426 ad
1355 2380 1461 2425 me
1492 2365 1574 2426 de
1608 2367 1789 2426 terra
1819 2359 1864 2444 ¹)
1905 2384 1964 2425 ».
2002 2366 2239 2426 Anima
2286 2367 2652 2427 maximum
2685 2368 3027 2444 planctum
3060 2367 3176 2429 dat
3218 2368 3285 2427 in
3332 2367 3718 2428 habitaculo

629 2473 935 2550 corporis
979 2472 1109 2546 sui,
1160 2486 1314 2531 cum
1348 2469 1637 2530 senserit
1685 2469 1849 2529 illud
1884 2469 1949 2529 in
1982 2470 2320 2530 occisione
2352 2470 2570 2546 dejici.
2614 2470 2739 2531 Sed
2785 2471 3049 2532 animae
3096 2477 3510 2546 sanctorum,
3561 2487 3725 2548 quo-

630 2593 780 2638 rum
816 2590 1099 2650 corpora
1125 2576 1402 2651 propter
1431 2588 1670 2633 nomen
1719 2587 1941 2633 meum
1974 2573 2393 2649 occiduntur,
2445 2573 2544 2634 sic
2579 2573 2643 2634 in
2675 2573 3047 2649 dejectione
3093 2575 3401 2649 corporis
3445 2575 3552 2635 sui
3583 2574 3716 2634 cla-

632 2682 835 2741 mant:
875 2698 907 2737 ‹
945 2677 1244 2751 Vindica,
1293 2677 1590 2751 Domine,
1643 2677 2036 2751 sanguinem
2071 2682 2379 2737 nostrum
2411 2677 2526 2755 qui
2560 2677 2817 2738 effusus
2850 2685 2974 2739 est.
3015 2696 3046 2735 »
3076 2675 3126 2757 ²)
3162 2678 3242 2738 Et
3275 2677 3452 2738 hunc
3484 2679 3729 2739 clamo-

635 2799 779 2845 rem
825 2799 976 2843 cum
1011 2781 1291 2843 coelesti
1339 2781 1581 2841 militia
1630 2780 1711 2841 ad
1760 2781 2081 2841 coelestia
2130 2780 2461 2855 deserunt,
2511 2782 2672 2858 quia
2721 2782 3043 2857 templum
3093 2798 3313 2844 meum
3365 2783 3432 2842 in
3464 2783 3565 2844 eis
3610 2780 3721 2841 de-

633 2889 967 2950 structum
999 2890 1125 2947 est.
1174 2885 1412 2946 Anima
1448 2886 1673 2945 autem
1707 2884 1980 2944 illorum
2009 2883 2375 2960 hominum,
2427 2885 2543 2962 qui
2576 2887 3003 2946 contumeliis
3036 2893 3105 2946 et
3151 2888 3553 2948 criminibus
3586 2886 3723 2947 suis

629 2993 931 3054 efficiunt
977 2997 1051 3051 ut
1099 3006 1382 3068 corpora
1429 3004 1662 3049 eorum
1711 2988 2124 3062 occidantur,
2176 2990 2518 3065 planctum
2568 3005 2765 3049 suum
2816 2989 2897 3049 ad
2945 2991 3276 3051 elementa
3322 2990 3720 3068 producunt;

634 3101 754 3163 sed
816 3116 970 3161 eum
1017 3113 1289 3159 sursum
1338 3095 1419 3156 ad
1483 3097 1803 3158 coelestia
1851 3104 2114 3156 secreta
2161 3096 2428 3157 elevare
2477 3113 2607 3156 non
2670 3103 2976 3174 possunt,
3030 3098 3345 3174 quoniam
3417 3099 3482 3158 in
3542 3099 3729 3159 mali-

632 3208 887 3285 gnitate
944 3222 1068 3266 sua
1116 3219 1190 3264 se
1240 3203 1426 3280 ipsos
1473 3203 1763 3279 primum
1813 3202 2220 3279 percutiunt,
2270 3201 2640 3287 efficientes
2688 3208 2762 3261 ut
2804 3202 2989 3279 justo
3033 3202 3289 3278 judicio
3349 3203 3725 3280 iniquitatis

636 3329 799 3374 suae
832 3312 916 3373 ab
949 3311 1081 3371 alio
1115 3309 1530 3369 occidantur.

719 3415 845 3476 Sed
894 3428 1321 3491 quocumque
1367 3411 1563 3472 modo
1612 3409 1809 3473 homo
1857 3410 1941 3472 ab
1974 3412 2107 3472 alio
2156 3410 2421 3472 homine
2470 3410 2836 3486 occidatur,
2888 3411 3064 3471 Deus
3110 3427 3388 3473 causam
3439 3412 3621 3473 illam
3652 3417 3722 3472 et

632 3517 999 3579 secundum
1033 3517 1448 3577 voluntatem
1482 3515 1940 3589 percutientis,
1992 3521 2060 3573 et
2094 3515 2461 3575 secundum
2497 3515 2733 3574 merita
2770 3515 3108 3575 credentis
3136 3515 3322 3590 juste
3357 3516 3713 3589 examinat,

633 3620 792 3698 quia
839 3618 1034 3679 homo
1067 3617 1151 3677 ad
1200 3616 1557 3692 imaginem
1604 3622 1672 3675 et
1719 3615 2226 3677 similitudinem
2272 3617 2389 3677 Dei
2427 3616 2646 3677 factus
2693 3623 2818 3677 est.
2870 3616 3002 3677 Vos
3051 3623 3277 3677 autem
3325 3616 3440 3693 qui
3479 3617 3546 3676 in
3595 3615 3721 3677 hoc

636 3721 996 3785 homicidio
1048 3719 1346 3795 fervetiS,
1398 3719 1646 3793 audite,
1697 3737 1735 3780 o
1783 3720 2139 3796 peregrini:
2191 3722 2257 3781 in
2307 3722 2421 3807 his,
2462 3722 2805 3782 velocibus
2853 3722 3255 3782 criminibus
3307 3723 3375 3782 in
3422 3721 3723 3798 gehenna

639 3827 988 3904 sepultura
1039 3829 1267 3884 vestra
1306 3827 1512 3896 esset,
1563 3822 1696 3881 nisi
1730 3822 1906 3898 quod
1959 3823 2429 3883 immaculatus
2461 3824 2711 3898 Agnus,
2749 3824 2863 3899 qui
2899 3841 3018 3900 pro
3055 3823 3508 3899 redemptione
3545 3839 3725 3882 mun-

634 3934 704 3994 di
753 3932 822 3992 in
868 3943 1067 3990 cruce
1114 3928 1383 3990 oblatus
1430 3932 1557 4001 est,
1609 3926 1890 3986 fixuram
1940 3927 2285 3986 clavorum
2335 3944 2609 3988 suorum
2659 3931 2727 3988 et
2772 3927 3168 3989 effusionem
3217 3929 3569 4005 sanguinis
3618 3928 3722 3988 sui

639 4035 930 4112 inspicit.
965 4034 1131 4095 Nam
1179 4038 1456 4109 propter
1491 4033 1622 4092 ista
1673 4032 1977 4106 crimina,
2030 4047 2201 4108 quae
2239 4031 2574 4093 ferventes
2626 4034 2692 4091 in
2728 4032 3087 4094 homicidio
3136 4034 3565 4111 perpetratiS,
3617 4049 3726 4109 ga-

635 4143 825 4203 visus
859 4147 965 4200 est
1012 4138 1346 4215 superbus
1382 4138 1690 4197 inimicus
1726 4143 1971 4211 vester,
2023 4136 2415 4197 existimans
2464 4138 2624 4213 quia
2672 4136 3005 4197 hominem
3056 4138 3184 4198 sibi
3236 4137 3611 4213 subJectum
3661 4138 3724 4197 in

637 4264 759 4308 sua
806 4247 1138 4321 potestate
1187 4243 1475 4302 retinere
1525 4242 1760 4316 possit.
1811 4240 1936 4300 Sed
1972 4257 2122 4300 cum
2164 4241 2374 4300 Filius
2407 4256 2597 4301 meus
2646 4242 2713 4300 in
2751 4242 3066 4301 mundum
3111 4242 3317 4317 venit,
3371 4242 3543 4302 idem
3578 4241 3725 4301 Dia-

638 4350 835 4411 bolus
868 4364 1019 4409 eum
1057 4347 1228 4409 inter
1260 4346 1565 4406 homines
1599 4346 1987 4406 conversari
2023 4345 2280 4420 videnS,
2316 4345 2501 4406 dixit:

727 4454 895 4512 Ecce
943 4453 1116 4513 alius
1165 4452 1375 4511 Adam
1410 4450 1611 4523 venit,
1664 4455 1731 4509 et
1765 4450 1991 4509 nescio
2043 4449 2214 4509 unde
2249 4449 2358 4509 sit.
2408 4449 2574 4510 Nam
2624 4450 2915 4526 primum
2964 4449 3174 4510 Adam
3224 4449 3401 4509 Deus
3449 4449 3530 4509 de
3567 4450 3720 4509 limo

641 4563 862 4615 terrae
911 4553 1187 4627 creavit;
1240 4552 1356 4612 sed
1392 4553 1617 4612 nescio
1654 4552 1823 4611 unde
1875 4553 2002 4612 iste
2052 4553 2329 4613 venerit.
2381 4552 2595 4613 Mater
2626 4554 2772 4628 ejus
2821 4553 3005 4611 videt
3036 4558 3103 4612 et
3151 4553 3281 4612 scit
3313 4568 3465 4612 eum
3516 4553 3723 4613 filium

642 4672 862 4726 suum,
912 4662 980 4716 et
1012 4671 1164 4714 eum
1198 4661 1398 4729 amat,
1450 4654 1570 4714 sed
1603 4670 1725 4730 ego
1758 4655 1986 4714 nescio
2034 4655 2114 4714 de
2148 4672 2279 4732 quo
2332 4655 2551 4730 ipsum
2599 4656 2928 4730 concepit,
2979 4654 3137 4731 quia
3174 4654 3356 4714 illam
3408 4654 3617 4713 vitam
3655 4654 3719 4712 in

637 4759 1072 4836 concipiendo
1124 4758 1368 4818 habere
1405 4759 1657 4833 ignoro,
1711 4760 1879 4819 Caro
1914 4760 2092 4819 enim
2130 4760 2307 4819 illius
2343 4759 2410 4818 in
2458 4759 2841 4834 virginitate
2877 4760 3137 4834 integra
3174 4764 3298 4819 est.
3352 4758 3532 4819 Unde
3569 4764 3723 4818 sunt

642 4865 843 4925 haec?
891 4864 1238 4924 Hominem
1287 4864 1464 4923 enim
1516 4864 1581 4923 in
1630 4871 1766 4923 tam
1814 4880 2056 4940 magna
2105 4870 2435 4939 potestate
2485 4880 2632 4924 mea
2680 4864 2915 4940 hach,
2966 4872 3041 4925 ut
3084 4865 3307 4925 nullus
3355 4881 3508 4926 eum
3561 4866 3721 4925 mihi

717 5134 760 5201 ¹)
786 5132 924 5190 Gen.
971 5132 1071 5196 lv,
1119 5137 1198 5189 10.
1247 5164 1309 5173 --
1348 5133 1646 5205 ²)Apocal.
1684 5133 1782 5196 vl,
1817 5137 1898 5189 10.
