4036 6117
301 616 436 680 Ave,
465 614 627 669 miles
653 611 896 681 egregie,

370 684 773 756 Triumpbator
798 683 1062 751 gloriose,

373 761 493 816 Jam
520 769 827 822 conregnas
855 754 971 822 regi
1004 762 1102 809 tuo

377 831 441 885 ln
466 825 696 884 coelesti
725 825 956 896 palatio.

303 903 486 960 Salve,
516 894 869 952 sacerdotum
899 909 1141 962 gemma,

373 968 542 1027 Chori
574 967 657 1021 tui
689 965 971 1028 diadema,

374 1043 495 1098 Jam
525 1039 739 1094 micans
768 1037 918 1092 inter
945 1036 1210 1106 limpidos

376 1112 621 1167 Coronae
649 1107 862 1164 Christi
892 1107 1206 1180 sapphiros.

306 1186 442 1245 Ave,
470 1181 641 1237 decus
668 1178 1078 1241 confessorum,

374 1253 560 1314 Salve.
591 1251 847 1331 specular
877 1249 1186 1318 virginum,

374 1325 514 1381 Cum
540 1323 754 1393 quibus
783 1320 893 1375 tibi
919 1321 1170 1392 praemia

384 1396 550 1450 Vitae
576 1398 847 1465 pararunt
873 1392 1094 1449 merila.

308 1468 447 1530 Ave,
480 1467 690 1535 lampas
717 1462 1076 1523 clericorum.

380 1537 568 1598 Salve,
596 1548 790 1589 norma
819 1535 1243 1595 monachorum,

380 1609 535 1674 Quos
564 1613 627 1660 ut
653 1610 940 1660 consortes
966 1605 1173 1660 habeas

383 1680 456 1734 Et
481 1676 763 1731 virtutum
790 1675 1017 1731 efficiar».

312 1752 450 1809 Ave.
482 1762 700 1802 morum
729 1745 1057 1817 disciplina,

382 1820 456 1875 Et
485 1819 765 1873 virtutum
793 1816 1035 1879 officina,

384 1892 494 1946 Pro
518 1904 760 1959 quarum
789 1887 1067 1943 exercitio

383 1962 678 2018 Festorum
707 1974 868 2013 vacas
895 1959 1147 2014 sabbato.

315 2036 608 2100 Ingressus
634 2043 871 2099 regnum
898 2029 1133 2098 gloriae,

384 2102 527 2171 Agis
550 2101 671 2157 dies
699 2100 975 2163 laetitiae,

385 2172 552 2229 Claro
576 2171 677 2242 qui
706 2172 937 2226 functus
968 2169 1234 2232 transitu.

385 2242 610 2301 Gaudes
640 2243 697 2297 in
723 2241 982 2298 Abrabae
1010 2240 1159 2297 sinu.

319 2314 590 2371 Intendas
620 2313 750 2368 inde
775 2311 1081 2384 supplice3‚

391 2387 469 2441 Et
495 2390 754 2467 protegas
782 2391 836 2438 te
863 2382 1157 2438 laudantes

1575 496 2098 546 EPISTOLAE.

1927 615 1991 669 ln
2020 616 2322 682 conspectu
2353 607 2591 664 Deitalis

2001 681 2299 754 Epulando
2320 680 2670 751 jocundatiS,

1998 756 2158 811 Nunc
2188 769 2316 813 vox.
2346 750 2739 812 exultationis,

1997 827 2172 882 Juxta
2203 825 2503 894 psalmum.
2532 827 2588 875 et
2618 822 2820 877 salutis

1929 898 2159 968 Semper
2188 895 2337 950 inest
2363 893 2721 964 splendifluis

2000 969 2291 1024 Iustorum
2329 964 2732 1027 tabernaculiS,

2000 1038 2112 1095 Ubi
2141 1051 2312 1091 sonus
2338 1052 2367 1089 e
2413 1035 2696 1090 ulanlium

2003 1111 2067 1165 ln
2097 1125 2230 1163 voce
2256 1122 2359 1162 con
2390 1106 2694 1161 essionum.

1928 1182 2038 1240 Sed
2068 1195 2177 1234 non
2209 1178 2286 1233 ita
2314 1176 2593 1232 debriaris

2005 1254 2083 1308 De
2115 1255 2361 1304 torrente
2391 1248 2725 1319 voluptatis,

2003 1322 2184 1389 Quam
2206 1320 2325 1391 jam
2356 1319 2520 1389 pleno
2548 1320 2742 1374 hauris
2771 1336 2886 1381 ore.

2006 1391 2195 1447 Nostri
2224 1388 2532 1445 recordare.

1933 1466 2068 1524 Nec,
2097 1460 2355 1535 pontifex
2384 1469 2599 1523 sancte,
2632 1460 2771 1516 velis

2006 1531 2397 1592 consummari
2424 1531 2546 1587 sine
2575 1531 2756 1587 nobis:

2007 1605 2116 1662 Sed
2145 1620 2271 1660 cum
2300 1618 2578 1671 resurges,
2607 1604 2844 1674 optime,

2009 1678 2114 1732 Fac
2144 1691 2243 1730 nos
2274 1679 2460 1729 tecum
2489 1688 2794 1742 resurgere.

1940 1749 2015 1805 Ut
2041 1752 2173 1801 ante
2203 1746 2467 1799 thronum
2491 1745 2704 1815 judicis

2010 1816 2311 1898 Aggregati
2340 1831 2467 1871 cum
2495 1814 2766 1877 dexter-35,

2011 1889 2149 1945 Cum
2179 1887 2432 1942 sinistris
2460 1888 2539 1941 nil
2569 1902 2865 1943 commune

2011 1958 2507 2031 Deprehendamur
2533 1959 2756 2015 habere.

1937 2033 2064 2098 Quo
2089 2031 2160 2085 ab
2188 2029 2306 2085 illis
2333 2030 2670 2100 sequestrati

2011 2101 2329 2157 Evadamus
2358 2099 2636 2171 supplicia

2014 2172 2204 2243 Atque
2235 2171 2361 2227 istis
2388 2171 2620 2226 adunati

2015 2242 2432 2311 Conregnemus
2460 2242 2516 2297 in
2545 2240 2742 2311 gloria.

1943 2315 2091 2377 lam,
2121 2313 2442 2386 praesulum
2468 2312 2714 2384 praesul,
2746 2313 2888 2376 vale.

2020 2387 2094 2441 Et
2120 2386 2303 2439 valere
2335 2401 2433 2439 nos
2458 2383 2633 2445 effice,

3195 497 3234 533 ι)

3239 475 3318 535 91

393 2458 464 2512 ln
493 2472 698 2528 pignus
723 2453 888 2511 nobis
917 2453 1113 2509 veniae

2020 2456 2095 2513 Ut
2120 2471 2249 2513 cum
2276 2455 2503 2511 Christo
2533 2460 2623 2509 tua
2652 2468 2816 2524 prece

389 2529 550 2584 Dona
577 2532 867 2599 reportans
893 2525 1126 2595 gratiae.

2018 2527 2376 2584 Gaudeamus
2401 2526 2524 2583 sine
2558 2526 2687 2580 line.

1818 2719 1915 2791 II.

1180 2927 1252 2987 N.
1316 2927 1770 2987 EPISTOLA
1833 2927 1944 2987 AD
2004 2928 2554 2988 GUIBERTUM

1249 3120 1341 3179 De
1377 3120 1632 3196 duplici
1665 3123 1988 3182 miraculo
2026 3122 2089 3182 S.
2130 3122 2424 3196 Martini.
2461 3116 2505 3198 ¹)

416 3330 785 3406 Expertum
832 3332 1004 3387 est...
1057 3324 1232 3402 apud
1281 3326 1597 3402 oppidum
1647 3328 1916 3403 Ypram,
1969 3328 2147 3404 quod
2198 3328 2265 3386 in
2314 3328 2637 3386 memoria
2688 3333 2958 3387 aeterna
3000 3327 3132 3388 erit
3166 3329 3415 3405 justus,

324 3436 507 3496 quae
544 3417 916 3477 beatissimi
966 3416 1180 3491 patris
1216 3420 1282 3474 et
1332 3417 1591 3489 patroni
1639 3419 1847 3476 totius
1897 3418 2299 3489 sanctitatiS,
2346 3417 2609 3476 Martini
2663 3418 3049 3477 memoriam
3103 3420 3169 3477 in
3202 3423 3422 3496 quoti-

320 3509 550 3570 dianis
586 3506 1056 3566 beneficiorum
1097 3505 1440 3563 miraculis
1474 3507 1865 3566 admiratur.
1903 3505 2095 3578 Audi,
2149 3507 2358 3565 lector
2394 3505 2558 3565 sedu
2588 3523 2647 3579 e,
2690 3507 2843 3582 quis
2882 3507 2944 3565 in
2980 3509 3119 3567 vita
3156 3525 3278 3569 sua
3310 3525 3421 3568 ex-

325 3600 477 3659 titit
524 3597 768 3655 Beatus
803 3595 1149 3668 MartinuS,
1202 3594 1395 3669 cujus
1431 3602 1581 3669 post
1631 3597 1990 3656 transitum
2042 3596 2474 3656 transitoriae
2526 3598 2704 3655 vitae
2746 3597 2814 3656 in
2863 3597 3242 3657 transitivis
3293 3598 3419 3658 hoc

328 3689 467 3748 fuit
499 3686 875 3759 exemplum
910 3684 1286 3743 charitatis,

421 3776 548 3834 Die
597 3775 843 3849 quippe
891 3772 1203 3848 quadam,
1262 3772 1392 3831 duo
1446 3774 1572 3832 viri
1624 3773 1969 3833 scholares
2020 3790 2097 3832 ex
2146 3772 2391 3848 Scotia,
2443 3775 2932 3850 aliquantulum
2982 3789 3424 3848 expensarum

330 3864 667 3941 sportulis
701 3861 1033 3935 exhausti,
1074 3862 1442 3937 repatriare
1486 3864 1855 3936 cupienteS,
1891 3864 2161 3937 Ypram,
2200 3864 2267 3921 in
2312 3863 2613 3937 profesto
2650 3862 2871 3922 Sancti
2906 3863 3192 3937 Martini,
3230 3880 3426 3922 vens*-

334 3957 521 4021 runt,
560 3951 950 4011 liberalibus
997 3950 1266 4019 imbuti,
1308 3951 1732 4010 mechanicos
1784 3951 2213 4027 interpellare
2248 3968 2367 4027 pro
2416 3953 2633 4026 gratia
2671 3969 2793 4010 non
2845 3967 3056 4025 aeque
3086 3952 3412 4026 Judicant;

333 4043 450 4104 sed
508 4056 627 4117 pro
665 4039 1148 4115 hospitalitatis
1199 4040 1508 4099 solatia...
1545 4040 1852 4098 deductis
1905 4030 2507 4113 vespertiniscum
2546 4042 2725 4099 clero
2780 4040 3090 4098 laudibus
3140 4041 3423 4100 interce·-

336 4134 526 4191 dunt.
563 4131 798 4188 Verum
834 4128 1328 4203 expostulant...
1366 4128 1444 4186 ad
1482 4130 1836 4187 ecclesiam
1872 4131 2023 4204 pagi
2064 4131 2489 4202 praecipuam
2529 4130 2712 4188 Beati
2749 4129 3014 4187 Martini
3054 4132 3426 4203 patrocinio

337 4226 806 4281 consecratam
858 4217 1202 4276 accedunt.
1250 4218 1484 4277 Clerus
1535 4225 1919 4277 attenuatos
1972 4219 2270 4276 honestis
2320 4218 2554 4277 usibus
2613 4217 2917 4292 despicit:
2970 4224 3036 4276 et
3087 4217 3431 4279 inflectunt

339 4310 427 4369 ad
465 4307 890 4368 mechanicos
925 4306 1288 4380 degeneres
1323 4308 1550 4365 clerici
1586 4308 1869 4366 clericos
1902 4322 2288 4381 generosos.

437 4397 621 4456 Solet
651 4394 918 4455 acutius
968 4394 1325 4470 aliquando
1376 4396 1589 4454 laicus
1641 4396 2014 4469 intelligere
2057 4403 2123 4455 ct
2172 4396 2434 4471 operari
2489 4397 2986 4470 susceptionem
3035 4411 3426 4473 pauperum:

348 4488 446 4546 ita
481 4485 657 4563 quod
706 4485 953 4558 cleruS,
1008 4483 1122 4559 qui
1158 4483 1501 4558 praedicat
1549 4485 2069 4558 susceptionem,
2123 4486 2342 4544 minus
2387 4484 2734 4560 suscipiat,
2787 4489 2855 4545 et
2906 4484 3182 4545 inferior
3229 4487 3319 4546 sit
3353 4488 3438 4547 ad

427 4702 471 4765 ¹)
499 4699 709 4755 Multos
747 4703 878 4754 ante
915 4714 1092 4755 annos
1133 4699 1241 4755 iter
1278 4714 1445 4768 agens
1492 4716 1591 4772 per
1633 4708 1853 4754 utrum·
1943 4699 2039 4756 sed
2068 4699 2174 4755 loci
2215 4699 2487 4762 ancnsis
2529 4698 2733 4756 nolitia
2777 4700 3015 4756 allectus
3039 4715 3214 4763 eram,
3253 4705 3312 4755 et
3337 4698 3440 4754 ali·

347 4788 467 4843 que
505 4770 786 4840 Belgium,
822 4770 1184 4842 hospitioque
1227 4772 1462 4843 jamjam
1512 4776 1853 4842 excepturus
1985 4788 2051 4826 ua
2082 4787 2178 4853 spe
2202 4788 2321 4827 eam
2352 4788 2480 4827 cum
2505 4771 2897 4827 illustrissimo
2925 4770 3146 4842 hospite
3172 4769 3438 4827 refrican-

348 4842 503 4914 apud
530 4842 925 4898 doctissimum
965 4842 1235 4905 amicum,
1265 4843 1601 4925 Brugensem
1639 4842 1852 4914 episco-
1985 4843 2024 4903 i;
2054 4844 2160 4895 alia
2194 4859 2322 4896 vcro
2350 4844 2556 4897 seriora
2589 4843 2665 4897 ita
2694 4849 2912 4913 tempus
2939 4847 3433 4925 consumpserunt.

351 4929 517 4986 pum,
556 4914 604 4969 J.
641 4913 698 4969 B.
729 4914 916 4968 Malou
954 4911 1287 4983 Yprensem‚
1342 4914 1517 4968 incidi
1557 4915 1615 4969 in
1667 4930 1853 4967 narra·
1943 4930 2042 4984 pro
2062 4913 2218 4968 suavi
2242 4921 2298 4968 et
2322 4915 2609 4969 uberrimo
2632 4914 2874 4986 hospitis
2896 4913 3435 4975 commerciomtdi·

357 4984 699 5046 tiunculam,
745 4999 912 5052 quam
960 4984 1169 5038 cursim
1210 5000 1273 5038 ac
1315 4982 1428 5037 l‘ere
1466 4984 1619 5039 aliud
1661 5000 1851 5052 agens,
1945 4984 2259 5040 scesserim.
2288 4985 2504 5040 oblitus
2530 4986 2761 5040 omnino
2789 4984 3267 5046 narratiunculae,
3293 4999 3440 5053 quae

355 5055 565 5109 omissa
618 5055 788 5110 eliam
841 5056 1053 5109 codicis
1100 5063 1156 5108 el.
1211 5054 1330 5108 solii
1384 5061 1540 5114 nota.
1593 5054 1852 5109 commisi
1946 5072 2059 5108 non
2087 5063 2238 5110 caret
2267 5057 2785 5124 batavicaqnadam
2813 5055 3438 5125 lepiditate.1]tutesi.

358 5126 652 5179 chartulae
684 5125 1042 5191 tunginus-w,
1074 5141 1220 5180 nunc
1252 5126 1364 5179 sere
1391 5126 1659 5180 evanidac
1682 5135 1737 5180 et
1765 5127 1856 5180 de·
1951 5133 2032 5186 tu.
2066 5128 2208 5180 bone
2238 5128 2434 5188 lector,
2461 5127 2559 5196 qui
2591 5125 2701 5183 huc
2743 5143 2916 5197 usque
2955 5125 3279 5189 accesseriS,
3319 5131 3437 5181 ule·

356 5197 608 5252 relictae.
643 5198 819 5262 Quam
856 5197 1003 5268 lypis
1029 5197 1159 5251 darc
1191 5196 1425 5252 minime
1453 5197 1854 5266 cogitaveram,
1950 5214 2028 5259 rc.
2059 5197 2106 5253 si
2135 5199 2315 5260 lubet,
2346 5205 2401 5252 et
2431 5196 2633 5253 fruere.
