4036 6117
632 498 764 557 332
1822 512 1870 553 s.
1925 511 2462 555 lucuscanum

567 627 895 687 credendo
945 624 1250 685 confidat.
1288 624 1367 684 Et
1416 624 1572 685 licet
1609 624 1805 685 homo
1842 644 1911 687 se
1949 629 2048 687 sie
2081 644 2229 687 esse
2263 634 2328 686 et
2367 629 2428 686 in
2481 626 2733 685 infinita
2767 626 2904 686 vita
2940 625 3166 685 vivere
3201 626 3394 701 sciat,
3448 641 3521 684 se
3554 627 3653 684 ta-

563 748 713 792 men
762 731 1101 791 continere
1151 746 1277 789 non
1329 732 1569 804 potest,
1621 732 1781 805 quin
1836 730 2218 808 frequenter
2268 737 2517 806 peccet;
2570 736 2636 789 et
2673 731 2840 804 ide0‚
2880 746 2917 789 o
2959 746 3157 804 quam
3209 728 3537 788 mirabilis
3584 732 3652 785 et

566 836 1016 895 lamentabilis
1051 852 1175 895 vox
1211 840 1338 907 est,
1391 834 1563 910 quod
1601 834 1779 895 Deus
1813 837 1973 895 talia
2011 836 2241 895 fictilia
2278 853 2439 895 vasa
2490 835 2889 912 quandoque
2923 835 3269 894 miraculis
3305 834 3447 894 suis
3498 833 3652 892 stel-

566 941 699 1000 lata
741 938 921 1013 facit,
976 955 1125 997 cum
1178 943 1398 997 tamen
1435 939 1580 1014 ipsa
1628 955 1759 998 non
1794 941 2060 999 valeant
2110 946 2384 1014 peecata
2429 940 2764 1014 deserere,
2817 940 2948 999 nisi
2982 945 3304 1015 quantum
3355 956 3472 1015 per
3506 955 3653 1013 gra-

568 1044 731 1103 tiam
786 1043 902 1101 Dei
955 1044 1122 1119 ipsis
1178 1042 1591 1118 prohibetur.
1650 1044 1889 1103 Petrus
1945 1059 2233 1120 namque
2292 1060 2571 1104 securus
2605 1042 2921 1119 nonfuit,
2959 1045 3073 1120 qui
3123 1045 3359 1102 Filium
3411 1042 3527 1102 Dei
3578 1058 3651 1101 se

565 1163 927 1223 numquam
962 1151 1358 1220 negaturum
1409 1148 1719 1206 ardenter
1753 1150 2086 1223 promisit3
2140 1149 2237 1207 sic
2274 1165 2393 1206 nec
2429 1149 2543 1208 alii
2580 1149 2772 1207 multi
2809 1150 3046 1221 sancti,
3099 1149 3213 1223 qui
3250 1149 3316 1207 in
3352 1146 3649 1222 peccatis

566 1252 975 1325 ceciderunt,
1029 1252 1143 1326 qui
1195 1257 1418 1310 tamen
1451 1258 1685 1328 postea
1733 1253 2042 1312 utiliores
2077 1259 2142 1311 et
2192 1251 2631 1328 perfectiores
2687 1250 2843 1310 sacti
2881 1258 3059 1324 sunt,
3102 1267 3302 1327 quam
3344 1250 3651 1323 fuissent,

573 1354 628 1412 si
665 1370 796 1413 non
832 1354 1252 1413 cecidissent.

658 1459 709 1518 O
744 1475 937 1517 serve
974 1458 1211 1534 fidelis,
1264 1475 1386 1534 ego
1423 1460 1822 1535 paupercula
1882 1458 2164 1519 feminea
2203 1458 2436 1533 forma,
2492 1459 2557 1517 in
2593 1475 2749 1517 vera
2784 1459 3039 1518 visione
3092 1458 3255 1517 haec
3290 1456 3495 1515 verba
3533 1456 3654 1514 ite-

571 1579 717 1621 rum
769 1564 915 1622 dico
965 1564 1108 1623 tibi.
1146 1563 1211 1623 Si
1244 1564 1376 1623 Deo
1414 1565 1730 1640 placeret,
1769 1571 1842 1624 ut
1892 1580 2135 1641 corpus
2186 1581 2402 1623 meum
2455 1566 2628 1624 sicut
2677 1569 2743 1622 et
2778 1564 3068 1622 animam
3120 1562 3184 1621 in
3222 1561 3345 1619 hac
3394 1559 3650 1618 visione

572 1666 848 1739 levaret,
881 1666 1080 1725 timor
1106 1672 1327 1725 tamen
1354 1683 1431 1724 ex
1462 1674 1680 1740 mente
1707 1674 1869 1727 etex
1905 1670 2104 1729 corde
2142 1684 2287 1727 meo
2324 1684 2449 1726 non
2488 1666 2850 1741 recederet,
2877 1661 2921 1745 ¹)
2960 1666 3117 1743 quia
3160 1681 3264 1723 me
3314 1663 3652 1723 hominem

571 1784 721 1825 esse
761 1769 923 1841 scie,
970 1769 1280 1844 quamvis
1315 1770 1398 1829 ab
1434 1770 1713 1830 infantia
1749 1788 1894 1831 mea
1943 1773 2203 1831 inclusa
2238 1772 2387 1830 sim.
2424 1771 2608 1830 Multi
2659 1778 2884 1830 autem
2919 1769 3257 1847 sapientes
3308 1767 3652 1827 miraculis

571 1876 665 1933 ita
714 1874 973 1933 confusi
1010 1882 1186 1950 sunt,
1241 1882 1312 1935 ut
1355 1877 1642 1951 plurima
1692 1884 1954 1938 secreta
2002 1880 2358 1954 aperirent:
2414 1878 2529 1937 sed
2566 1884 2839 1954 propter
2887 1893 3125 1936 vanam
3175 1876 3483 1951 gloriam,
3539 1875 3649 1933 illa

573 1980 1013 2056 sibimetipsis
1064 1982 1550 2056 ascripserunt,
1603 1991 1670 2042 et
1721 1983 1865 2043 ideo
1916 1983 2319 2044 ceciderunt.
2372 1984 2496 2043 Sed
2540 1984 2653 2059 qui
2693 1984 2755 2041 in
2806 1983 3196 2042 ascensione
3245 1981 3505 2040 animae
3554 1996 3660 2037 sa-

572 2084 890 2158 pientiam
926 2103 963 2145 a
995 2084 1132 2143 Deo
1169 2085 1558 2159 hauserunt,
1612 2093 1677 2146 et
1714 2104 1786 2147 se
1821 2104 1939 2163 pro
1974 2088 2182 2149 nihilo
2235 2086 2731 2163 computabant,
2786 2087 2854 2146 hi
2889 2087 3237 2145 columnae
3281 2085 3447 2144 coeli
3501 2082 3657 2142 facti

574 2193 748 2246 sunt.
802 2188 984 2248 Sicut
1030 2191 1198 2248 etin
1245 2190 1450 2249 Paulo
1500 2192 1801 2265 contigit,
1855 2193 1968 2267 qui
2005 2200 2310 2252 caeteros
2353 2192 2723 2267 discipulos
2772 2190 3217 2267 praedicando
3266 2188 3656 2264 praecessit;

574 2298 898 2365 ettamen
949 2310 1021 2353 se
1071 2296 1265 2369 quasi
1302 2311 1421 2370 pro
1471 2295 1677 2354 nihilo
1730 2296 2037 2372 habebat.
2086 2298 2370 2357 Joannes
2420 2313 2684 2374 quoque
2732 2299 3145 2372 evangelista
3197 2296 3341 2356 miti
3394 2297 3660 2355 humili-

574 2402 712 2455 tate
747 2398 982 2472 plenus
1017 2403 1184 2472 erat,
1223 2406 1633 2475 quapropter
1666 2400 1746 2458 de
1779 2400 2139 2460 Divinitate
2174 2403 2381 2460 multa
2420 2400 2790 2460 hauriebat.

664 2500 742 2558 Et
789 2502 960 2560 unde
995 2500 1120 2560 hoc
1152 2508 1354 2575 esset,
1410 2504 1624 2578 siege
1675 2506 2081 2580 paupercula
2132 2522 2236 2563 me
2269 2522 2399 2564 non
2448 2503 2957 2579 cognoscerem?
3005 2503 3181 2562 Deus
3214 2503 3329 2562 ubi
3364 2503 3528 2577 vult,
3580 2501 3661 2560 ad

575 2605 860 2680 gloriam
907 2608 1195 2667 nominis
1246 2609 1371 2681 sui,
1423 2611 1488 2667 et
1523 2625 1652 2668 non
1688 2610 1935 2668 terreni
1987 2609 2299 2683 hominiS,
2338 2617 2674 2686 operatur.
2725 2609 2860 2683 Ego
2911 2608 3178 2684 quidem
3224 2622 3486 2683 semper
3535 2611 3663 2664 tre-

578 2717 869 2771 mentem
918 2714 1222 2772 timorem
1274 2712 1507 2788 habe03
1561 2715 1876 2789 quoniam
1913 2715 2161 2773 nullam
2214 2714 2646 2773 securitatem
2696 2714 2900 2772 ullius
2936 2711 3407 2788 possibilitatis
3457 2711 3524 2770 in
3558 2726 3660 2768 me

575 2817 739 2890 scio;
795 2818 908 2877 sed
948 2835 1183 2878 manus
1217 2836 1400 2879 meas
1435 2818 1516 2878 ad
1563 2818 1769 2878 Deum
1807 2819 2105 2895 porrigo,
2145 2825 2472 2895 quatenus
2506 2820 2691 2877 velut
2725 2834 2960 2893 penna,
3005 2832 3175 2893 quae
3210 2814 3388 2876 omni
3425 2829 3658 2890 grave-

565 2924 728 2983 dine
765 2925 1006 2984 virium
1042 2931 1248 3000 caret,
1286 2930 1351 2984 et
1386 2941 1557 3000 quae
1589 2941 1709 3001 per
1741 2931 2014 2984 ventum
2049 2926 2253 2998 volat,
2294 2925 2376 2983 ab
2405 2925 2547 2998 ipso
2586 2924 2942 2982 sustinear:
2981 2936 3100 2979 nec
3133 2935 3214 2979 ea
3237 2935 3409 2996 quae
3444 2919 3660 2989 viden,

576 3025 869 3102 perfecte
920 3027 1092 3085 scire
1128 3043 1425 3102 possum,
1477 3027 1770 3104 quandiu
1808 3028 1872 3086 in
1921 3027 2255 3103 corporali
2298 3026 2518 3087 officio
2572 3041 2716 3085 sum
2754 3029 2818 3083 et
2853 3024 2918 3083 in
2961 3023 3182 3082 anima
3233 3021 3551 3082 invisibili
3583 3017 3659 3100 ²),

585 3133 899 3209 quoniam
935 3135 1001 3192 in
1035 3131 1138 3192 his
1171 3132 1433 3194 duobus
1471 3133 1720 3194 homini
1753 3133 2054 3194 defectus
2090 3137 2211 3194 est.

670 3238 767 3297 Ab
841 3236 1119 3297 infantia
1182 3245 1405 3298 autem
1450 3255 1619 3313 mea,
1671 3239 1942 3297 ossibus
2007 3243 2074 3300 et
2123 3240 2347 3298 nervis
2412 3247 2477 3298 et
2528 3239 2713 3298 venis
2764 3239 2931 3297 meis
2994 3235 3282 3296 nondum
3334 3234 3666 3294 conforta-

583 3347 650 3400 ta
683 3334 757 3418 3),
812 3342 1135 3401 visionem
1193 3340 1362 3401 hane
1411 3342 1477 3402 in
1534 3343 1755 3402 anima
1802 3358 1949 3402 mea
2006 3359 2221 3418 usque
2278 3342 2360 3401 ad
2417 3358 2737 3418 praesens
2798 3348 3062 3415 tempus
3121 3354 3384 3414 semper
3444 3337 3663 3406 vide0,

583 3461 734 3504 cum
778 3445 915 3520 jam
952 3447 1102 3521 plus
1136 3462 1334 3521 quam
1386 3447 1809 3521 septuaginta
1844 3462 2168 3505 annorum
2206 3447 2356 3519 sim,
2408 3447 2490 3504 et‘
2510 3446 2729 3504 anima
2766 3461 2939 3515 mea,
2985 3449 3184 3519 prout
3233 3442 3408 3500 Deus
3442 3441 3667 3500 volue-

583 3552 693 3622 rit,
736 3551 799 3608 in
834 3550 957 3609 hac
990 3551 1270 3624 visione,
1317 3566 1585 3609 sursum
1624 3551 1689 3608 in
1724 3551 2144 3609 altitudinem
2182 3550 2603 3623 firmamenti,
2641 3558 2706 3608 et
2743 3550 2810 3609 in
2844 3547 3378 3608 vicissitudinem
3414 3544 3664 3604 diversi

587 3655 766 3714 aeris
802 3654 1122 3727 ascendit,
1176 3660 1376 3730 atque
1413 3655 1585 3713 inter
1618 3654 1927 3712 diversos
1962 3655 2243 3730 populos
2288 3670 2359 3713 se
2394 3655 2654 3728 dilatat,
2693 3654 3003 3730 quamvis
3040 3653 3103 3710 in
3154 3650 3534 3726 longinquis
3570 3665 3672 3708 re-

584 3762 895 3838 gionibus
931 3765 997 3819 et
1042 3760 1204 3819 locis
1240 3777 1278 3819 a
1312 3775 1416 3819 me
1453 3759 1692 3819 remoti
1742 3758 1896 3816 sint.
1927 3757 2010 3817 ‘Et
2058 3759 2373 3834 quoniam
2410 3758 2572 3818 haec
2623 3759 2739 3818 tali
2777 3758 2969 3817 modo
3023 3758 3090 3816 in
3125 3757 3345 3815 anima
3394 3770 3542 3814 mea
3575 3752 3673 3812 vi·-

583 3866 729 3938 de0,
786 3862 1033 3923 idcireo
1069 3864 1270 3922 etiam
1321 3862 1686 3923 secundum
1735 3862 2268 3922 vicissitudinem
2321 3863 2593 3923 nubium
2645 3866 2712 3922 et
2745 3863 3027 3922 aliarum
3078 3863 3540 3920 creaturarum
3591 3873 3669 3916 ea

587 3969 948 4044 conspicio.
1003 3969 1138 4027 Ista
1194 3973 1416 4027 autem
1453 3983 1572 4027 nec
1623 3967 2070 4027 exterioribus
2120 3969 2398 4027 auribus
2434 3968 2656 4042 audio,
2707 3984 2828 4026 nec
2879 3966 3399 4041 cogitationibus
3448 3963 3671 4024 cordis

588 4073 742 4147 mei,
779 4088 901 4131 nec
936 4071 1070 4131 ulla
1105 4071 1460 4131 collatione
1494 4071 1787 4146 quinque
1823 4087 2139 4130 sensuum
2194 4087 2493 4130 meorum
2527 4071 2848 4148 percipio;
2903 4069 3019 4127 sed
3056 4074 3312 4128 tantum
3350 4068 3415 4126 in
3448 4065 3669 4126 anima

589 4192 757 4250 mea,
811 4175 1064 4251 apertis
1113 4175 1559 4234 exterioribus
1608 4175 1844 4247 oculis,
1900 4172 1991 4233 ita
2026 4181 2098 4233 ut
2146 4191 2488 4250 nunquam
2540 4175 2603 4233 in
2638 4175 2737 4233 eis
2787 4172 3119 4232 desectum
3168 4172 3418 4232 extasis
3466 4183 3671 4245 passa

593 4281 742 4353 sim,
783 4280 898 4338 sed
935 4279 1290 4354 vigilanter
1316 4279 1422 4338 die
1458 4295 1534 4337 ac
1569 4286 1761 4338 nocte
1792 4278 1903 4338 illa
1931 4279 2146 4339 video,
2175 4280 2252 4339 Et
2288 4280 2554 4339 assidue
2593 4278 3089 4338 infirmitatibus
3124 4276 3570 4350 constringor,
3606 4278 3674 4331 et

589 4385 909 4458 gravibus
958 4384 1301 4444 doloribus
1339 4385 1734 4443 multociens
1787 4385 1877 4444 ita
1915 4384 2256 4462 implicata
2294 4401 2464 4460 sum,
2504 4386 2575 4444 ut
2624 4383 2787 4443 mihi
2825 4389 3103 4442 mortem
3141 4381 3385 4440 inferre
3422 4379 3674 4438 minen-

595 4492 725 4562 tur;
763 4488 878 4546 sed
914 4488 1088 4547 Deus
1125 4505 1338 4564 usque
1374 4488 1588 4547 adhuc
1623 4505 1726 4547 me
1765 4489 2141 4549 suscitavit.

690 4591 936 4650 Lumen
970 4593 1177 4666 igitur
1209 4592 1380 4668 quod
1421 4592 1636 4665 video,
1669 4593 1880 4653 locale
1917 4609 2047 4652 non
2082 4600 2209 4667 est,
2249 4593 2365 4652 sed
2400 4594 2606 4652 multo
2642 4597 2708 4651 et
2742 4590 2950 4650 multo
2979 4591 3151 4651 nube
3175 4586 3221 4670 ⁴)
3259 4577 3430 4666 quae
3465 4588 3672 4647 solem

593 4700 837 4771 portat,
894 4695 1176 4754 lucidior
1208 4702 1332 4769 est;
1363 4711 1484 4754 nec
1519 4696 1960 4771 altitudinem,
1999 4713 2121 4756 nec
2157 4697 2658 4772 longitudinem,
2697 4712 2816 4754 nec
2854 4695 3270 4755 latitudinem
3308 4695 3371 4752 in
3404 4709 3482 4752 eo
3519 4707 3671 4751 con-

593 4796 892 4858 siderare
927 4798 1138 4872 valeo,
1191 4800 1256 4857 et
1308 4799 1466 4856 illud
1510 4797 1744 4858 Umbra
1789 4802 2069 4858 viventis
2120 4801 2285 4859 lucis
2337 4800 2498 4858 mihi
2549 4799 2948 4857 nominatur.
3000 4799 3077 4857 Et
3113 4801 3184 4856 ut
3225 4798 3348 4870 sol,
3403 4797 3555 4854 luna
3602 4799 3670 4851 et

597 4904 834 4963 stellae
867 4903 931 4962 in
982 4904 1176 4980 aquis
1226 4910 1568 4979 apparent,
1623 4904 1714 4962 ita
1763 4905 2162 4978 scripturae,
2217 4919 2583 4977 sermoneS,
2637 4904 2946 4977 virtute-S,
2983 4910 3048 4963 et
3097 4902 3423 4978 quaedam
3471 4912 3675 4974 opera

596 5006 934 5067 hominum
974 5007 1256 5067 formata
1295 5006 1466 5066 mihi
1492 5007 1556 5064 in
1592 5006 1704 5066 illo
1742 5007 2185 5082 resplendent.

676 5161 714 5224 ¹)
745 5163 1034 5216 recederent
1063 5161 1152 5215 W.
1195 5194 1238 5200 -
1276 5163 1320 5227 2)
1353 5162 1650 5217 invisibilis
1677 5161 1772 5224 W,
1807 5192 1864 5200 -
1891 5160 1934 5224 ³)
1962 5163 2294 5225 confortatas
2320 5161 2409 5216 W.
2444 5194 2501 5201 —-
2536 5162 2578 5226 ⁴)
2605 5163 2739 5216 nubi
2765 5162 2854 5214 W.
