4036 6117
693 478 823 540 264
1838 492 1888 537 s.
1953 489 2493 539 HILDEGARms

715 617 796 678 Et
844 611 1210 674 extendens
1245 609 1639 670 effundendo
1686 630 1992 686 manum,
2032 612 2290 671 scilicet
2339 612 2510 672 dona
2545 628 2704 683 sua,
2757 612 2969 687 tetiyit
3005 610 3355 686 unguendo
3402 629 3577 685 eum,
3613 611 3708 670 di·-

620 739 798 784 cens.-
858 718 1027 791 Volo,
1064 716 1377 792 quoniam
1426 730 1724 790 possum,
1759 715 2110 788 mundare,
2162 717 2321 791 quia
2356 716 2681 774 invocasti
2732 730 2854 773 me.
2892 714 2975 773 Et
3008 717 3360 792 confestim
3389 715 3711 774 mundata

623 833 718 887 est
755 826 943 902 lepra
975 819 1144 895 ejus,
1180 820 1337 895 quia
1371 818 1773 879 suffocatum
1807 825 1912 879 est
1944 825 2178 894 guttur
2212 821 2546 894 serpentis
2584 821 2650 878 in
2684 819 2951 879 homine
2985 819 3118 879 illo.

711 931 793 989 Et
842 929 934 986 ait
969 926 1076 985 illi
1124 923 1573 982 vicissitudini
1622 923 1939 981 vitiorum
1990 924 2205 996 JesuS,
2258 923 2598 997 plenitudo
2648 921 2937 998 Spiritus
2973 920 3216 981 Sancti:
3278 922 3456 996 Vide,
3510 922 3574 981 id
3605 926 3708 981 est

620 1049 820 1108 cave,
872 1032 1129 1090 nemini
1162 1028 1454 1100 dixeris,
1507 1026 1767 1085 scilicet
1801 1043 1881 1085 ne
1930 1027 2173 1085 donum
2212 1044 2434 1086 meum
2487 1028 2551 1086 in
2602 1042 2840 1085 vanam
2891 1026 3172 1100 gloriam
3209 1027 3404 1101 quasi
3440 1031 3708 1084 sanctus

621 1141 717 1199 sis
766 1136 997 1207 ducaS,
1036 1133 1148 1191 sed
1194 1133 1355 1190 vade
1394 1132 1459 1189 in
1508 1136 1688 1189 recto
1726 1131 1996 1205 itinere,
2050 1131 2319 1189 ostende
2358 1138 2419 1188 te
2472 1130 2815 1202 sacerdoti,
2853 1129 2969 1205 qui
3021 1135 3300 1188 renovat
3351 1129 3703 1201 hominem,

618 1247 681 1299 et
732 1241 891 1319 offer
924 1254 1209 1304 munus,
1265 1234 1328 1293 id
1363 1240 1466 1293 est
1514 1234 2012 1310 poenitentiam,
2053 1236 2222 1311 quod
2266 1236 2607 1310 praecepit
2657 1232 2874 1292 dando
2930 1234 3199 1310 Moyses,
3237 1232 3550 1291 videlicet
3596 1231 3706 1290 ba-

622 1346 909 1421 ptismus
940 1343 1014 1400 in
1048 1342 1494 1398 testimonium
1529 1338 1690 1412 illis,
1729 1339 1795 1396 in
1829 1339 2211 1397 ostensione
2248 1338 2614 1398 columbae.

714 1447 876 1506 Cum
908 1449 1131 1505 autem
1156 1444 1491 1502 introisset
1527 1441 1861 1501 visitando
1901 1442 2391 1518 capharnaum,
2456 1443 2521 1500 in
2565 1441 3062 1515 possessionem
3109 1441 3611 1514 subtractionis»,
3637 1436 3681 1517 ¹)

625 1552 715 1609 ita
749 1548 926 1625 quod
951 1547 1117 1606 vitia
1143 1547 1530 1619 cessabant,
1560 1549 1827 1605 accessit
1855 1547 1940 1604 ad
1974 1566 2126 1604 eum
2162 1545 2597 1622 supplicando
2637 1547 2973 1620 Centurio,
3027 1545 3089 1604 id
3138 1552 3242 1605 est
3276 1547 3701 1622 poenitentia,

619 1672 854 1731 royans
889 1670 1040 1712 eum
1076 1652 1140 1710 in
1175 1650 1575 1724 humilitate,
1612 1656 1673 1708 et
1703 1651 1953 1709 dicens:
1995 1637 2298 1724 Domine,
2345 1670 2517 1727 puer
2550 1668 2759 1723 meus,
2799 1649 3059 1708 scilicet
3111 1651 3508 1725 ignorantia,
3528 1648 3703 1723 jacet

621 1758 1007 1820 dormiendo
1027 1756 1464 1834 paralyticus,
1502 1754 1565 1813 id
1594 1757 1696 1814 est
1734 1754 1951 1813 taedio
1982 1754 2286 1829 affectuS‚
2326 1758 2397 1814 in
2432 1755 2620 1813 domo
2655 1753 3021 1813 habitaculi
3057 1753 3283 1814 cordis
3319 1755 3446 1829 sui,
3484 1761 3545 1813 et
3578 1773 3708 1813 ma-

625 1866 686 1924 le
720 1867 1065 1940 torquetur
1101 1861 1165 1919 in
1198 1875 1435 1934 magno
1473 1857 1728 1918 foetore
1762 1859 2103 1918 vitiorum.

714 1969 797 2028 Et
846 1969 939 2025 ait
973 1965 1079 2024 illi
1126 1963 1575 2039 poenitentiae
1610 1962 1827 2021 Jesus:
1881 1963 2012 2038 Eyo
2043 1965 2303 2021 veniam
2351 1978 2469 2037 per
2508 1964 3036 2038 inspirationem,
3074 1968 3136 2021 et
3172 1961 3407 2022 curabo
3440 1967 3705 2038 tangen-

616 2073 701 2132 do
750 2090 923 2131 eum.
974 2070 1057 2130 Et
1104 2068 1510 2146 respondens
1562 2066 1971 2125 recordando
2013 2067 2352 2126 Centurio:
2390 2070 2504 2126 ait.
2559 2068 2859 2142 Domine,
2895 2085 3027 2126 non
3077 2084 3224 2126 sum
3267 2067 3505 2143 diqnus
3554 2082 3706 2141 prae

619 2174 839 2235 taedio
872 2179 946 2233 ut
979 2175 1188 2232 intres
1222 2170 1616 2230 sub-tectum
1650 2188 1892 2241 meum,
1933 2169 2192 2229 scilicet
2226 2170 2309 2228 ad
2337 2170 2827 2245 intelligibilem
2863 2185 3133 2230 sensum
3164 2185 3409 2243 meum,
3446 2171 3519 2228 ut
3546 2170 3704 2229 scri-

618 2286 807 2356 ptum
853 2280 976 2337 est:
1011 2295 1043 2335 1
1093 2275 1211 2334 Die
1261 2291 1340 2334 ac
1388 2277 1580 2334 nocte
1627 2275 1907 2348 gravata
1956 2279 2063 2333 est
2113 2290 2317 2349 super
2365 2291 2469 2333 me
2534 2291 2770 2334 manus
2821 2280 2973 2350 tua,
3026 2291 3392 2334 conversus
3443 2291 3590 2334 sum
3642 2275 3703 2335 in

623 2399 938 2444 aerumna
988 2397 1158 2455 mea,
1194 2380 1352 2439 dum
1401 2380 1757 2455 configitur
1791 2380 2002 2455 spina.
2038 2376 2089 2459 ²)
2131 2400 2161 2437 2
2206 2382 2335 2442 Sed
2385 2387 2647 2440 tantum
2683 2383 2815 2451 dic,
2868 2382 2931 2441 id
2965 2388 3069 2442 est
3119 2384 3378 2458 respice
3409 2381 3596 2441 verbo
3626 2383 3702 2442 ad

619 2488 1043 2546 sanctitatem
1094 2489 1478 2543 sanctorum
1527 2484 1641 2559 qui
1689 2500 1809 2558 per
1857 2483 2145 2543 Verbum
2196 2484 2417 2543 Patris
2468 2484 2794 2559 redempti
2846 2491 3034 2558 sunt,
3085 2484 3171 2544 ab
3222 2485 3356 2544 illis
3389 2485 3703 2545 auxilium

617 2594 810 2667 peto,
861 2589 1019 2666 quia
1066 2588 1396 2648 Divinitas
1447 2593 1560 2647 tua
1610 2587 1772 2646 mihi
1823 2588 2025 2646 nimis
2077 2604 2316 2663 magna
2366 2591 2502 2662 est,
2556 2594 2617 2647 et
2655 2588 2998 2648 sanabitur
3057 2589 3122 2647 in
3166 2589 3425 2648 meritis
3480 2604 3704 2648 eorum

615 2714 787 2772 puer
818 2712 1027 2767 meus,
1063 2691 1377 2751 videlicet
1410 2692 1804 2767 ignorantia.

711 2799 882 2859 Nam
936 2804 999 2855 et
1045 2814 1158 2873 eqo
1205 2799 1389 2856 homo
1446 2813 1629 2869 sum,
1682 2796 1839 2871 quia
1891 2799 2399 2872 praevaricatus
2451 2814 2639 2872 sum,
2694 2798 2808 2857 sub
2848 2803 3173 2874 potestate
3236 2797 3702 2874 possibilitatis

618 2910 795 2976 tuae,
831 2902 1070 2963 habens
1099 2899 1212 2960 sub
1243 2919 1347 2960 me
1380 2901 1650 2974 milites,
1690 2900 1756 2959 id
1790 2906 1896 2959 est
1930 2902 2269 2975 propriam
2306 2904 2743 2976 voluntatem,
2782 2909 2843 2961 et
2879 2903 3022 2962 dico
3054 2906 3232 2963 huic:
3279 2903 3471 2977 Vade,
3508 2910 3570 2961 et
3604 2922 3704 2962 va-

617 3007 739 3082 dit,
776 3004 933 3083 quia
958 3020 1104 3065 eam
1139 3007 1327 3065 verto
1355 3020 1487 3081 quo
1519 3004 1695 3078 v010,
1734 3010 1796 3064 et
1831 3004 1976 3064 alii:
2003 2998 2053 3082 ⁸)
2092 3004 2250 3065 Veni
2277 3012 2339 3065 et
2374 3008 2576 3080 venit,
2615 3007 2930 3082 quoniam
2967 3007 3025 3066 si
3061 3022 3259 3066 unam
3292 3006 3698 3066 voluntatem

621 3113 685 3171 in
720 3110 940 3172 taedio
989 3109 1309 3184 habuer0,
1346 3109 1527 3169 illam
1563 3108 1851 3182 dimitto,
1888 3115 1954 3169 et
2002 3109 2116 3168 alii
2150 3116 2385 3169 nutum
2439 3109 2610 3170 facio
2644 3116 2710 3169 et
2743 3112 2947 3184 venit,
2986 3118 3047 3170 et
3084 3128 3266 3169 servo
3297 3129 3462 3184 meo,
3486 3110 3568 3169 *id
3601 3115 3700 3170 est

616 3212 1081 3274 consuetudini
1129 3227 1492 3289 pravorum
1540 3226 1853 3287 operum:
1905 3211 2037 3270 Fac
2071 3216 2222 3285 hoc,
2262 3213 2522 3271 scilicet
2569 3229 2844 3288 pravam
2896 3214 3447 3273 consuetudinem
3498 3219 3697 3286 tuam,

619 3326 681 3378 et
713 3321 878 3398 facit
913 3315 1265 3394 implendo.

706 3424 1006 3484 Audiens
1050 3429 1296 3496 autem,
1335 3422 1399 3481 id
1449 3424 1554 3481 est
1603 3421 1822 3480 sciens
1871 3421 2093 3491 Iesus,
2131 3423 2475 3501 plenitudo
2527 3423 2815 3498 Spiritus
2867 3423 3126 3492 Sancti,
3178 3427 3460 3484 miratus
3492 3429 3589 3483 est
3642 3424 3701 3482 in

619 3529 896 3606 gaudie,
947 3532 1008 3587 et
1042 3525 1460 3603 sequentibus
1510 3544 1599 3599 se,
1636 3526 1886 3585 sanctis
1937 3527 2254 3601 operibus
2289 3543 2460 3601 quae
2498 3528 2715 3601 ipsum
2752 3529 3011 3587 imitata
3045 3534 3221 3600 sunt,
3258 3529 3460 3588 dixit:
3496 3530 3705 3588 Amen

615 3633 760 3692 dico
794 3631 858 3690 in
893 3629 1199 3701 veritate,
1236 3646 1367 3687 non
1402 3631 1627 3687 inveni
1661 3628 1946 3689 videndo
1982 3634 2238 3687 tantam
2271 3628 2488 3708 fidem,
2528 3631 2591 3690 id
2625 3637 2730 3690 est
2762 3633 2895 3691 tale
2925 3632 3267 3707 speculum
3295 3634 3368 3691 in
3394 3632 3628 3706 Israel,
3652 3627 3698 3706 ⁴)

617 3734 876 3794 scilicet
926 3734 992 3791 in
1041 3731 1172 3791 illis
1228 3732 1342 3808 qui
1393 3732 1605 3791 sancti
1663 3733 1975 3792 volebant
2023 3749 2195 3808 esse,
2241 3740 2314 3793 ut
2364 3736 2746 3811 hypocritae
2804 3743 2872 3797 et
2921 3737 2987 3795 in
3031 3736 3325 3798 DiaboIO.
3380 3739 3537 3798 Dico
3584 3757 3705 3797 au—

616 3847 751 3899 tem
798 3837 990 3907 vobis,
1042 3837 1235 3897 bonis
1269 3836 1608 3912 operibuS,
1660 3837 1830 3913 quod
1875 3838 2075 3896 multi
2122 3837 2197 3896 ab
2248 3839 2538 3913 Oriente,
2577 3840 2891 3901 videlicet
2939 3857 2978 3900 a
3026 3857 3187 3901 casu
3237 3841 3438 3910 Adae,
3475 3848 3538 3901 et
3590 3842 3705 3902 Oc-

617 3946 913 4017 cidente,
969 3942 1032 4002 id
1081 3948 1186 4002 est
1237 3942 1303 4000 in
1344 3940 1757 4017 publicanis,
1831 3944 2097 4000 venient
2157 3944 2451 4017 oriendo,
2503 3954 2561 4003 et
2614 3945 2991 4005 recumbent
3064 3946 3128 4004 in
3177 3949 3508 4022 potestate
3558 3966 3702 4007 cum

617 4051 941 4112 Abraham
975 4054 1036 4107 et
1073 4049 1257 4108 Isaac
1291 4053 1352 4106 et
1388 4045 1578 4106 Jacob
1601 4093 1615 4120 ,
1653 4046 1766 4122 qui
1802 4061 2032 4105 veram
2068 4047 2460 4107 Trinitatem
2496 4049 2832 4110 adorando
2867 4050 3344 4125 poenitentiam
3379 4049 3699 4122 fecerunt,

615 4159 689 4215 in
722 4171 920 4232 reqno
953 4154 1300 4225 coelorum,
1341 4150 1403 4210 id
1438 4157 1542 4210 est
1577 4151 1641 4210 in
1693 4150 1984 4221 fulgente
2018 4167 2218 4225 opere
2270 4168 2434 4211 me0.
2475 4153 2633 4212 Filii
2683 4160 2907 4213 autem
2939 4157 3153 4230 reyni,
3206 4154 3520 4215 videlicet
3551 4155 3701 4213 dae-

613 4259 857 4331 monia,
908 4262 974 4316 et
1032 4257 1146 4332 qui
1195 4255 1347 4314 illos
1397 4255 1461 4313 in
1515 4254 1682 4312 falsa
1717 4255 2073 4313 sanctitate
2124 4255 2187 4313 in
2224 4255 2558 4331 hypocrisi
2612 4258 2977 4330 imitantur,
3015 4272 3081 4316 et
3113 4259 3228 4334 qui
3278 4258 3451 4334 apud
3487 4274 3693 4317 seme-

613 4364 827 4438 tipsos
875 4360 1234 4437 prudentes
1278 4375 1430 4418 esse
1478 4358 1733 4431 volunt,
1770 4358 1886 4417 sed
1921 4358 2110 4417 stulti
2147 4367 2323 4433 suut,
2360 4358 2713 4434 ejicientur
2747 4363 3112 4437 contempti
3152 4365 3221 4421 in
3254 4360 3557 4420 tenebras
3591 4381 3700 4420 ea·-

612 4467 924 4537 teriores,
977 4463 1088 4521 ubi
1137 4479 1252 4521 eos
1305 4464 1370 4521 in
1416 4463 1632 4538 gratia
1684 4478 1830 4522 mea
1879 4478 1999 4520 nec
2050 4465 2287 4538 tango,
2339 4480 2459 4523 nec
2509 4465 2736 4524 videre
2788 4466 2980 4539 νοΙο,
3037 4466 3351 4541 quoniam
3393 4482 3467 4525 se
3520 4467 3697 4540 ipsos

609 4568 1102 4643 ignoraverunt.
1139 4565 1240 4626 Ibi
1272 4569 1398 4624 erit
1445 4567 1659 4643 fletus,
1699 4567 2012 4641 quoniam
2062 4568 2378 4641 gaudium
2414 4584 2634 4628 meum
2671 4570 2733 4627 in
2772 4569 3151 4644 ignorantia
3187 4586 3308 4629 sua
3362 4569 3693 4644 fugerunt,

608 4677 671 4731 et
721 4672 963 4730 stridor
1011 4671 1350 4742 dentium,
1404 4669 1561 4744 quia
1611 4669 1814 4729 verba
1864 4686 2010 4728 mea
2063 4670 2245 4746 loqui
2295 4672 2641 4747 nolebant,
2696 4672 2870 4732 unde
2918 4675 3126 4733 etiam
3162 4673 3309 4732 cibo
3360 4674 3538 4732 vitae
3572 4689 3697 4749 non

612 4780 990 4849 pascentur.

703 4879 782 4938 Et
811 4877 1000 4937 Jesus
1033 4878 1203 4936 dixit
1237 4877 1645 4950 centurioni,
1686 4877 1947 4936 scilicet
1999 4879 2468 4953 poenitentiae:
2517 4881 2687 4939 Vade
2728 4883 2792 4941 in
2826 4882 2951 4942 hoc
2986 4883 3245 4952 itinere,
3285 4860 3355 4940 ut
3390 4881 3693 4956 coepisti,

682 5053 728 5117 ¹)
749 5049 1246 5124 Capharnarumin
1262 5047 1479 5117 vulgari
1502 5047 1852 5104 onomastico
1873 5052 2107 5120 estayer
2200 5050 2292 5104 sed
2324 5049 2466 5106 infra
2500 5053 2624 5110 alii.
2652 5085 2719 5094 —
2755 5055 2799 5118 ⁴)
2825 5054 3167 5111 herusalem
3192 5053 3272 5109 sic
3302 5050 3447 5108 infra
3478 5052 3517 5108 s.
3552 5052 3692 5108 vitio

605 5145 978 5215 poenitentiae.
1015 5172 1076 5180 —
1102 5143 1147 5202 2)
1177 5141 1265 5201 Ps,
1309 5139 1522 5201 XXXI.
1548 5143 1596 5195 4.
1643 5172 1708 5181 -
1746 5139 1789 5204 8)
1827 5141 1941 5194 alio
1968 5141 2088 5194 cod.
2197 5138 2512 5208 compendii
2555 5155 2653 5210 pro
2684 5140 2870 5196 Israel.
