<?xml version="1.0" encoding="UTF-8"?>
<!DOCTYPE html PUBLIC "-//W3C//DTD XHTML 1.0 Transitional//EN"
    "http://www.w3.org/TR/xhtml1/DTD/xhtml1-transitional.dtd">
<html xmlns="http://www.w3.org/1999/xhtml" xml:lang="en" lang="en">
 <head>
  <title>
</title>
<meta http-equiv="Content-Type" content="text/html;charset=utf-8" />
  <meta name='ocr-system' content='tesseract 3.04.00' />
  <meta name='ocr-capabilities' content='ocr_page ocr_carea ocr_par ocr_line ocrx_word'/>
</head>
<body>
  <div class='ocr_page' id='page_1' title='image "analectasacrasp05pitrgoog_0499.png"; bbox 0 0 4036 6117; ppageno 0'>
   <div class='ocr_carea' id='block_1_1' title="bbox 1579 499 3299 568">
    <p class='ocr_par' dir='ltr' id='par_1_1' title="bbox 1579 499 3299 568">
     <span class='ocr_line' id='line_1_1' title="bbox 1579 499 3299 568; baseline 0.005 -9"><span class='ocrx_word' id='word_1_1' title='bbox 1579 505 2046 564; x_wconf 57' lang='lat' dir='ltr'>amsi-onas.</span> <span class='ocrx_word' id='word_1_2' title='bbox 3174 499 3299 568; x_wconf 78' lang='lat'>431</span> 
     </span>
    </p>
   </div>
   <div class='ocr_carea' id='block_1_2' title="bbox 273 619 3384 1746">
    <p class='ocr_par' dir='ltr' id='par_1_2' title="bbox 273 619 3384 1746">
     <span class='ocr_line' id='line_1_2' title="bbox 277 619 3375 711; baseline 0.004 -26"><span class='ocrx_word' id='word_1_3' title='bbox 277 622 567 702; x_wconf 73' lang='lat' dir='ltr'>minum,</span> <span class='ocrx_word' id='word_1_4' title='bbox 620 619 663 704; x_wconf 78' lang='lat'>¹)</span> <span class='ocrx_word' id='word_1_5' title='bbox 715 627 916 686; x_wconf 89' lang='lat' dir='ltr'>etiam</span> <span class='ocrx_word' id='word_1_6' title='bbox 970 632 1040 688; x_wconf 93' lang='lat' dir='ltr'>tu</span> <span class='ocrx_word' id='word_1_7' title='bbox 1091 629 1257 688; x_wconf 89' lang='lat' dir='ltr'>retia</span> <span class='ocrx_word' id='word_1_8' title='bbox 1308 632 1420 690; x_wconf 88' lang='lat' dir='ltr'>tua</span> <span class='ocrx_word' id='word_1_9' title='bbox 1471 632 1750 693; x_wconf 88' lang='lat' dir='ltr'>laxando</span> <span class='ocrx_word' id='word_1_10' title='bbox 1805 635 1868 693; x_wconf 90' lang='lat' dir='ltr'>in</span> <span class='ocrx_word' id='word_1_11' title='bbox 1902 642 2274 711; x_wconf 85' lang='lat' dir='ltr'>capturam,</span> <span class='ocrx_word' id='word_1_12' title='bbox 2312 636 2591 711; x_wconf 68' lang='lat' dir='ltr'>⁴aliquos</span> <span class='ocrx_word' id='word_1_13' title='bbox 2628 642 2846 696; x_wconf 89' lang='lat' dir='ltr'>tecum</span> <span class='ocrx_word' id='word_1_14' title='bbox 2898 635 2978 696; x_wconf 91' lang='lat' dir='ltr'>ad</span> <span class='ocrx_word' id='word_1_15' title='bbox 3015 636 3206 697; x_wconf 90' lang='lat' dir='ltr'>littus</span> <span class='ocrx_word' id='word_1_16' title='bbox 3255 638 3375 697; x_wconf 80' lang='lat' dir='ltr'>eli·-</span> 
     </span>
     <span class='ocr_line' id='line_1_3' title="bbox 277 732 3372 817; baseline 0.003 -28"><span class='ocrx_word' id='word_1_17' title='bbox 277 733 488 807; x_wconf 81' lang='lat' dir='ltr'>gendo</span> <span class='ocrx_word' id='word_1_18' title='bbox 539 733 762 806; x_wconf 82' lang='lat' dir='ltr'>pisces</span> <span class='ocrx_word' id='word_1_19' title='bbox 812 732 1188 792; x_wconf 82' lang='lat' dir='ltr'><strong>adduxeris,</strong></span> <span class='ocrx_word' id='word_1_20' title='bbox 1239 734 1309 792; x_wconf 91' lang='lat' dir='ltr'>In</span> <span class='ocrx_word' id='word_1_21' title='bbox 1361 751 1491 809; x_wconf 89' lang='lat' dir='ltr'>quo</span> <span class='ocrx_word' id='word_1_22' title='bbox 1543 741 1606 794; x_wconf 91' lang='lat' dir='ltr'>te</span> <span class='ocrx_word' id='word_1_23' title='bbox 1641 754 1840 811; x_wconf 92' lang='lat' dir='ltr'>opere</span> <span class='ocrx_word' id='word_1_24' title='bbox 1888 739 2278 813; x_wconf 78' lang='lat' dir='ltr'>desudante,</span> <span class='ocrx_word' id='word_1_25' title='bbox 2330 740 2413 813; x_wconf 92' lang='lat' dir='ltr'>si,</span> <span class='ocrx_word' id='word_1_26' title='bbox 2467 743 2539 798; x_wconf 87' lang='lat' dir='ltr'>ut</span> <span class='ocrx_word' id='word_1_27' title='bbox 2586 740 2726 798; x_wconf 88' lang='lat' dir='ltr'>fieri</span> <span class='ocrx_word' id='word_1_28' title='bbox 2781 742 2985 814; x_wconf 90' lang='lat' dir='ltr'>solet,</span> <span class='ocrx_word' id='word_1_29' title='bbox 3034 742 3372 817; x_wconf 80' lang='lat' dir='ltr'>permissu</span> 
     </span>
     <span class='ocr_line' id='line_1_4' title="bbox 276 834 3374 920; baseline 0.004 -27"><span class='ocrx_word' id='word_1_30' title='bbox 276 834 414 906; x_wconf 90' lang='lat' dir='ltr'>Dei,</span> <span class='ocrx_word' id='word_1_31' title='bbox 465 836 765 911; x_wconf 88' lang='lat' dir='ltr'>quolibet</span> <span class='ocrx_word' id='word_1_32' title='bbox 799 837 1172 894; x_wconf 80' lang='lat' dir='ltr'>austeriore</span> <span class='ocrx_word' id='word_1_33' title='bbox 1223 845 1418 896; x_wconf 91' lang='lat' dir='ltr'>vento</span> <span class='ocrx_word' id='word_1_34' title='bbox 1471 839 1617 898; x_wconf 88' lang='lat' dir='ltr'>vela</span> <span class='ocrx_word' id='word_1_35' title='bbox 1670 842 1957 916; x_wconf 83' lang='lat' dir='ltr'>inflante,</span> <span class='ocrx_word' id='word_1_36' title='bbox 1993 839 2044 919; x_wconf 76' lang='lat'>²)</span> <span class='ocrx_word' id='word_1_37' title='bbox 2096 859 2309 918; x_wconf 88' lang='lat' dir='ltr'>aquae</span> <span class='ocrx_word' id='word_1_38' title='bbox 2353 843 2920 918; x_wconf 76' lang='lat' dir='ltr'>constringantur,</span> <span class='ocrx_word' id='word_1_39' title='bbox 2973 851 3038 916; x_wconf 85' lang='lat' dir='ltr'>et</span> <span class='ocrx_word' id='word_1_40' title='bbox 3088 845 3374 920; x_wconf 86' lang='lat' dir='ltr'>alicujus</span> 
     </span>
     <span class='ocr_line' id='line_1_5' title="bbox 278 938 3370 1024; baseline 0.004 -28"><span class='ocrx_word' id='word_1_41' title='bbox 278 939 661 997; x_wconf 79' lang='lat' dir='ltr'>tentationis</span> <span class='ocrx_word' id='word_1_42' title='bbox 690 938 842 1012; x_wconf 84' lang='lat' dir='ltr'>gelu</span> <span class='ocrx_word' id='word_1_43' title='bbox 875 940 1055 997; x_wconf 89' lang='lat' dir='ltr'>circa</span> <span class='ocrx_word' id='word_1_44' title='bbox 1083 942 1145 998; x_wconf 91' lang='lat' dir='ltr'>te</span> <span class='ocrx_word' id='word_1_45' title='bbox 1173 943 1611 1011; x_wconf 83' lang='lat' dir='ltr'>concreverit,</span> <span class='ocrx_word' id='word_1_46' title='bbox 1652 944 1713 1001; x_wconf 90' lang='lat' dir='ltr'>id</span> <span class='ocrx_word' id='word_1_47' title='bbox 1747 947 1852 1004; x_wconf 91' lang='lat' dir='ltr'>est</span> <span class='ocrx_word' id='word_1_48' title='bbox 1876 953 1950 1003; x_wconf 93' lang='lat' dir='ltr'>ut</span> <span class='ocrx_word' id='word_1_49' title='bbox 1978 947 2082 1004; x_wconf 86' lang='lat' dir='ltr'>vel</span> <span class='ocrx_word' id='word_1_50' title='bbox 2110 946 2553 1020; x_wconf 80' lang='lat' dir='ltr'>inaequalitas</span> <span class='ocrx_word' id='word_1_51' title='bbox 2604 949 2908 1022; x_wconf 90' lang='lat' dir='ltr'>corporis</span> <span class='ocrx_word' id='word_1_52' title='bbox 2944 955 3007 1007; x_wconf 88' lang='lat' dir='ltr'>te</span> <span class='ocrx_word' id='word_1_53' title='bbox 3042 950 3370 1024; x_wconf 87' lang='lat' dir='ltr'>conficiat,</span> 
     </span>
     <span class='ocr_line' id='line_1_6' title="bbox 276 1041 3378 1125; baseline 0.004 -27"><span class='ocrx_word' id='word_1_54' title='bbox 276 1041 379 1099; x_wconf 86' lang='lat' dir='ltr'>vel</span> <span class='ocrx_word' id='word_1_55' title='bbox 431 1042 707 1100; x_wconf 91' lang='lat' dir='ltr'>amissio</span> <span class='ocrx_word' id='word_1_56' title='bbox 759 1058 888 1100; x_wconf 92' lang='lat' dir='ltr'>non</span> <span class='ocrx_word' id='word_1_57' title='bbox 936 1041 1084 1100; x_wconf 91' lang='lat' dir='ltr'>dico</span> <span class='ocrx_word' id='word_1_58' title='bbox 1121 1058 1343 1101; x_wconf 89' lang='lat' dir='ltr'>rerum</span> <span class='ocrx_word' id='word_1_59' title='bbox 1394 1061 1561 1119; x_wconf 86' lang='lat' dir='ltr'>quas</span> <span class='ocrx_word' id='word_1_60' title='bbox 1597 1063 1725 1104; x_wconf 92' lang='lat' dir='ltr'>non</span> <span class='ocrx_word' id='word_1_61' title='bbox 1777 1047 2008 1121; x_wconf 80' lang='lat' dir='ltr'>habeS,</span> <span class='ocrx_word' id='word_1_62' title='bbox 2048 1049 2163 1107; x_wconf 91' lang='lat' dir='ltr'>sed</span> <span class='ocrx_word' id='word_1_63' title='bbox 2214 1049 2501 1123; x_wconf 86' lang='lat' dir='ltr'>alicujus</span> <span class='ocrx_word' id='word_1_64' title='bbox 2536 1051 2677 1108; x_wconf 90' lang='lat' dir='ltr'>cari</span> <span class='ocrx_word' id='word_1_65' title='bbox 2727 1058 2792 1108; x_wconf 89' lang='lat' dir='ltr'>te</span> <span class='ocrx_word' id='word_1_66' title='bbox 2829 1051 3214 1125; x_wconf 91' lang='lat' dir='ltr'>contristet,</span> <span class='ocrx_word' id='word_1_67' title='bbox 3267 1051 3378 1111; x_wconf 84' lang='lat' dir='ltr'>vel</span> 
     </span>
     <span class='ocr_line' id='line_1_7' title="bbox 278 1143 3378 1226; baseline 0.005 -26"><span class='ocrx_word' id='word_1_68' title='bbox 278 1143 742 1203; x_wconf 85' lang='lat' dir='ltr'>infestationes</span> <span class='ocrx_word' id='word_1_69' title='bbox 792 1144 1186 1204; x_wconf 88' lang='lat' dir='ltr'>daemonum</span> <span class='ocrx_word' id='word_1_70' title='bbox 1223 1148 1418 1207; x_wconf 88' lang='lat' dir='ltr'>solito</span> <span class='ocrx_word' id='word_1_71' title='bbox 1468 1147 1701 1208; x_wconf 88' lang='lat' dir='ltr'>durius</span> <span class='ocrx_word' id='word_1_72' title='bbox 1742 1151 2157 1226; x_wconf 78' lang='lat' dir='ltr'>impugnent,</span> <span class='ocrx_word' id='word_1_73' title='bbox 2211 1154 2314 1210; x_wconf 87' lang='lat' dir='ltr'>vel</span> <span class='ocrx_word' id='word_1_74' title='bbox 2353 1153 2603 1213; x_wconf 79' lang='lat' dir='ltr'>invidia</span> <span class='ocrx_word' id='word_1_75' title='bbox 2654 1170 2774 1212; x_wconf 91' lang='lat' dir='ltr'>seu</span> <span class='ocrx_word' id='word_1_76' title='bbox 2807 1155 3138 1214; x_wconf 85' lang='lat' dir='ltr'>detractio</span> <span class='ocrx_word' id='word_1_77' title='bbox 3177 1155 3378 1216; x_wconf 88' lang='lat' dir='ltr'>salso-</span> 
     </span>
     <span class='ocr_line' id='line_1_8' title="bbox 279 1247 3380 1332; baseline 0.004 -28"><span class='ocrx_word' id='word_1_78' title='bbox 279 1263 425 1304; x_wconf 86' lang='lat' dir='ltr'>rum</span> <span class='ocrx_word' id='word_1_79' title='bbox 477 1247 760 1306; x_wconf 86' lang='lat' dir='ltr'>fratrum</span> <span class='ocrx_word' id='word_1_80' title='bbox 799 1263 917 1322; x_wconf 91' lang='lat' dir='ltr'>per</span> <span class='ocrx_word' id='word_1_81' title='bbox 966 1248 1333 1307; x_wconf 84' lang='lat' dir='ltr'>locutiones</span> <span class='ocrx_word' id='word_1_82' title='bbox 1369 1257 1600 1310; x_wconf 89' lang='lat' dir='ltr'>contra</span> <span class='ocrx_word' id='word_1_83' title='bbox 1651 1256 1713 1311; x_wconf 90' lang='lat' dir='ltr'>te</span> <span class='ocrx_word' id='word_1_84' title='bbox 1748 1255 2174 1328; x_wconf 82' lang='lat' dir='ltr'>exardescat,</span> <span class='ocrx_word' id='word_1_85' title='bbox 2225 1256 2331 1313; x_wconf 88' lang='lat' dir='ltr'>vel</span> <span class='ocrx_word' id='word_1_86' title='bbox 2366 1255 2549 1314; x_wconf 88' lang='lat' dir='ltr'>aliud</span> <span class='ocrx_word' id='word_1_87' title='bbox 2600 1256 3065 1332; x_wconf 85' lang='lat' dir='ltr'>quodcumque</span> <span class='ocrx_word' id='word_1_88' title='bbox 3102 1258 3380 1317; x_wconf 85' lang='lat' dir='ltr'>tribula-</span> 
     </span>
     <span class='ocr_line' id='line_1_9' title="bbox 279 1348 3379 1432; baseline 0.005 -27"><span class='ocrx_word' id='word_1_89' title='bbox 279 1348 479 1406; x_wconf 87' lang='lat' dir='ltr'>tionis</span> <span class='ocrx_word' id='word_1_90' title='bbox 529 1365 693 1407; x_wconf 89' lang='lat' dir='ltr'>onus</span> <span class='ocrx_word' id='word_1_91' title='bbox 730 1364 932 1422; x_wconf 84' lang='lat' dir='ltr'>super</span> <span class='ocrx_word' id='word_1_92' title='bbox 969 1354 1031 1407; x_wconf 92' lang='lat' dir='ltr'>te</span> <span class='ocrx_word' id='word_1_93' title='bbox 1080 1349 1367 1425; x_wconf 85' lang='lat' dir='ltr'>decidat,</span> <span class='ocrx_word' id='word_1_94' title='bbox 1405 1358 1543 1411; x_wconf 90' lang='lat' dir='ltr'>tum</span> <span class='ocrx_word' id='word_1_95' title='bbox 1581 1369 1737 1414; x_wconf 82' lang='lat' dir='ltr'>vero</span> <span class='ocrx_word' id='word_1_96' title='bbox 1773 1356 2136 1431; x_wconf 89' lang='lat' dir='ltr'>plurimum</span> <span class='ocrx_word' id='word_1_97' title='bbox 2171 1356 2252 1416; x_wconf 91' lang='lat' dir='ltr'>de</span> <span class='ocrx_word' id='word_1_98' title='bbox 2286 1359 2585 1432; x_wconf 85' lang='lat' dir='ltr'>gratuita</span> <span class='ocrx_word' id='word_1_99' title='bbox 2632 1359 2881 1432; x_wconf 87' lang='lat' dir='ltr'>pietate</span> <span class='ocrx_word' id='word_1_100' title='bbox 2916 1360 3379 1422; x_wconf 82' lang='lat' dir='ltr'>subventionis</span> 
     </span>
     <span class='ocr_line' id='line_1_10' title="bbox 273 1448 3380 1541; baseline 0.005 -31"><span class='ocrx_word' id='word_1_101' title='bbox 273 1452 416 1525; x_wconf 92' lang='lat' dir='ltr'>Dei,</span> <span class='ocrx_word' id='word_1_102' title='bbox 454 1453 647 1528; x_wconf 87' lang='lat' dir='ltr'>cujus</span> <span class='ocrx_word' id='word_1_103' title='bbox 677 1453 1202 1512; x_wconf 88' lang='lat' dir='ltr'>misericordiam</span> <span class='ocrx_word' id='word_1_104' title='bbox 1230 1448 1278 1530; x_wconf 79' lang='lat'>³)</span> <span class='ocrx_word' id='word_1_105' title='bbox 1331 1455 1415 1513; x_wconf 85' lang='lat' dir='ltr'>ab</span> <span class='ocrx_word' id='word_1_106' title='bbox 1449 1459 1719 1516; x_wconf 91' lang='lat' dir='ltr'>aeterno</span> <span class='ocrx_word' id='word_1_107' title='bbox 1749 1474 1950 1534; x_wconf 91' lang='lat' dir='ltr'>super</span> <span class='ocrx_word' id='word_1_108' title='bbox 1978 1460 2289 1520; x_wconf 90' lang='lat' dir='ltr'>timentes</span> <span class='ocrx_word' id='word_1_109' title='bbox 2317 1477 2469 1521; x_wconf 91' lang='lat' dir='ltr'>eum</span> <span class='ocrx_word' id='word_1_110' title='bbox 2496 1478 2926 1537; x_wconf 89' lang='lat' dir='ltr'>praesumere</span> <span class='ocrx_word' id='word_1_111' title='bbox 2952 1463 3179 1538; x_wconf 80' lang='lat' dir='ltr'>debeS,</span> <span class='ocrx_word' id='word_1_112' title='bbox 3218 1481 3380 1541; x_wconf 87' lang='lat' dir='ltr'>quo-</span> 
     </span>
     <span class='ocr_line' id='line_1_11' title="bbox 277 1558 3384 1641; baseline 0.004 -26"><span class='ocrx_word' id='word_1_113' title='bbox 277 1560 455 1616; x_wconf 89' lang='lat' dir='ltr'>niam</span> <span class='ocrx_word' id='word_1_114' title='bbox 491 1565 557 1616; x_wconf 91' lang='lat' dir='ltr'>et</span> <span class='ocrx_word' id='word_1_115' title='bbox 597 1558 811 1616; x_wconf 87' lang='lat' dir='ltr'>virtus</span> <span class='ocrx_word' id='word_1_116' title='bbox 852 1558 914 1615; x_wconf 90' lang='lat' dir='ltr'>in</span> <span class='ocrx_word' id='word_1_117' title='bbox 950 1558 1336 1618; x_wconf 83' lang='lat' dir='ltr'>infirmitate</span> <span class='ocrx_word' id='word_1_118' title='bbox 1372 1560 1736 1636; x_wconf 86' lang='lat' dir='ltr'>perficitur,</span> <span class='ocrx_word' id='word_1_119' title='bbox 1790 1569 1855 1621; x_wconf 91' lang='lat' dir='ltr'>et</span> <span class='ocrx_word' id='word_1_120' title='bbox 1890 1563 2196 1624; x_wconf 88' lang='lat' dir='ltr'>homines</span> <span class='ocrx_word' id='word_1_121' title='bbox 2247 1565 2671 1641; x_wconf 88' lang='lat' dir='ltr'>receptibiles</span> <span class='ocrx_word' id='word_1_122' title='bbox 2705 1566 2945 1640; x_wconf 88' lang='lat' dir='ltr'>probat</span> <span class='ocrx_word' id='word_1_123' title='bbox 2994 1566 3209 1626; x_wconf 84' lang='lat' dir='ltr'>forma</span> <span class='ocrx_word' id='word_1_124' title='bbox 3245 1571 3384 1627; x_wconf 90' lang='lat' dir='ltr'>ten-</span> 
     </span>
     <span class='ocr_line' id='line_1_12' title="bbox 277 1656 3373 1746; baseline 0.006 -31"><span class='ocrx_word' id='word_1_125' title='bbox 277 1660 575 1732; x_wconf 83' lang='lat' dir='ltr'>tationiS,</span> <span class='ocrx_word' id='word_1_126' title='bbox 616 1675 735 1717; x_wconf 91' lang='lat' dir='ltr'>nec</span> <span class='ocrx_word' id='word_1_127' title='bbox 765 1656 812 1736; x_wconf 84' lang='lat'>⁴)</span> <span class='ocrx_word' id='word_1_128' title='bbox 854 1667 1204 1735; x_wconf 84' lang='lat' dir='ltr'>reputatur</span> <span class='ocrx_word' id='word_1_129' title='bbox 1236 1662 1414 1721; x_wconf 85' lang='lat' dir='ltr'>filius</span> <span class='ocrx_word' id='word_1_130' title='bbox 1448 1680 1645 1738; x_wconf 87' lang='lat' dir='ltr'>quem</span> <span class='ocrx_word' id='word_1_131' title='bbox 1678 1681 1808 1724; x_wconf 91' lang='lat' dir='ltr'>non</span> <span class='ocrx_word' id='word_1_132' title='bbox 1841 1668 2122 1743; x_wconf 89' lang='lat' dir='ltr'>corripit</span> <span class='ocrx_word' id='word_1_133' title='bbox 2154 1675 2367 1744; x_wconf 90' lang='lat' dir='ltr'>pater,</span> <span class='ocrx_word' id='word_1_134' title='bbox 2398 1678 2464 1729; x_wconf 90' lang='lat' dir='ltr'>et</span> <span class='ocrx_word' id='word_1_135' title='bbox 2498 1686 2617 1746; x_wconf 90' lang='lat' dir='ltr'>per</span> <span class='ocrx_word' id='word_1_136' title='bbox 2654 1670 2996 1731; x_wconf 84' lang='lat' dir='ltr'>infamiam</span> <span class='ocrx_word' id='word_1_137' title='bbox 3029 1680 3096 1733; x_wconf 87' lang='lat' dir='ltr'>et</span> <span class='ocrx_word' id='word_1_138' title='bbox 3130 1675 3373 1734; x_wconf 89' lang='lat' dir='ltr'>bonam</span> 
     </span>
    </p>
   </div>
   <div class='ocr_carea' id='block_1_3' title="bbox 278 1766 3377 1952">
    <p class='ocr_par' dir='ltr' id='par_1_3' title="bbox 278 1766 3377 1952">
     <span class='ocr_line' id='line_1_13' title="bbox 278 1766 3377 1852; baseline 0.004 -28"><span class='ocrx_word' id='word_1_139' title='bbox 278 1766 548 1837; x_wconf 82' lang='lat' dir='ltr'>famam,</span> <span class='ocrx_word' id='word_1_140' title='bbox 577 1774 642 1826; x_wconf 92' lang='lat' dir='ltr'>et</span> <span class='ocrx_word' id='word_1_141' title='bbox 673 1768 917 1827; x_wconf 89' lang='lat' dir='ltr'>multas</span> <span class='ocrx_word' id='word_1_142' title='bbox 954 1769 1450 1844; x_wconf 83' lang='lat' dir='ltr'>tribulationes,</span> <span class='ocrx_word' id='word_1_143' title='bbox 1482 1772 1688 1830; x_wconf 88' lang='lat' dir='ltr'>armis</span> <span class='ocrx_word' id='word_1_144' title='bbox 1724 1779 1946 1832; x_wconf 87' lang='lat' dir='ltr'>tamen</span> <span class='ocrx_word' id='word_1_145' title='bbox 1982 1775 2334 1843; x_wconf 86' lang='lat' dir='ltr'>virtutum,</span> <span class='ocrx_word' id='word_1_146' title='bbox 2366 1792 2402 1834; x_wconf 92' lang='lat' dir='ltr'>a</span> <span class='ocrx_word' id='word_1_147' title='bbox 2428 1776 2681 1834; x_wconf 84' lang='lat' dir='ltr'>dextris</span> <span class='ocrx_word' id='word_1_148' title='bbox 2714 1782 2781 1834; x_wconf 92' lang='lat' dir='ltr'>et</span> <span class='ocrx_word' id='word_1_149' title='bbox 2806 1791 2845 1834; x_wconf 89' lang='lat' dir='ltr'>a</span> <span class='ocrx_word' id='word_1_150' title='bbox 2873 1776 3196 1852; x_wconf 86' lang='lat' dir='ltr'>sinistris,</span> <span class='ocrx_word' id='word_1_151' title='bbox 3235 1793 3377 1836; x_wconf 89' lang='lat' dir='ltr'>mu-</span> 
     </span>
     <span class='ocr_line' id='line_1_14' title="bbox 278 1873 1806 1952; baseline 0.005 -22"><span class='ocrx_word' id='word_1_152' title='bbox 278 1873 456 1933; x_wconf 89' lang='lat' dir='ltr'>nitos</span> <span class='ocrx_word' id='word_1_153' title='bbox 491 1877 754 1948; x_wconf 84' lang='lat' dir='ltr'>oportet</span> <span class='ocrx_word' id='word_1_154' title='bbox 787 1891 908 1934; x_wconf 91' lang='lat' dir='ltr'>nos</span> <span class='ocrx_word' id='word_1_155' title='bbox 945 1875 1223 1934; x_wconf 87' lang='lat' dir='ltr'>introire</span> <span class='ocrx_word' id='word_1_156' title='bbox 1260 1877 1322 1934; x_wconf 90' lang='lat' dir='ltr'>in</span> <span class='ocrx_word' id='word_1_157' title='bbox 1360 1892 1634 1952; x_wconf 86' lang='lat' dir='ltr'>regnum</span> <span class='ocrx_word' id='word_1_158' title='bbox 1667 1877 1806 1938; x_wconf 90' lang='lat' dir='ltr'>Dei.</span> 
     </span>
    </p>
   </div>
   <div class='ocr_carea' id='block_1_4' title="bbox 1699 2129 1909 2195">
    <p class='ocr_par' dir='ltr' id='par_1_4' title="bbox 1699 2129 1909 2195">
     <span class='ocr_line' id='line_1_15' title="bbox 1699 2129 1909 2195; baseline 0.01 -2"><span class='ocrx_word' id='word_1_159' title='bbox 1699 2129 1909 2195; x_wconf 62' lang='lat' dir='ltr'><strong>XXV.</strong></span> 
     </span>
    </p>
   </div>
   <div class='ocr_carea' id='block_1_5' title="bbox 277 2367 3419 3805">
    <p class='ocr_par' dir='ltr' id='par_1_5' title="bbox 277 2367 3419 3805">
     <span class='ocr_line' id='line_1_16' title="bbox 373 2367 3379 2452; baseline 0.003 -24"><span class='ocrx_word' id='word_1_160' title='bbox 373 2367 496 2428; x_wconf 86' lang='lat' dir='ltr'>Sed</span> <span class='ocrx_word' id='word_1_161' title='bbox 538 2371 849 2447; x_wconf 87' lang='lat' dir='ltr'>quoniam</span> <span class='ocrx_word' id='word_1_162' title='bbox 886 2371 1273 2434; x_wconf 89' lang='lat' dir='ltr'>ammonitio</span> <span class='ocrx_word' id='word_1_163' title='bbox 1324 2391 1492 2448; x_wconf 90' lang='lat' dir='ltr'>mea,</span> <span class='ocrx_word' id='word_1_164' title='bbox 1532 2375 1727 2450; x_wconf 83' lang='lat' dir='ltr'>longa</span> <span class='ocrx_word' id='word_1_165' title='bbox 1776 2376 2074 2451; x_wconf 90' lang='lat' dir='ltr'>quidem,</span> <span class='ocrx_word' id='word_1_166' title='bbox 2112 2375 2228 2434; x_wconf 93' lang='lat' dir='ltr'>sed</span> <span class='ocrx_word' id='word_1_167' title='bbox 2265 2376 2508 2451; x_wconf 86' lang='lat' dir='ltr'>tepida,</span> <span class='ocrx_word' id='word_1_168' title='bbox 2546 2393 2783 2452; x_wconf 90' lang='lat' dir='ltr'>parum</span> <span class='ocrx_word' id='word_1_169' title='bbox 2820 2374 3109 2436; x_wconf 82' lang='lat' dir='ltr'>fortasse</span> <span class='ocrx_word' id='word_1_170' title='bbox 3144 2383 3207 2436; x_wconf 90' lang='lat' dir='ltr'>te</span> <span class='ocrx_word' id='word_1_171' title='bbox 3243 2392 3379 2437; x_wconf 87' lang='lat' dir='ltr'>mo·-</span> 
     </span>
     <span class='ocr_line' id='line_1_17' title="bbox 278 2473 3377 2552; baseline 0.002 -22"><span class='ocrx_word' id='word_1_172' title='bbox 278 2480 430 2547; x_wconf 79' lang='lat' dir='ltr'>vet,</span> <span class='ocrx_word' id='word_1_173' title='bbox 481 2479 548 2532; x_wconf 91' lang='lat' dir='ltr'>et</span> <span class='ocrx_word' id='word_1_174' title='bbox 581 2473 920 2534; x_wconf 85' lang='lat' dir='ltr'>efficacior</span> <span class='ocrx_word' id='word_1_175' title='bbox 970 2482 1076 2534; x_wconf 91' lang='lat' dir='ltr'>est</span> <span class='ocrx_word' id='word_1_176' title='bbox 1125 2477 1413 2536; x_wconf 87' lang='lat' dir='ltr'>eruditio</span> <span class='ocrx_word' id='word_1_177' title='bbox 1465 2493 1690 2537; x_wconf 89' lang='lat' dir='ltr'>rerum</span> <span class='ocrx_word' id='word_1_178' title='bbox 1740 2494 1942 2552; x_wconf 86' lang='lat' dir='ltr'>quam</span> <span class='ocrx_word' id='word_1_179' title='bbox 1994 2476 2390 2551; x_wconf 80' lang='lat' dir='ltr'>verborum,</span> <span class='ocrx_word' id='word_1_180' title='bbox 2444 2477 2919 2537; x_wconf 88' lang='lat' dir='ltr'>recurrendum</span> <span class='ocrx_word' id='word_1_181' title='bbox 2972 2478 3088 2537; x_wconf 91' lang='lat' dir='ltr'>tibi</span> <span class='ocrx_word' id='word_1_182' title='bbox 3140 2484 3245 2536; x_wconf 92' lang='lat' dir='ltr'>est</span> <span class='ocrx_word' id='word_1_183' title='bbox 3293 2477 3377 2537; x_wconf 90' lang='lat' dir='ltr'>ad</span> 
     </span>
     <span class='ocr_line' id='line_1_18' title="bbox 278 2576 3377 2656; baseline 0.002 -24"><span class='ocrx_word' id='word_1_184' title='bbox 278 2590 457 2649; x_wconf 91' lang='lat' dir='ltr'>eum,</span> <span class='ocrx_word' id='word_1_185' title='bbox 489 2576 680 2651; x_wconf 88' lang='lat' dir='ltr'>cujus</span> <span class='ocrx_word' id='word_1_186' title='bbox 725 2577 1103 2637; x_wconf 90' lang='lat' dir='ltr'>mirabilem</span> <span class='ocrx_word' id='word_1_187' title='bbox 1153 2579 1589 2652; x_wconf 82' lang='lat' dir='ltr'>inspiratione</span> <span class='ocrx_word' id='word_1_188' title='bbox 1622 2579 1848 2639; x_wconf 82' lang='lat' dir='ltr'>divina</span> <span class='ocrx_word' id='word_1_189' title='bbox 1897 2580 2489 2656; x_wconf 85' lang='lat' dir='ltr'>pulchritudinem,</span> <span class='ocrx_word' id='word_1_190' title='bbox 2526 2595 2677 2639; x_wconf 89' lang='lat' dir='ltr'>cum</span> <span class='ocrx_word' id='word_1_191' title='bbox 2714 2581 2929 2639; x_wconf 86' lang='lat' dir='ltr'>adhuc</span> <span class='ocrx_word' id='word_1_192' title='bbox 2964 2596 3131 2656; x_wconf 91' lang='lat' dir='ltr'>puer</span> <span class='ocrx_word' id='word_1_193' title='bbox 3163 2596 3377 2655; x_wconf 65' lang='lat' dir='ltr'>esses»,</span> 
     </span>
     <span class='ocr_line' id='line_1_19' title="bbox 280 2677 3383 2760; baseline 0.002 -22"><span class='ocrx_word' id='word_1_194' title='bbox 280 2680 649 2756; x_wconf 86' lang='lat' dir='ltr'>adamasti,</span> <span class='ocrx_word' id='word_1_195' title='bbox 702 2698 1033 2758; x_wconf 86' lang='lat' dir='ltr'>quemque</span> <span class='ocrx_word' id='word_1_196' title='bbox 1083 2683 1471 2759; x_wconf 88' lang='lat' dir='ltr'>specialiter</span> <span class='ocrx_word' id='word_1_197' title='bbox 1521 2681 1697 2742; x_wconf 90' lang='lat' dir='ltr'>inter</span> <span class='ocrx_word' id='word_1_198' title='bbox 1745 2689 2049 2743; x_wconf 89' lang='lat' dir='ltr'>caeteros</span> <span class='ocrx_word' id='word_1_199' title='bbox 2099 2677 2369 2744; x_wconf 86' lang='lat' dir='ltr'>sanctos</span> <span class='ocrx_word' id='word_1_200' title='bbox 2418 2686 2769 2760; x_wconf 90' lang='lat' dir='ltr'>patronum</span> <span class='ocrx_word' id='word_1_201' title='bbox 2820 2684 3120 2758; x_wconf 80' lang='lat' dir='ltr'>elegisti,</span> <span class='ocrx_word' id='word_1_202' title='bbox 3172 2689 3240 2742; x_wconf 87' lang='lat' dir='ltr'>et</span> <span class='ocrx_word' id='word_1_203' title='bbox 3278 2701 3383 2743; x_wconf 87' lang='lat' dir='ltr'>as-</span> 
     </span>
     <span class='ocr_line' id='line_1_20' title="bbox 277 2786 3380 2865; baseline 0 -21"><span class='ocrx_word' id='word_1_204' title='bbox 277 2786 659 2861; x_wconf 88' lang='lat' dir='ltr'>sumpsisti,</span> <span class='ocrx_word' id='word_1_205' title='bbox 711 2787 980 2846; x_wconf 89' lang='lat' dir='ltr'>beatum</span> <span class='ocrx_word' id='word_1_206' title='bbox 1015 2788 1275 2848; x_wconf 83' lang='lat' dir='ltr'>scilicet</span> <span class='ocrx_word' id='word_1_207' title='bbox 1322 2789 1706 2857; x_wconf 88' lang='lat' dir='ltr'>Martinum,</span> <span class='ocrx_word' id='word_1_208' title='bbox 1745 2789 1934 2865; x_wconf 87' lang='lat' dir='ltr'>cujus</span> <span class='ocrx_word' id='word_1_209' title='bbox 1969 2789 2569 2848; x_wconf 82' lang='lat' dir='ltr'>excellentissimae</span> <span class='ocrx_word' id='word_1_210' title='bbox 2605 2789 2986 2848; x_wconf 88' lang='lat' dir='ltr'>sanctitatis</span> <span class='ocrx_word' id='word_1_211' title='bbox 3021 2803 3380 2847; x_wconf 88' lang='lat' dir='ltr'>conversa-</span> 
     </span>
     <span class='ocr_line' id='line_1_21' title="bbox 281 2889 3379 2968; baseline 0.001 -21"><span class='ocrx_word' id='word_1_212' title='bbox 281 2889 416 2961; x_wconf 80' lang='lat' dir='ltr'>tio,</span> <span class='ocrx_word' id='word_1_213' title='bbox 469 2890 647 2948; x_wconf 89' lang='lat' dir='ltr'>omni</span> <span class='ocrx_word' id='word_1_214' title='bbox 680 2890 880 2964; x_wconf 84' lang='lat' dir='ltr'>digna</span> <span class='ocrx_word' id='word_1_215' title='bbox 929 2892 1309 2967; x_wconf 91' lang='lat' dir='ltr'>praeconio,</span> <span class='ocrx_word' id='word_1_216' title='bbox 1346 2898 1413 2951; x_wconf 90' lang='lat' dir='ltr'>et</span> <span class='ocrx_word' id='word_1_217' title='bbox 1461 2893 1805 2952; x_wconf 87' lang='lat' dir='ltr'>miraculis</span> <span class='ocrx_word' id='word_1_218' title='bbox 1849 2899 2003 2968; x_wconf 90' lang='lat' dir='ltr'>post</span> <span class='ocrx_word' id='word_1_219' title='bbox 2052 2893 2393 2968; x_wconf 89' lang='lat' dir='ltr'>apostolos</span> <span class='ocrx_word' id='word_1_220' title='bbox 2444 2891 2876 2967; x_wconf 85' lang='lat' dir='ltr'>singulariter</span> <span class='ocrx_word' id='word_1_221' title='bbox 2924 2892 3257 2965; x_wconf 84' lang='lat' dir='ltr'>gloriosa,</span> <span class='ocrx_word' id='word_1_222' title='bbox 3289 2889 3379 2949; x_wconf 73' lang='lat' dir='ltr'>&#39;et</span> 
     </span>
     <span class='ocr_line' id='line_1_22' title="bbox 281 2995 3382 3074; baseline 0.001 -22"><span class='ocrx_word' id='word_1_223' title='bbox 281 2995 612 3053; x_wconf 82' lang='lat' dir='ltr'>virtutum</span> <span class='ocrx_word' id='word_1_224' title='bbox 638 2997 1182 3055; x_wconf 80' lang='lat' dir='ltr'>constantissima</span> <span class='ocrx_word' id='word_1_225' title='bbox 1200 2997 1604 3055; x_wconf 88' lang='lat' dir='ltr'>discretione</span> <span class='ocrx_word' id='word_1_226' title='bbox 1635 2995 1952 3055; x_wconf 85' lang='lat' dir='ltr'>imitanda</span> <span class='ocrx_word' id='word_1_227' title='bbox 1981 2996 2413 3074; x_wconf 88' lang='lat' dir='ltr'>resplenduit,</span> <span class='ocrx_word' id='word_1_228' title='bbox 2437 3013 2722 3072; x_wconf 87' lang='lat' dir='ltr'>quarum</span> <span class='ocrx_word' id='word_1_229' title='bbox 2751 2996 3048 3072; x_wconf 88' lang='lat' dir='ltr'>locuples</span> <span class='ocrx_word' id='word_1_230' title='bbox 3074 2995 3382 3070; x_wconf 83' lang='lat' dir='ltr'>exempla</span> 
     </span>
     <span class='ocr_line' id='line_1_23' title="bbox 282 3096 3384 3177; baseline 0 -20"><span class='ocrx_word' id='word_1_231' title='bbox 282 3100 547 3158; x_wconf 91' lang='lat' dir='ltr'>cunctis</span> <span class='ocrx_word' id='word_1_232' title='bbox 572 3096 895 3176; x_wconf 82' lang='lat' dir='ltr'>proficere</span> <span class='ocrx_word' id='word_1_233' title='bbox 923 3101 1300 3160; x_wconf 87' lang='lat' dir='ltr'>volentibus</span> <span class='ocrx_word' id='word_1_234' title='bbox 1328 3102 1702 3160; x_wconf 82' lang='lat' dir='ltr'>veneranda</span> <span class='ocrx_word' id='word_1_235' title='bbox 1729 3102 2138 3177; x_wconf 88' lang='lat' dir='ltr'>praeposuit:</span> <span class='ocrx_word' id='word_1_236' title='bbox 2172 3103 2252 3160; x_wconf 91' lang='lat' dir='ltr'>de</span> <span class='ocrx_word' id='word_1_237' title='bbox 2280 3101 2525 3177; x_wconf 87' lang='lat' dir='ltr'>quibus</span> <span class='ocrx_word' id='word_1_238' title='bbox 2555 3101 2817 3159; x_wconf 87' lang='lat' dir='ltr'>scilicet</span> <span class='ocrx_word' id='word_1_239' title='bbox 2842 3100 2988 3175; x_wconf 88' lang='lat' dir='ltr'>ejus</span> <span class='ocrx_word' id='word_1_240' title='bbox 3017 3099 3384 3158; x_wconf 85' lang='lat' dir='ltr'>virtutibus</span> 
     </span>
     <span class='ocr_line' id='line_1_24' title="bbox 282 3199 3385 3281; baseline 0.001 -21"><span class='ocrx_word' id='word_1_241' title='bbox 282 3203 443 3278; x_wconf 88' lang='lat' dir='ltr'>quia</span> <span class='ocrx_word' id='word_1_242' title='bbox 482 3203 546 3261; x_wconf 91' lang='lat' dir='ltr'>in</span> <span class='ocrx_word' id='word_1_243' title='bbox 581 3206 903 3279; x_wconf 91' lang='lat' dir='ltr'>opusculo</span> <span class='ocrx_word' id='word_1_244' title='bbox 940 3205 1115 3279; x_wconf 88' lang='lat' dir='ltr'>quod</span> <span class='ocrx_word' id='word_1_245' title='bbox 1152 3204 1218 3263; x_wconf 90' lang='lat' dir='ltr'>in</span> <span class='ocrx_word' id='word_1_246' title='bbox 1250 3204 1394 3280; x_wconf 90' lang='lat' dir='ltr'>ejus</span> <span class='ocrx_word' id='word_1_247' title='bbox 1433 3205 1625 3264; x_wconf 88' lang='lat' dir='ltr'>laude</span> <span class='ocrx_word' id='word_1_248' title='bbox 1663 3204 1941 3264; x_wconf 88' lang='lat' dir='ltr'>honesto</span> <span class='ocrx_word' id='word_1_249' title='bbox 1978 3205 2239 3280; x_wconf 85' lang='lat' dir='ltr'>rythmo</span> <span class='ocrx_word' id='word_1_250' title='bbox 2276 3204 2741 3279; x_wconf 86' lang='lat' dir='ltr'>composuisti,</span> <span class='ocrx_word' id='word_1_251' title='bbox 2777 3199 2824 3281; x_wconf 81' lang='lat'>⁵)</span> <span class='ocrx_word' id='word_1_252' title='bbox 2863 3209 3060 3278; x_wconf 91' lang='lat' dir='ltr'>prout</span> <span class='ocrx_word' id='word_1_253' title='bbox 3096 3202 3385 3262; x_wconf 85' lang='lat' dir='ltr'>facultas</span> 
     </span>
     <span class='ocr_line' id='line_1_25' title="bbox 286 3298 3384 3391; baseline -0 -26"><span class='ocrx_word' id='word_1_254' title='bbox 286 3308 442 3366; x_wconf 91' lang='lat' dir='ltr'>tulit</span> <span class='ocrx_word' id='word_1_255' title='bbox 488 3317 555 3366; x_wconf 86' lang='lat' dir='ltr'>et</span> <span class='ocrx_word' id='word_1_256' title='bbox 597 3310 862 3368; x_wconf 86' lang='lat' dir='ltr'>devotio</span> <span class='ocrx_word' id='word_1_257' title='bbox 907 3309 1102 3383; x_wconf 86' lang='lat' dir='ltr'>juvit,</span> <span class='ocrx_word' id='word_1_258' title='bbox 1155 3309 1364 3367; x_wconf 89' lang='lat' dir='ltr'>multa</span> <span class='ocrx_word' id='word_1_259' title='bbox 1412 3306 1672 3368; x_wconf 87' lang='lat' dir='ltr'>dixisti:</span> <span class='ocrx_word' id='word_1_260' title='bbox 1725 3313 1987 3385; x_wconf 87' lang='lat' dir='ltr'>oportet</span> <span class='ocrx_word' id='word_1_261' title='bbox 2036 3311 2235 3368; x_wconf 89' lang='lat' dir='ltr'>nimis</span> <span class='ocrx_word' id='word_1_262' title='bbox 2283 3312 2349 3368; x_wconf 91' lang='lat' dir='ltr'>et</span> <span class='ocrx_word' id='word_1_263' title='bbox 2397 3310 2683 3384; x_wconf 88' lang='lat' dir='ltr'>expedit,</span> <span class='ocrx_word' id='word_1_264' title='bbox 2722 3314 2793 3366; x_wconf 92' lang='lat' dir='ltr'>ut</span> <span class='ocrx_word' id='word_1_265' title='bbox 2827 3324 2978 3366; x_wconf 89' lang='lat' dir='ltr'>eum</span> <span class='ocrx_word' id='word_1_266' title='bbox 3028 3298 3384 3391; x_wconf 80' lang='lat' dir='ltr'>[imiteris]</span> 
     </span>
     <span class='ocr_line' id='line_1_26' title="bbox 282 3410 3385 3488; baseline -0.001 -16"><span class='ocrx_word' id='word_1_267' title='bbox 282 3428 486 3488; x_wconf 81' lang='lat' dir='ltr'>quem</span> <span class='ocrx_word' id='word_1_268' title='bbox 521 3412 753 3473; x_wconf 89' lang='lat' dir='ltr'>laudas</span> <span class='ocrx_word' id='word_1_269' title='bbox 805 3414 868 3472; x_wconf 90' lang='lat' dir='ltr'>in</span> <span class='ocrx_word' id='word_1_270' title='bbox 905 3414 1134 3487; x_wconf 80' lang='lat' dir='ltr'>terriS,</span> <span class='ocrx_word' id='word_1_271' title='bbox 1187 3428 1305 3471; x_wconf 90' lang='lat' dir='ltr'>nec</span> <span class='ocrx_word' id='word_1_272' title='bbox 1338 3413 1699 3471; x_wconf 84' lang='lat' dir='ltr'>contrariis</span> <span class='ocrx_word' id='word_1_273' title='bbox 1751 3413 2049 3472; x_wconf 89' lang='lat' dir='ltr'>moribus</span> <span class='ocrx_word' id='word_1_274' title='bbox 2084 3414 2431 3488; x_wconf 83' lang='lat' dir='ltr'>impugnes</span> <span class='ocrx_word' id='word_1_275' title='bbox 2466 3429 2663 3488; x_wconf 87' lang='lat' dir='ltr'>quem</span> <span class='ocrx_word' id='word_1_276' title='bbox 2716 3411 3079 3483; x_wconf 78' lang='lat' dir='ltr'>veneraris,</span> <span class='ocrx_word' id='word_1_277' title='bbox 3130 3427 3209 3468; x_wconf 92' lang='lat' dir='ltr'>ne</span> <span class='ocrx_word' id='word_1_278' title='bbox 3255 3410 3385 3470; x_wconf 85' lang='lat' dir='ltr'>sor-</span> 
     </span>
     <span class='ocr_line' id='line_1_27' title="bbox 288 3514 3386 3592; baseline -0.001 -17"><span class='ocrx_word' id='word_1_279' title='bbox 288 3523 379 3589; x_wconf 91' lang='lat' dir='ltr'>te,</span> <span class='ocrx_word' id='word_1_280' title='bbox 431 3517 607 3591; x_wconf 91' lang='lat' dir='ltr'>quod</span> <span class='ocrx_word' id='word_1_281' title='bbox 657 3517 856 3591; x_wconf 88' lang='lat' dir='ltr'>absit,</span> <span class='ocrx_word' id='word_1_282' title='bbox 908 3523 974 3576; x_wconf 90' lang='lat' dir='ltr'>et</span> <span class='ocrx_word' id='word_1_283' title='bbox 1024 3518 1134 3576; x_wconf 90' lang='lat' dir='ltr'>ille</span> <span class='ocrx_word' id='word_1_284' title='bbox 1187 3524 1248 3576; x_wconf 93' lang='lat' dir='ltr'>te</span> <span class='ocrx_word' id='word_1_285' title='bbox 1300 3523 1372 3576; x_wconf 91' lang='lat' dir='ltr'>ut</span> <span class='ocrx_word' id='word_1_286' title='bbox 1404 3517 1800 3592; x_wconf 80' lang='lat' dir='ltr'>degenerem</span> <span class='ocrx_word' id='word_1_287' title='bbox 1836 3516 2163 3592; x_wconf 90' lang='lat' dir='ltr'>repudiet,</span> <span class='ocrx_word' id='word_1_288' title='bbox 2216 3520 2281 3576; x_wconf 89' lang='lat' dir='ltr'>et</span> <span class='ocrx_word' id='word_1_289' title='bbox 2313 3533 2389 3575; x_wconf 92' lang='lat' dir='ltr'>os</span> <span class='ocrx_word' id='word_1_290' title='bbox 2424 3522 2610 3575; x_wconf 89' lang='lat' dir='ltr'>tuum</span> <span class='ocrx_word' id='word_1_291' title='bbox 2646 3518 2702 3575; x_wconf 89' lang='lat' dir='ltr'>si</span> <span class='ocrx_word' id='word_1_292' title='bbox 2739 3514 2917 3574; x_wconf 90' lang='lat' dir='ltr'>aliud</span> <span class='ocrx_word' id='word_1_293' title='bbox 2944 3531 3137 3590; x_wconf 78' lang='lat' dir='ltr'>agaS,</span> <span class='ocrx_word' id='word_1_294' title='bbox 3184 3531 3386 3591; x_wconf 87' lang='lat' dir='ltr'>quam</span> 
     </span>
     <span class='ocr_line' id='line_1_28' title="bbox 286 3620 3386 3697; baseline 0 -19"><span class='ocrx_word' id='word_1_295' title='bbox 286 3620 677 3696; x_wconf 84' lang='lat' dir='ltr'>praedicaS,</span> <span class='ocrx_word' id='word_1_296' title='bbox 730 3624 794 3681; x_wconf 89' lang='lat' dir='ltr'>te</span> <span class='ocrx_word' id='word_1_297' title='bbox 829 3622 1242 3682; x_wconf 89' lang='lat' dir='ltr'>condemnet.</span> <span class='ocrx_word' id='word_1_298' title='bbox 1296 3623 1517 3697; x_wconf 89' lang='lat' dir='ltr'>Ipsius</span> <span class='ocrx_word' id='word_1_299' title='bbox 1557 3622 1780 3697; x_wconf 89' lang='lat' dir='ltr'>itaque</span> <span class='ocrx_word' id='word_1_300' title='bbox 1829 3627 1895 3681; x_wconf 93' lang='lat' dir='ltr'>et</span> <span class='ocrx_word' id='word_1_301' title='bbox 1939 3622 2265 3697; x_wconf 87' lang='lat' dir='ltr'>exemplis</span> <span class='ocrx_word' id='word_1_302' title='bbox 2314 3621 2662 3680; x_wconf 83' lang='lat' dir='ltr'>informari</span> <span class='ocrx_word' id='word_1_303' title='bbox 2695 3636 3001 3695; x_wconf 85' lang='lat' dir='ltr'>exposce,</span> <span class='ocrx_word' id='word_1_304' title='bbox 3041 3625 3111 3679; x_wconf 90' lang='lat' dir='ltr'>ut</span> <span class='ocrx_word' id='word_1_305' title='bbox 3145 3625 3211 3678; x_wconf 90' lang='lat' dir='ltr'>et</span> <span class='ocrx_word' id='word_1_306' title='bbox 3246 3620 3386 3679; x_wconf 89' lang='lat' dir='ltr'>lau-</span> 
     </span>
     <span class='ocr_line' id='line_1_29' title="bbox 286 3727 3419 3805; baseline -0.001 -20"><span class='ocrx_word' id='word_1_307' title='bbox 286 3728 470 3787; x_wconf 86' lang='lat' dir='ltr'>datio</span> <span class='ocrx_word' id='word_1_308' title='bbox 521 3735 635 3789; x_wconf 88' lang='lat' dir='ltr'>tua</span> <span class='ocrx_word' id='word_1_309' title='bbox 669 3730 731 3788; x_wconf 91' lang='lat' dir='ltr'>ei</span> <span class='ocrx_word' id='word_1_310' title='bbox 780 3737 974 3804; x_wconf 82' lang='lat' dir='ltr'>grata</span> <span class='ocrx_word' id='word_1_311' title='bbox 1008 3729 1348 3803; x_wconf 86' lang='lat' dir='ltr'>reddatur,</span> <span class='ocrx_word' id='word_1_312' title='bbox 1399 3735 1467 3788; x_wconf 90' lang='lat' dir='ltr'>et</span> <span class='ocrx_word' id='word_1_313' title='bbox 1503 3729 1647 3805; x_wconf 93' lang='lat' dir='ltr'>ipso</span> <span class='ocrx_word' id='word_1_314' title='bbox 1697 3729 2119 3789; x_wconf 85' lang='lat' dir='ltr'>devotionern</span> <span class='ocrx_word' id='word_1_315' title='bbox 2156 3735 2336 3788; x_wconf 88' lang='lat' dir='ltr'>tuam</span> <span class='ocrx_word' id='word_1_316' title='bbox 2390 3728 2452 3788; x_wconf 93' lang='lat' dir='ltr'>in</span> <span class='ocrx_word' id='word_1_317' title='bbox 2489 3730 2704 3788; x_wconf 90' lang='lat' dir='ltr'>sinum</span> <span class='ocrx_word' id='word_1_318' title='bbox 2742 3735 2928 3788; x_wconf 91' lang='lat' dir='ltr'>tuum</span> <span class='ocrx_word' id='word_1_319' title='bbox 2967 3727 3381 3797; x_wconf 85' lang='lat' dir='ltr'>refundente,</span> <span class='ocrx_word' id='word_1_320' title='bbox 3416 3782 3419 3783; x_wconf 9' lang='lat' dir='ltr'>a</span> 
     </span>
    </p>
   </div>
   <div class='ocr_carea' id='block_1_6' title="bbox 287 3828 3483 3908">
    <p class='ocr_par' dir='ltr' id='par_1_6' title="bbox 287 3828 3483 3908">
     <span class='ocr_line' id='line_1_30' title="bbox 287 3828 3483 3908; baseline -0.001 -19"><span class='ocrx_word' id='word_1_321' title='bbox 287 3832 522 3891; x_wconf 88' lang='lat' dir='ltr'>sedula</span> <span class='ocrx_word' id='word_1_322' title='bbox 573 3838 638 3891; x_wconf 89' lang='lat' dir='ltr'>te</span> <span class='ocrx_word' id='word_1_323' title='bbox 672 3849 939 3907; x_wconf 88' lang='lat' dir='ltr'>semper</span> <span class='ocrx_word' id='word_1_324' title='bbox 984 3834 1397 3908; x_wconf 91' lang='lat' dir='ltr'>protectione</span> <span class='ocrx_word' id='word_1_325' title='bbox 1433 3835 1718 3892; x_wconf 90' lang='lat' dir='ltr'>tueatur.</span> <span class='ocrx_word' id='word_1_326' title='bbox 1769 3833 1851 3892; x_wconf 92' lang='lat' dir='ltr'>Ut</span> <span class='ocrx_word' id='word_1_327' title='bbox 1885 3839 2107 3891; x_wconf 88' lang='lat' dir='ltr'>autem</span> <span class='ocrx_word' id='word_1_328' title='bbox 2161 3834 2295 3890; x_wconf 91' lang='lat' dir='ltr'>tam</span> <span class='ocrx_word' id='word_1_329' title='bbox 2334 3832 2397 3889; x_wconf 94' lang='lat' dir='ltr'>in</span> <span class='ocrx_word' id='word_1_330' title='bbox 2430 3832 2929 3890; x_wconf 87' lang='lat' dir='ltr'>venerationem</span> <span class='ocrx_word' id='word_1_331' title='bbox 2962 3846 3162 3905; x_wconf 85' lang='lat' dir='ltr'>quarn</span> <span class='ocrx_word' id='word_1_332' title='bbox 3196 3837 3265 3887; x_wconf 88' lang='lat' dir='ltr'>et</span> <span class='ocrx_word' id='word_1_333' title='bbox 3299 3828 3383 3887; x_wconf 84' lang='lat' dir='ltr'>ad</span> <span class='ocrx_word' id='word_1_334' title='bbox 3478 3836 3483 3841; x_wconf 78' lang='grc'><strong><em>’</em></strong></span> 
     </span>
    </p>
   </div>
   <div class='ocr_carea' id='block_1_7' title="bbox 288 3932 3391 4533">
    <p class='ocr_par' dir='ltr' id='par_1_7' title="bbox 288 3932 3391 4533">
     <span class='ocr_line' id='line_1_31' title="bbox 288 3932 3382 4012; baseline -0.001 -20"><span class='ocrx_word' id='word_1_335' title='bbox 288 3936 801 3995; x_wconf 89' lang='lat' dir='ltr'>aemulationem</span> <span class='ocrx_word' id='word_1_336' title='bbox 839 3934 984 4011; x_wconf 89' lang='lat' dir='ltr'>ejus</span> <span class='ocrx_word' id='word_1_337' title='bbox 1019 3937 1416 4012; x_wconf 87' lang='lat' dir='ltr'>propensius</span> <span class='ocrx_word' id='word_1_338' title='bbox 1450 3936 1863 4008; x_wconf 83' lang='lat' dir='ltr'>accendariS,</span> <span class='ocrx_word' id='word_1_339' title='bbox 1901 3952 1979 3995; x_wconf 89' lang='lat' dir='ltr'>ea</span> <span class='ocrx_word' id='word_1_340' title='bbox 2012 3951 2184 4011; x_wconf 87' lang='lat' dir='ltr'>quae</span> <span class='ocrx_word' id='word_1_341' title='bbox 2217 3934 2297 3994; x_wconf 91' lang='lat' dir='ltr'>de</span> <span class='ocrx_word' id='word_1_342' title='bbox 2331 3935 2724 3994; x_wconf 81' lang='lat' dir='ltr'>excellentia</span> <span class='ocrx_word' id='word_1_343' title='bbox 2757 3933 3137 3992; x_wconf 82' lang='lat' dir='ltr'>sanctitatis</span> <span class='ocrx_word' id='word_1_344' title='bbox 3170 3932 3382 4007; x_wconf 86' lang='lat' dir='ltr'>ipsius</span> 
     </span>
     <span class='ocr_line' id='line_1_32' title="bbox 290 4034 3380 4116; baseline -0 -20"><span class='ocrx_word' id='word_1_345' title='bbox 290 4039 673 4113; x_wconf 84' lang='lat' dir='ltr'>indignitati</span> <span class='ocrx_word' id='word_1_346' title='bbox 714 4057 896 4115; x_wconf 81' lang='lat' dir='ltr'>meae</span> <span class='ocrx_word' id='word_1_347' title='bbox 928 4041 1154 4100; x_wconf 89' lang='lat' dir='ltr'>divina</span> <span class='ocrx_word' id='word_1_348' title='bbox 1191 4042 1467 4116; x_wconf 85' lang='lat' dir='ltr'>largitas</span> <span class='ocrx_word' id='word_1_349' title='bbox 1519 4042 1582 4099; x_wconf 91' lang='lat' dir='ltr'>in</span> <span class='ocrx_word' id='word_1_350' title='bbox 1617 4040 1865 4099; x_wconf 87' lang='lat' dir='ltr'>lumine</span> <span class='ocrx_word' id='word_1_351' title='bbox 1901 4040 2208 4108; x_wconf 82' lang='lat' dir='ltr'>visioniS,</span> <span class='ocrx_word' id='word_1_352' title='bbox 2261 4039 2433 4113; x_wconf 87' lang='lat' dir='ltr'>quod</span> <span class='ocrx_word' id='word_1_353' title='bbox 2471 4040 2554 4097; x_wconf 91' lang='lat' dir='ltr'>ab</span> <span class='ocrx_word' id='word_1_354' title='bbox 2592 4039 2778 4097; x_wconf 87' lang='lat' dir='ltr'>initio</span> <span class='ocrx_word' id='word_1_355' title='bbox 2812 4034 2860 4115; x_wconf 81' lang='lat'>⁶)</span> <span class='ocrx_word' id='word_1_356' title='bbox 2898 4038 3156 4097; x_wconf 88' lang='lat' dir='ltr'>animae</span> <span class='ocrx_word' id='word_1_357' title='bbox 3192 4052 3380 4096; x_wconf 80' lang='lat' dir='ltr'>meae</span> 
     </span>
     <span class='ocr_line' id='line_1_33' title="bbox 295 4142 3383 4219; baseline -0.001 -18"><span class='ocrx_word' id='word_1_358' title='bbox 295 4144 568 4217; x_wconf 82' lang='lat' dir='ltr'>infudit,</span> <span class='ocrx_word' id='word_1_359' title='bbox 625 4146 923 4205; x_wconf 87' lang='lat' dir='ltr'>revelare</span> <span class='ocrx_word' id='word_1_360' title='bbox 958 4145 1228 4219; x_wconf 86' lang='lat' dir='ltr'>dignata</span> <span class='ocrx_word' id='word_1_361' title='bbox 1263 4151 1389 4218; x_wconf 89' lang='lat' dir='ltr'>est,</span> <span class='ocrx_word' id='word_1_362' title='bbox 1427 4161 1576 4202; x_wconf 82' lang='lat' dir='ltr'>curn</span> <span class='ocrx_word' id='word_1_363' title='bbox 1614 4162 1649 4201; x_wconf 90' lang='lat' dir='ltr'>a</span> <span class='ocrx_word' id='word_1_364' title='bbox 1687 4143 1974 4219; x_wconf 89' lang='lat' dir='ltr'>quodam</span> <span class='ocrx_word' id='word_1_365' title='bbox 2007 4142 2124 4201; x_wconf 89' lang='lat' dir='ltr'>Dei</span> <span class='ocrx_word' id='word_1_366' title='bbox 2159 4159 2379 4214; x_wconf 84' lang='lat' dir='ltr'>servo,</span> <span class='ocrx_word' id='word_1_367' title='bbox 2419 4143 2528 4217; x_wconf 87' lang='lat' dir='ltr'>qui</span> <span class='ocrx_word' id='word_1_368' title='bbox 2566 4142 2875 4200; x_wconf 88' lang='lat' dir='ltr'>eumdem</span> <span class='ocrx_word' id='word_1_369' title='bbox 2911 4142 3179 4200; x_wconf 87' lang='lat' dir='ltr'>beatum</span> <span class='ocrx_word' id='word_1_370' title='bbox 3214 4142 3383 4200; x_wconf 89' lang='lat' dir='ltr'>Mar-</span> 
     </span>
     <span class='ocr_line' id='line_1_34' title="bbox 294 4244 3386 4322; baseline -0.002 -17"><span class='ocrx_word' id='word_1_371' title='bbox 294 4249 505 4306; x_wconf 91' lang='lat' dir='ltr'>tinum</span> <span class='ocrx_word' id='word_1_372' title='bbox 537 4265 665 4307; x_wconf 90' lang='lat' dir='ltr'>non</span> <span class='ocrx_word' id='word_1_373' title='bbox 701 4249 920 4307; x_wconf 85' lang='lat' dir='ltr'>minus</span> <span class='ocrx_word' id='word_1_374' title='bbox 972 4252 1033 4307; x_wconf 89' lang='lat' dir='ltr'>te</span> <span class='ocrx_word' id='word_1_375' title='bbox 1067 4249 1307 4322; x_wconf 89' lang='lat' dir='ltr'>diligit,</span> <span class='ocrx_word' id='word_1_376' title='bbox 1356 4254 1609 4320; x_wconf 81' lang='lat' dir='ltr'>rogata,</span> <span class='ocrx_word' id='word_1_377' title='bbox 1650 4247 1899 4306; x_wconf 86' lang='lat' dir='ltr'>Christi</span> <span class='ocrx_word' id='word_1_378' title='bbox 1951 4263 2153 4320; x_wconf 87' lang='lat' dir='ltr'>super</span> <span class='ocrx_word' id='word_1_379' title='bbox 2202 4245 2325 4304; x_wconf 86' lang='lat' dir='ltr'>hoc</span> <span class='ocrx_word' id='word_1_380' title='bbox 2374 4246 2656 4319; x_wconf 87' lang='lat' dir='ltr'>gratiam</span> <span class='ocrx_word' id='word_1_381' title='bbox 2697 4245 3024 4303; x_wconf 77' lang='lat' dir='ltr'>instanter</span> <span class='ocrx_word' id='word_1_382' title='bbox 3070 4244 3386 4318; x_wconf 86' lang='lat' dir='ltr'>depreca-</span> 
     </span>
     <span class='ocr_line' id='line_1_35' title="bbox 294 4348 3391 4427; baseline -0.001 -18"><span class='ocrx_word' id='word_1_383' title='bbox 294 4366 425 4423; x_wconf 89' lang='lat' dir='ltr'>rer,</span> <span class='ocrx_word' id='word_1_384' title='bbox 479 4368 609 4427; x_wconf 90' lang='lat' dir='ltr'>quo</span> <span class='ocrx_word' id='word_1_385' title='bbox 643 4353 828 4427; x_wconf 91' lang='lat' dir='ltr'>potui</span> <span class='ocrx_word' id='word_1_386' title='bbox 879 4352 1140 4427; x_wconf 88' lang='lat' dir='ltr'>adnisu,</span> <span class='ocrx_word' id='word_1_387' title='bbox 1180 4352 1508 4411; x_wconf 87' lang='lat' dir='ltr'>sermonis</span> <span class='ocrx_word' id='word_1_388' title='bbox 1542 4366 1883 4426; x_wconf 89' lang='lat' dir='ltr'>expressa,</span> <span class='ocrx_word' id='word_1_389' title='bbox 1923 4349 2043 4408; x_wconf 91' lang='lat' dir='ltr'>tibi</span> <span class='ocrx_word' id='word_1_390' title='bbox 2080 4350 2292 4423; x_wconf 89' lang='lat' dir='ltr'>primo</span> <span class='ocrx_word' id='word_1_391' title='bbox 2330 4349 2603 4423; x_wconf 86' lang='lat' dir='ltr'>legenda</span> <span class='ocrx_word' id='word_1_392' title='bbox 2637 4354 2702 4407; x_wconf 90' lang='lat' dir='ltr'>et</span> <span class='ocrx_word' id='word_1_393' title='bbox 2738 4348 3130 4423; x_wconf 82' lang='lat' dir='ltr'>corrigenda</span> <span class='ocrx_word' id='word_1_394' title='bbox 3164 4353 3391 4407; x_wconf 88' lang='lat' dir='ltr'>osten-</span> 
     </span>
     <span class='ocr_line' id='line_1_36' title="bbox 292 4448 3385 4533; baseline -0.003 -18"><span class='ocrx_word' id='word_1_395' title='bbox 292 4456 452 4515; x_wconf 88' lang='lat' dir='ltr'>dere</span> <span class='ocrx_word' id='word_1_396' title='bbox 499 4457 840 4533; x_wconf 89' lang='lat' dir='ltr'>proposui.</span> <span class='ocrx_word' id='word_1_397' title='bbox 892 4457 964 4516; x_wconf 93' lang='lat' dir='ltr'>In</span> <span class='ocrx_word' id='word_1_398' title='bbox 1012 4473 1294 4532; x_wconf 86' lang='lat' dir='ltr'>quorum</span> <span class='ocrx_word' id='word_1_399' title='bbox 1346 4455 1760 4514; x_wconf 88' lang='lat' dir='ltr'>correctione</span> <span class='ocrx_word' id='word_1_400' title='bbox 1812 4453 1911 4511; x_wconf 86' lang='lat' dir='ltr'>sic</span> <span class='ocrx_word' id='word_1_401' title='bbox 1959 4458 2025 4511; x_wconf 83' lang='lat' dir='ltr'>et</span> <span class='ocrx_word' id='word_1_402' title='bbox 2075 4458 2493 4511; x_wconf 86' lang='lat' dir='ltr'>caeterorum</span> <span class='ocrx_word' id='word_1_403' title='bbox 2546 4451 2608 4510; x_wconf 93' lang='lat' dir='ltr'>in</span> <span class='ocrx_word' id='word_1_404' title='bbox 2657 4451 2902 4525; x_wconf 89' lang='lat' dir='ltr'>quibus</span> <span class='ocrx_word' id='word_1_405' title='bbox 2950 4448 3385 4508; x_wconf 81' lang='lat' dir='ltr'>emendandis</span> 
     </span>
    </p>
   </div>
   <div class='ocr_carea' id='block_1_8' title="bbox 299 4697 3391 5200">
    <p class='ocr_par' dir='ltr' id='par_1_8' title="bbox 299 4697 3391 5200">
     <span class='ocr_line' id='line_1_37' title="bbox 371 4697 3386 4780; baseline -0.003 -18"><span class='ocrx_word' id='word_1_406' title='bbox 371 4707 416 4772; x_wconf 89' lang='lat'>¹)</span> <span class='ocrx_word' id='word_1_407' title='bbox 443 4706 649 4763; x_wconf 84' lang='lat' dir='ltr'>Matth.</span> <span class='ocrx_word' id='word_1_408' title='bbox 693 4707 796 4770; x_wconf 88' lang='lat' dir='ltr'>lv,</span> <span class='ocrx_word' id='word_1_409' title='bbox 843 4711 924 4763; x_wconf 83' lang='lat'>¹9.</span> <span class='ocrx_word' id='word_1_410' title='bbox 956 4737 1024 4747; x_wconf 88' lang='lat'>-·-</span> <span class='ocrx_word' id='word_1_411' title='bbox 1047 4708 1093 4772; x_wconf 72' lang='grc'>2)</span> <span class='ocrx_word' id='word_1_412' title='bbox 1120 4706 1358 4780; x_wconf 79' lang='lat' dir='ltr'>quolibet</span> <span class='ocrx_word' id='word_1_413' title='bbox 1381 4709 1682 4762; x_wconf 70' lang='lat' dir='ltr'>austeriore</span> <span class='ocrx_word' id='word_1_414' title='bbox 1710 4697 1796 4761; x_wconf 63' lang='lat' dir='ltr'>&#39;ve-</span> <span class='ocrx_word' id='word_1_415' title='bbox 1887 4703 2139 4775; x_wconf 76' lang='lat' dir='ltr'>psimuS,</span> <span class='ocrx_word' id='word_1_416' title='bbox 2194 4703 2399 4772; x_wconf 85' lang='lat' dir='ltr'>partim</span> <span class='ocrx_word' id='word_1_417' title='bbox 2451 4701 2808 4775; x_wconf 84' lang='lat' dir='ltr'>in-proxima</span> <span class='ocrx_word' id='word_1_418' title='bbox 2856 4701 3163 4773; x_wconf 82' lang='lat' dir='ltr'>appendice</span> <span class='ocrx_word' id='word_1_419' title='bbox 3207 4697 3386 4770; x_wconf 71' lang='lat' dir='ltr'>subii-</span> 
     </span>
     <span class='ocr_line' id='line_1_38' title="bbox 303 4783 3389 4864; baseline -0.003 -16"><span class='ocrx_word' id='word_1_420' title='bbox 303 4811 372 4848; x_wconf 80' lang='lat' dir='ltr'>ra</span> <span class='ocrx_word' id='word_1_421' title='bbox 396 4799 549 4848; x_wconf 76' lang='lat' dir='ltr'>vento</span> <span class='ocrx_word' id='word_1_422' title='bbox 575 4795 741 4864; x_wconf 76' lang='lat' dir='ltr'>flante</span> <span class='ocrx_word' id='word_1_423' title='bbox 778 4792 859 4847; x_wconf 85' lang='lat' dir='ltr'>sic</span> <span class='ocrx_word' id='word_1_424' title='bbox 897 4792 1020 4849; x_wconf 90' lang='lat' dir='ltr'>cod.</span> <span class='ocrx_word' id='word_1_425' title='bbox 1051 4824 1116 4833; x_wconf 94' lang='lat'>—</span> <span class='ocrx_word' id='word_1_426' title='bbox 1139 4792 1183 4857; x_wconf 76' lang='lat'>³)</span> <span class='ocrx_word' id='word_1_427' title='bbox 1219 4795 1594 4849; x_wconf 74' lang='lat' dir='ltr'>misericordia</span> <span class='ocrx_word' id='word_1_428' title='bbox 1622 4791 1698 4847; x_wconf 86' lang='lat' dir='ltr'>id.</span> <span class='ocrx_word' id='word_1_429' title='bbox 1729 4822 1797 4832; x_wconf 91' lang='lat'>--</span> <span class='ocrx_word' id='word_1_430' title='bbox 1887 4789 2141 4844; x_wconf 86' lang='lat' dir='ltr'>ciuntur.</span> <span class='ocrx_word' id='word_1_431' title='bbox 2187 4788 2294 4843; x_wconf 88' lang='lat' dir='ltr'>Sed</span> <span class='ocrx_word' id='word_1_432' title='bbox 2336 4787 2555 4859; x_wconf 86' lang='lat' dir='ltr'>lepidus</span> <span class='ocrx_word' id='word_1_433' title='bbox 2593 4791 2679 4841; x_wconf 83' lang='lat' dir='ltr'>est</span> <span class='ocrx_word' id='word_1_434' title='bbox 2703 4786 3037 4848; x_wconf 85' lang='lat' dir='ltr'>Guibertns‚</span> <span class='ocrx_word' id='word_1_435' title='bbox 3066 4785 3199 4839; x_wconf 90' lang='lat' dir='ltr'>dum</span> <span class='ocrx_word' id='word_1_436' title='bbox 3230 4783 3287 4838; x_wconf 88' lang='lat' dir='ltr'>in</span> <span class='ocrx_word' id='word_1_437' title='bbox 3322 4798 3389 4839; x_wconf 70' lang='lat' dir='ltr'>os</span> 
     </span>
     <span class='ocr_line' id='line_1_39' title="bbox 299 4870 3384 4949; baseline -0.003 -16"><span class='ocrx_word' id='word_1_438' title='bbox 299 4879 345 4941; x_wconf 80' lang='lat'>⁴)</span> <span class='ocrx_word' id='word_1_439' title='bbox 370 4884 421 4933; x_wconf 74' lang='lat' dir='ltr'>et</span> <span class='ocrx_word' id='word_1_440' title='bbox 445 4884 505 4932; x_wconf 74' lang='lat' dir='ltr'>ut</span> <span class='ocrx_word' id='word_1_441' title='bbox 528 4884 820 4949; x_wconf 75' lang='lat' dir='ltr'>reputatur</span> <span class='ocrx_word' id='word_1_442' title='bbox 842 4876 917 4932; x_wconf 90' lang='lat' dir='ltr'>id.</span> <span class='ocrx_word' id='word_1_443' title='bbox 943 4905 1008 4915; x_wconf 90' lang='lat'>—</span> <span class='ocrx_word' id='word_1_444' title='bbox 1032 4907 1097 4916; x_wconf 87' lang='lat'>·--</span> <span class='ocrx_word' id='word_1_445' title='bbox 1122 4879 1165 4941; x_wconf 86' lang='lat'>⁵)</span> <span class='ocrx_word' id='word_1_446' title='bbox 1189 4877 1386 4931; x_wconf 82' lang='lat' dir='ltr'>Exstat</span> <span class='ocrx_word' id='word_1_447' title='bbox 1410 4875 1467 4931; x_wconf 91' lang='lat' dir='ltr'>in</span> <span class='ocrx_word' id='word_1_448' title='bbox 1494 4877 1685 4931; x_wconf 85' lang='lat' dir='ltr'>eodem</span> <span class='ocrx_word' id='word_1_449' title='bbox 1709 4894 1799 4932; x_wconf 85' lang='lat' dir='ltr'>co·</span> <span class='ocrx_word' id='word_1_450' title='bbox 1885 4874 2250 4943; x_wconf 81' lang='lat' dir='ltr'>Hildegardis</span> <span class='ocrx_word' id='word_1_451' title='bbox 2288 4890 2516 4930; x_wconf 86' lang='lat' dir='ltr'>suorum</span> <span class='ocrx_word' id='word_1_452' title='bbox 2561 4874 2966 4930; x_wconf 83' lang='lat' dir='ltr'>versiculorum</span> <span class='ocrx_word' id='word_1_453' title='bbox 3008 4873 3199 4927; x_wconf 79' lang='lat' dir='ltr'>laudes</span> <span class='ocrx_word' id='word_1_454' title='bbox 3240 4870 3384 4925; x_wconf 83' lang='lat' dir='ltr'>inse-</span> 
     </span>
     <span class='ocr_line' id='line_1_40' title="bbox 301 4958 3386 5032; baseline -0.003 -17"><span class='ocrx_word' id='word_1_455' title='bbox 301 4962 428 5017; x_wconf 85' lang='lat' dir='ltr'>dice</span> <span class='ocrx_word' id='word_1_456' title='bbox 458 4961 492 5017; x_wconf 83' lang='lat' dir='ltr'>l&#39;.</span> <span class='ocrx_word' id='word_1_457' title='bbox 525 4966 613 5023; x_wconf 81' lang='lat'>62,</span> <span class='ocrx_word' id='word_1_458' title='bbox 638 4963 900 5032; x_wconf 76' lang='lat' dir='ltr'>rythmus</span> <span class='ocrx_word' id='word_1_459' title='bbox 923 4961 1040 5022; x_wconf 71' lang='lat' dir='ltr'>ilie,</span> <span class='ocrx_word' id='word_1_460' title='bbox 1063 4976 1229 5030; x_wconf 82' lang='lat' dir='ltr'>quem</span> <span class='ocrx_word' id='word_1_461' title='bbox 1253 4961 1388 5016; x_wconf 88' lang='lat' dir='ltr'>olim</span> <span class='ocrx_word' id='word_1_462' title='bbox 1419 4961 1681 5016; x_wconf 77' lang='lat' dir='ltr'>manibus</span> <span class='ocrx_word' id='word_1_463' title='bbox 1706 4979 1799 5017; x_wconf 89' lang='lat' dir='ltr'>no·</span> <span class='ocrx_word' id='word_1_464' title='bbox 1891 4961 1988 5017; x_wconf 86' lang='lat' dir='ltr'>rit.</span> <span class='ocrx_word' id='word_1_465' title='bbox 2021 4993 2086 5001; x_wconf 89' lang='lat'>--·</span> <span class='ocrx_word' id='word_1_466' title='bbox 2107 4962 2153 5024; x_wconf 83' lang='lat'>⁶)</span> <span class='ocrx_word' id='word_1_467' title='bbox 2183 4959 2264 5016; x_wconf 84' lang='lat' dir='ltr'>cf.</span> <span class='ocrx_word' id='word_1_468' title='bbox 2298 4976 2462 5031; x_wconf 81' lang='lat' dir='ltr'>supra</span> <span class='ocrx_word' id='word_1_469' title='bbox 2500 4974 2654 5015; x_wconf 88' lang='lat' dir='ltr'>num.</span> <span class='ocrx_word' id='word_1_470' title='bbox 2680 4959 2839 5013; x_wconf 82' lang='lat' dir='ltr'>xm.</span> <span class='ocrx_word' id='word_1_471' title='bbox 2866 4958 2971 5014; x_wconf 82' lang='lat' dir='ltr'>Sed</span> <span class='ocrx_word' id='word_1_472' title='bbox 2998 4962 3054 5012; x_wconf 82' lang='lat' dir='ltr'>et</span> <span class='ocrx_word' id='word_1_473' title='bbox 3084 4962 3212 5009; x_wconf 86' lang='lat' dir='ltr'>nota</span> <span class='ocrx_word' id='word_1_474' title='bbox 3244 4960 3386 5008; x_wconf 84' lang='lat' dir='ltr'>tem-</span> 
     </span>
     <span class='ocr_line' id='line_1_41' title="bbox 306 5045 3391 5118; baseline -0.003 -16"><span class='ocrx_word' id='word_1_475' title='bbox 306 5047 440 5102; x_wconf 84' lang='lat' dir='ltr'>stris</span> <span class='ocrx_word' id='word_1_476' title='bbox 477 5045 812 5117; x_wconf 56' lang='lat' dir='ltr'>evolvimus,</span> <span class='ocrx_word' id='word_1_477' title='bbox 858 5046 1002 5099; x_wconf 81' lang='lat' dir='ltr'>baud</span> <span class='ocrx_word' id='word_1_478' title='bbox 1044 5045 1165 5100; x_wconf 87' lang='lat' dir='ltr'>sine</span> <span class='ocrx_word' id='word_1_479' title='bbox 1203 5045 1499 5101; x_wconf 84' lang='lat' dir='ltr'>desiderio.</span> <span class='ocrx_word' id='word_1_480' title='bbox 1535 5045 1579 5100; x_wconf 90' lang='lat' dir='ltr'>si</span> <span class='ocrx_word' id='word_1_481' title='bbox 1612 5046 1802 5102; x_wconf 84' lang='lat' dir='ltr'>licuis-</span> <span class='ocrx_word' id='word_1_482' title='bbox 1896 5065 2000 5118; x_wconf 87' lang='lat' dir='ltr'>pus</span> <span class='ocrx_word' id='word_1_483' title='bbox 2041 5046 2280 5102; x_wconf 76' lang='lat' dir='ltr'>visionis</span> <span class='ocrx_word' id='word_1_484' title='bbox 2318 5047 2388 5100; x_wconf 79' lang='lat' dir='ltr'>ab</span> <span class='ocrx_word' id='word_1_485' title='bbox 2428 5049 2598 5100; x_wconf 80' lang='lat' dir='ltr'>initio</span> <span class='ocrx_word' id='word_1_486' title='bbox 2637 5050 2913 5115; x_wconf 67' lang='lat' dir='ltr'>receptae,</span> <span class='ocrx_word' id='word_1_487' title='bbox 2953 5049 3008 5098; x_wconf 85' lang='lat' dir='ltr'>et</span> <span class='ocrx_word' id='word_1_488' title='bbox 3046 5057 3249 5112; x_wconf 74' lang='lat' dir='ltr'>quaere</span> <span class='ocrx_word' id='word_1_489' title='bbox 3277 5054 3391 5095; x_wconf 82' lang='lat' dir='ltr'>ser-</span> 
     </span>
     <span class='ocr_line' id='line_1_42' title="bbox 306 5129 2853 5200; baseline -0.002 -14"><span class='ocrx_word' id='word_1_490' title='bbox 306 5138 415 5193; x_wconf 83' lang='lat' dir='ltr'>sct,</span> <span class='ocrx_word' id='word_1_491' title='bbox 444 5147 569 5187; x_wconf 83' lang='lat' dir='ltr'>eum</span> <span class='ocrx_word' id='word_1_492' title='bbox 600 5131 955 5187; x_wconf 77' lang='lat' dir='ltr'>describendi</span> <span class='ocrx_word' id='word_1_493' title='bbox 984 5136 1184 5185; x_wconf 88' lang='lat' dir='ltr'>totum.</span> <span class='ocrx_word' id='word_1_494' title='bbox 1209 5130 1364 5196; x_wconf 81' lang='lat' dir='ltr'>Quae</span> <span class='ocrx_word' id='word_1_495' title='bbox 1389 5129 1593 5200; x_wconf 80' lang='lat' dir='ltr'>raptim</span> <span class='ocrx_word' id='word_1_496' title='bbox 1617 5147 1806 5186; x_wconf 82' lang='lat' dir='ltr'>execr-</span> <span class='ocrx_word' id='word_1_497' title='bbox 1905 5146 2036 5185; x_wconf 69' lang='lat' dir='ltr'>vum</span> <span class='ocrx_word' id='word_1_498' title='bbox 2070 5132 2232 5185; x_wconf 84' lang='lat' dir='ltr'>illum</span> <span class='ocrx_word' id='word_1_499' title='bbox 2262 5130 2386 5192; x_wconf 83' lang='lat' dir='ltr'>Dei,</span> <span class='ocrx_word' id='word_1_500' title='bbox 2417 5129 2455 5187; x_wconf 83' lang='lat' dir='ltr'>s.</span> <span class='ocrx_word' id='word_1_501' title='bbox 2487 5129 2853 5191; x_wconf 60' lang='lat' dir='ltr'>&amp;nibet-tum,</span> 
     </span>
    </p>
   </div>
  </div>
 </body>
</html>
