4036 6117
1213 513 1452 559 Lmen
1501 513 1703 557 vrrAE
1752 511 2248 557 mnnironuiu.
2302 514 2357 556 P.
2410 511 2499 556 ιν.
3200 497 3330 558 ’169

314 648 478 706 rum,
507 648 677 709 quas
700 625 746 710 ¹)
786 632 849 690 in
884 630 1193 691 omnibus
1229 631 1425 690 malis
1465 629 1732 704 habent,
1773 629 1965 689 fortis
1997 634 2065 688 et
2101 628 2507 688 invincibilis
2541 627 2712 686 idem
2750 627 2931 687 zelus
2965 627 3082 686 Dei
3110 635 3235 704 est,
3274 646 3394 690 nec

317 736 437 810 ipsi
472 735 790 794 resistere
824 734 1167 805 valebunt,
1197 735 1354 811 quia
1389 734 1498 793 lux
1533 733 1842 793 tenebras
1873 733 2229 810 opprimet,
2259 747 2337 792 ac
2362 748 2441 792 ea
2468 746 2639 807 quae
2664 730 2836 791 bona
2870 738 3047 805 sunt,
3077 733 3251 794 mala
3285 734 3397 793 de-

316 843 592 914 struent,
630 840 941 915 quoniam
979 839 1202 899 omnia
1237 838 1371 898 Deo
1406 838 1709 914 subjecta
1743 840 1915 897 sunt.

1778 1056 1913 1119 XL.

1166 1256 1630 1315 Poenitentem
1680 1252 1860 1312 zelus
1911 1253 2033 1312 Dei
2080 1254 2305 1311 minus
2350 1254 2533 1329 ferit.

394 1461 498 1520 52.
551 1461 717 1521 Cum
752 1461 973 1520 autem
1008 1459 1205 1520 homo
1240 1475 1313 1519 se
1350 1460 1567 1534 ipsum
1602 1475 1721 1535 pro
1755 1459 2053 1535 peccatis
2087 1458 2230 1519 suis
2264 1458 2476 1534 punit,
2513 1462 2580 1517 et
2614 1472 2765 1517 cum
2800 1472 3081 1533 peccare
3114 1457 3383 1533 desinit,

313 1565 487 1625 zelus
519 1565 778 1626 Domini
814 1567 1033 1626 minus
1067 1582 1219 1625 eum
1255 1564 1430 1639 ferit,
1467 1565 1627 1641 quia
1663 1566 1773 1624 ille
1809 1565 2212 1641 sibimetipsi
2248 1580 2372 1623 non
2403 1563 2723 1639 pepercit,
2760 1569 2828 1623 et
2860 1564 3018 1640 quia
3054 1564 3180 1625 hoc
3215 1565 3394 1640 abje-

312 1669 398 1728 cit
432 1670 495 1728 in
528 1686 661 1746 quo
710 1672 894 1746 prius
927 1670 1407 1753 delectabatur.
1443 1668 1522 1728 Et
1571 1669 1750 1728 istud
1786 1669 1919 1729 alia
1950 1669 2061 1728 via
2093 1674 2199 1768 est
2242 1684 2413 1744 quae
2448 1668 2781 1727 hominem
2831 1669 2913 1728 ad
2950 1669 3150 1729 aliam
3185 1671 3392 1739 vitam

312 1771 508 1832 ducit.

1770 1981 1921 2041 XLI.

959 2191 1142 2265 Quod
1189 2196 1528 2251 accusator
1585 2191 1688 2247 sui
1738 2188 2081 2248 Diabolum
2128 2188 2506 2249 erubescere
2553 2192 2736 2267 facit.

393 2396 498 2455 53.
549 2396 926 2466 Quomodo?
972 2396 1536 2474 Quandocumque
1583 2396 1760 2455 enim
1812 2395 2007 2456 homo
2056 2403 2335 2472 peccata
2383 2412 2505 2457 sua
2541 2396 3079 2472 recognoscendo
3113 2398 3387 2474 deserit,

308 2499 508 2560 Deum
545 2502 695 2576 scit;
732 2507 799 2560 et
831 2501 1095 2577 quando
1122 2517 1240 2577 per
1266 2502 1561 2578 suspiria
1589 2501 1848 2560 animae
1873 2500 1955 2559 ad
1981 2500 2191 2560 Deum
2217 2502 2539 2577 suspirat,
2567 2500 2776 2577 Deum
2800 2501 3004 2576 videt;
3034 2508 3101 2562 et
3127 2504 3390 2578 quando

303 2607 482 2683 justa
514 2612 583 2666 et
616 2613 848 2666 sancta
896 2622 1099 2683 opera
1134 2606 1485 2666 aedificare
1536 2606 1880 2681 inceperit,
1915 2605 2290 2680 angelicum
2323 2605 2623 2665 ordinem
2657 2605 2838 2680 colit3
2876 2612 2941 2665 et
2976 2607 3242 2682 quando
3275 2607 3388 2667 bo-

305 2727 423 2770 nus
475 2726 706 2770 rumor
751 2710 1077 2769 bonorum
1109 2726 1390 2786 operum
1441 2711 1612 2770 inter
1647 2710 1950 2770 homines
1998 2710 2084 2769 ab
2119 2711 2265 2784 ipso
2297 2711 2504 2784 volat,
2543 2726 2696 2770 cum
2729 2709 3091 2772 Cherubim
3127 2718 3387 2771 secreta

300 2813 414 2873 Dei
447 2813 704 2873 scribit.
741 2812 924 2884 Quod
956 2813 1275 2873 Diabolus
1301 2814 1536 2873 videns
1571 2814 1931 2888 erubescit,
1968 2813 2283 2889 quoniam
2319 2812 2516 2872 homo
2550 2818 2827 2887 peccata
2861 2830 2982 2873 sua
3008 2814 3282 2889 deserit,
3320 2821 3388 2874 et

303 2918 379 2978 ad
416 2918 803 2977 Creatorem
837 2933 1031 2976 suum
1067 2917 1262 2992 redit,
1291 2918 1469 2993 quod
1505 2918 1646 2994 ipse
1680 2918 1747 2976 in
1771 2919 2215 2992 perversitate
2240 2918 2579 2993 nequitiae
2614 2933 2776 2977 suae
2806 2917 3177 2994 induratuS,
3218 2919 3391 2979 face-

302 3036 370 3079 re
401 3036 533 3081 non
565 3021 731 3082 vult.
766 3019 1012 3081 Fidelis
1048 3027 1270 3082 autem
1306 3021 1503 3082 homo
1539 3021 1621 3081 ad
1655 3021 1865 3081 Deum
1915 3028 2241 3097 recurrat,
2277 3024 2345 3082 et
2380 3022 2505 3096 ipsi
2556 3021 2840 3097 gloriam
2875 3021 2956 3081 de
2989 3027 3131 3083 tota
3165 3024 3383 3083 salute

301 3125 473 3185 vitae
507 3137 672 3187 suae
720 3125 990 3202 referat,
1026 3128 1185 3203 quia
1227 3127 1486 3203 justum
1520 3133 1626 3188 est
1674 3134 1750 3187 ut
1785 3128 2089 3188 Creatori
2123 3144 2245 3187 suo
2280 3129 2462 3204 piam
2510 3135 2576 3188 et
2610 3133 2910 3188 sanctam
2962 3129 3385 3191 devotionem

300 3229 520 3288 cordis
553 3229 659 3289 sui
695 3229 1025 3303 ostendat,
1062 3221 1620 3306 quemadmodum
1653 3232 1861 3291 etiam
1891 3231 2252 3292 Psalmista
2285 3230 2699 3306 exhortatur,
2738 3231 2987 3292 dicens:

1739 3455 1924 3518 XLII.

1378 3649 1588 3708 David
1634 3649 1720 3708 ad
1773 3649 2074 3708 eamdem
2131 3666 2292 3708 rem.

380 3854 485 3916 54.
539 3855 787 3935 Afferte
841 3856 1118 3916 Domino
1163 3858 1443 3932 qloriam
1490 3865 1551 3916 et
1602 3861 1935 3932 honorem,
1987 3858 2218 3937 afferte
2256 3859 2534 3918 Domino
2578 3859 2856 3936 9loriam
2906 3864 3163 3922 nomini
3209 3861 3374 3936 eju&

299 3961 578 4021 Adorate
628 3961 987 4021 Dominum
1041 3962 1114 4019 in
1161 3964 1330 4021 atrio
1385 3969 1608 4022 sancto
1654 3962 1818 4038 ejus,
1877 3962 2085 4039 Cujus
2143 3979 2383 4023 sensus
2444 3964 2598 4023 talis
2655 3969 2776 4023 est.
2838 3965 2968 4024 Vos
3024 3966 3139 4041 qui
3196 3969 3372 4027 mala

291 4063 588 4125 devitare
620 4070 687 4124 et
718 4065 894 4125 bona
931 4063 1149 4124 facere
1183 4065 1610 4140 desideratiS,
1648 4065 1882 4126 afferte
1916 4067 2095 4127 omni
2130 4066 2484 4127 devotione
2516 4066 2930 4127 Dominatori
2982 4075 3372 4129 cunctorum

291 4169 592 4244 gloriam,
653 4169 719 4228 in
752 4176 936 4229 recta
985 4169 1134 4244 fide,
1172 4176 1238 4229 et
1272 4169 1590 4228 bonorem
1626 4170 1693 4227 in
1726 4171 2004 4230 servitio
2036 4170 2362 4245 Justitiae;
2400 4170 2661 4230 scilicet
2693 4186 2844 4229 cum
2895 4177 3146 4230 rectam
3179 4172 3375 4234 fidem

291 4270 632 4348 habentes,
668 4288 816 4332 eam
849 4273 1068 4333 beatis
1102 4273 1417 4350 operibus
1452 4273 1853 4347 adimpletis,
1888 4272 2138 4333 Afferte
2171 4275 2372 4333 etiam
2406 4276 2473 4333 et
2504 4273 2719 4334 eidem
2751 4274 3029 4336 Domino
3062 4276 3369 4354 gloriam,

291 4391 434 4436 cum
469 4392 625 4436 eum
649 4375 870 4465 Deum·
891 4383 1193 4437 vestrum
1218 4377 1601 4452 nominatis,
1639 4382 1705 4437 et
1731 4394 1884 4436 cum
1916 4394 2068 4436 eum
2094 4377 2300 4437 Deum
2334 4379 2770 4452 nominantes,
2810 4379 3025 4454 ipsum
3059 4375 3109 4457 ²)
3138 4395 3373 4442 verum

288 4477 490 4540 Deum
522 4495 673 4540 esse
705 4482 1040 4540 veraciter
1071 4480 1369 4556 creditis,
1406 4485 1471 4543 et
1504 4498 1655 4541 cum
1690 4482 1862 4543 bona
1895 4498 2102 4556 opera
2134 4482 2500 4541 secundum
2535 4483 2751 4558 ipsum
2783 4485 3176 4560 operamini,
3207 4502 3372 4562 quo-

286 4587 457 4647 niam
493 4585 577 4645 ad
611 4586 969 4661 imaginem
1014 4590 1082 4645 et
1131 4587 1636 4647 similitudinem
1688 4603 1879 4647 suam
1931 4586 2092 4646 facti
2138 4587 2324 4647 estiS.
2375 4587 2790 4663 Quapropter
2837 4588 3114 4649 adorate
3163 4592 3366 4651 etiam

288 4695 446 4756 flexa
482 4700 703 4755 mente
752 4709 829 4754 ac
877 4694 1043 4754 flexo
1093 4709 1373 4770 corpore
1420 4697 1722 4756 eumdem
1772 4696 2270 4756 Dominatorem
2321 4697 2639 4769 omnium,
2693 4697 2758 4756 in
2793 4697 3127 4756 universis
3160 4699 3371 4758 eccle-

288 4799 579 4860 siasticis
628 4799 979 4874 institutiS,
1031 4814 1203 4875 quae
1255 4807 1488 4860 sancta
1534 4809 1708 4877 sunt,
1762 4802 1920 4877 quia
1969 4801 2052 4861 ad
2087 4801 2314 4860 sedern
2367 4801 2739 4877 majestatis
2773 4802 2917 4877 ejus
2960 4804 3366 4879 pertingunt3

284 4911 348 4965 et
381 4904 506 4964 hoc
537 4904 739 4963 etiam
791 4903 989 4963 facite
1024 4919 1143 4980 per
1190 4905 1664 4965 abstinentiam
1697 4911 1763 4963 et
1812 4906 2195 4984 castitatem
2233 4921 2310 4965 ac
2358 4922 2477 4981 per
2510 4912 2813 4965 coeteras
2850 4907 3158 4980 virtuteS,
3197 4924 3367 4983 quae

287 5007 347 5065 in
379 5007 553 5066 atrio
583 5006 800 5081 ipsius
833 5006 1198 5081 ambulant,
1237 5013 1440 5083 atque
1491 5009 1847 5068 coelestem
1886 5009 2301 5068 harmoniam
2355 5025 2431 5068 ac
2466 5009 2839 5084 angelicum
2889 5009 3185 5068 ordinem
3228 5009 3369 5068 imi-

355 5188 395 5250 ι)
421 5204 556 5260 qm
580 5187 645 5242 Α,
679 5219 739 5227 -
769 5189 815 5253 2)
842 5196 1033 5244 etcum
1059 5193 1236 5262 ipsum
1263 5207 1444 5245 verum
1471 5190 1561 5245 W.
3132 5276 3169 5314 ξ
