4036 6117
761 1086 1486 1225 SANGTA
1577 1102 2866 1234 HILDEGARDIS

1077 1768 1413 1844 LIBER
1477 1772 1784 1847 VITAE
1848 1773 2545 1854 MERITORUM.

859 2036 1355 2100 INCIPIUNT
1404 2039 1885 2103 CAPITULA
1929 2042 2254 2107 PRIMAE
2301 2046 2649 2111 PARTIS
2697 2050 2766 2131 1)

745 2286 846 2342 DE
882 2286 1064 2342 VIRO
1101 2286 1207 2343 AD
1244 2287 1636 2344 OBIEN'I'EM
1674 2289 1768 2345 ΕΤ
1804 2291 1910 2346 AD
1944 2290 2311 2351 AUSTRUM
2347 2296 2795 2356 ASPICIEN'I’E
2830 2306 2886 2374 2)

374 2792 420 2855 1.
480 2793 681 2855 Verba
711 2799 954 2857 amoris
988 2800 1255 2860 saeculi.

372 2898 447 2959 II.
500 2900 914 2978 Responsum
952 2907 1195 2964 amoris
1229 2904 1545 2965 coelestis.

371 3002 478 3063 111.
537 3003 738 3065 Verba
763 3006 1200 3082 petulantiae.

371 3105 509 3167 1111.
563 3108 979 3185 Responsum
1016 3112 1432 3190 disciplinae.

372 3208 441 3270 V.
501 3210 705 3271 Verba
723 3208 1161 3287 joculatriciS.

372 3310 472 3373 VI.
525 3314 939 3392 Responsum
969 3320 1425 3381 verecundiae.

371 3416 504 3477 VII.
563 3418 764 3479 Verba
794 3420 1260 3491 obdurationis.

372 3520 534 3582 VIII.
587 3522 1000 3600 Responsum
1031 3528 1545 3590 misericordiae.

372 3624 566 3685 VIIII.
626 3626 827 3687 Verba
856 3631 1177 3706 iynaviae.

372 3726 443 3788 X.
495 3730 909 3807 Responsum
943 3735 1205 3795 divinae
1237 3738 1567 3802 victoriae.

364 3829 473 3892 XI.
530 3833 736 3894 Verba
766 3837 928 3898 irae.

367 3934 503 3996 XII.
554 3938 967 4016 Responsum
992 3946 1386 4019 patientiae.

372 4039 538 4100 XIII.
599 4040 801 4101 Verba
832 4046 1097 4121 ineptae
1134 4048 1449 4112 laetitiae.

373 4142 571 4204 XIIII.
621 4146 1036 4224 Responsum
1080 4155 1362 4228 yemitus
1410 4156 1496 4216 ad
1537 4158 1755 4219 Domi·
1872 4166 1884 4179 ⁹

287 4264 467 4307 num.

356 4448 400 4512 ¹)
425 4449 650 4505 prolixa
677 4451 815 4509 haec
845 4458 1113 4528 capitula.
1145 4476 1290 4531 quae
1326 4463 1575 4522 breviori
1613 4483 1763 4524 com-

291 4533 494 4603 pendio
533 4534 682 4591 iufra
718 4542 1182 4611 perstrinximus.
1219 4550 1305 4606 uti
1340 4552 1534 4621 jacent
1575 4555 1634 4610 in
1674 4573 1770 4612 no-

296 4623 409 4674 stro
429 4621 644 4685 codice,
667 4624 778 4681 huc
804 4629 1190 4698 producimus;
1212 4637 1357 4706 quin
1383 4645 1571 4697 tamen
1596 4647 1774 4698 certa-

293 4717 349 4758 re
374 4706 599 4764 animus
638 4708 737 4770 sit.
767 4709 814 4765 si
841 4713 973 4783 quis
998 4732 1063 4772 ea
1100 4718 1290 4775 minus
1317 4722 1535 4780 sincera
1575 4726 1774 4783 existi-

294 4793 428 4853 met.
459 4807 563 4848 nec
589 4794 704 4851 nisi
743 4807 1121 4872 praepostera,
1163 4811 1262 4861 aut
1290 4826 1509 4867 corrasa
1543 4831 1611 4870 ex
1639 4816 1774 4872 laci-

294 4877 403 4934 niis
429 4883 576 4948 male
600 4888 876 4950 consutis.
904 4905 1048 4960 quae
1076 4908 1178 4949 nec
1205 4911 1392 4953 rerum
1425 4899 1769 4972 integritati,

293 4976 470 5036 neque
497 4968 670 5025 etiam
700 4972 811 5044 ipsi
848 4984 1181 5045 argumento
1215 4984 1569 5044 cohaereant.
1603 4991 1773 5047 Haud

293 5053 465 5120 magis
503 5055 810 5125 placebunt
846 5071 1145 5123 summaria
1179 5067 1514 5127 intermixta
1554 5081 1670 5132 tam
1712 5079 1772 5134 in

296 5135 437 5194 libro
477 5140 693 5198 Scivias
737 5144 1037 5221 inscript0‚
1081 5169 1252 5223 quam
1295 5157 1355 5212 in
1393 5162 1571 5219 altero
1615 5165 1771 5223 dicto

293 5223 619 5284 Dive'norum
659 5250 904 5306 operum·
946 5253 1090 5309 quae
1145 5247 1331 5301 tamen
1375 5262 1552 5318 quum
1606 5268 1771 5309 nemo

473 5339 819 5405 ANALECT.
873 5347 940 5407 T.
994 5350 1153 5411 VIII.
1206 5354 1241 5416 1

1958 2800 2088 2864 XV.
2148 2803 2348 2866 Verba
2377 2810 2606 2886 yladii.
2640 2807 2691 2893 ³)

1957 2904 2116 2966 XVI.
2174 2910 2356 2983 Quod
2418 2918 2720 2996 infideles
2783 2926 3181 3002 iynorantur
3199 2980 3222 3010 ,
3278 2947 3344 3001 et

1863 3010 2038 3086 quod
2069 3028 2270 3090 opera
2304 3017 2427 3078 Dei
2458 3021 2532 3080 in
2569 3025 2702 3085 vita
2731 3040 3024 3097 manent.

1957 3115 2148 3177 XVII.
2208 3118 2410 3181 Verba
2442 3121 2827 3195 Ezechielis.

1954 3220 2177 3283 XVIII.
2234 3225 2418 3297 Quod
2463 3232 2578 3307 qui
2625 3236 2934 3304 coelestia
2972 3260 3344 3324 possessuri

1867 3331 2052 3397 sunt,
2088 3333 2152 3386 et
2183 3332 2298 3405 qui
2331 3333 2585 3396 seducti
2618 3358 2768 3401 cum
2802 3345 3068 3413 Diabolo
3097 3360 3346 3424 habita-

1863 3427 2053 3501 bunt,
2090 3434 2385 3493 homines
2415 3438 2935 3514 innumerabiles
2968 3468 3145 3524 sunt.
3253 3443 3258 3458 ¹

1863 3744 1997 3803 Deo
2031 3752 2206 3822 sunt,
2242 3768 2409 3826 quae
2444 3757 2622 3816 nulli
2652 3765 2905 3828 revelat
2937 3780 3011 3833 ut
3046 3787 3222 3843 sunt.

1950 3849 2082 3909 XX.
2138 3852 2272 3911 Cur
2304 3853 2482 3917 Deus
2525 3860 2634 3922 Vir
2665 3874 3071 3942 nominetur.

1867 4474 2143 4532 hactenus
2192 4481 2528 4550 neglexerit,
2583 4506 2765 4564 neque
2809 4496 2870 4553 in
2920 4507 3131 4564 nostris
3180 4514 3342 4572 codd.

1862 4560 2227 4628 omittantur,
2260 4566 2339 4621 ita
2366 4575 2422 4625 et
2449 4587 2552 4628 nos
2576 4575 2801 4648 piaculo
2827 4587 3096 4649 duximus
3131 4605 3354 4659 nostros

1873 4663 2195 4718 expungere
2222 4651 2525 4716 iudiculos:
2551 4669 2609 4717 at
2636 4681 2836 4726 novam
2863 4676 3063 4734 seriem
3093 4698 3353 4745 numero-

1874 4749 1998 4788 rum
2040 4737 2343 4807 praefigere
2381 4750 2437 4798 et
2476 4744 2759 4810 instruere
2796 4760 3036 4821 subinde
3072 4767 3131 4823 in
3164 4774 3354 4844 operis

1867 4822 2012 4877 serie
2051 4827 2402 4884 commodius
2442 4831 2626 4889 visum
2667 4846 2770 4896 est.
2814 4877 2884 4886 -—
2919 4850 3124 4909 Variae
3157 4858 3354 4915 lectio-

1874 4924 1973 4964 nes
2012 4909 2272 4966 codicum
2307 4912 2789 4986 Afflighemiensis
2815 4936 2872 4986 et
2905 4935 3351 5009 WiesbadensiS.

1870 4993 1940 5048 de
1989 4995 2204 5065 quibus
2245 4997 2464 5055 dictum
2513 5003 2573 5059 in
2617 5009 3038 5085 Proleyomenis‚
3080 5032 3354 5086 notantur

1874 5079 2023 5136 infra
2046 5082 2154 5144 sub
2180 5083 2344 5152 siglis
2369 5086 2438 5151 Α.
2467 5089 2558 5147 W.

1942 5168 1987 5233 2)
2016 5170 2330 5238 inspiciente
2367 5173 2433 5232 Α.
2466 5207 2535 5218 —
2561 5176 2606 5247 ³)
2646 5181 2726 5239 Cf.
2768 5185 2911 5245 infra
2938 5209 2992 5264 p.
3032 5201 3095 5251 ¹6
3134 5206 3251 5257 not.
3296 5209 3348 5261 ί.

1937 5252 1980 5320 ⁴)
2008 5260 2245 5313 omnium
2269 5255 2335 5314 Α.
