4036 6117
670 470 799 530 220

1296 713 1899 787 CAPITULA
1963 710 2425 785 SEXTAE
2478 711 2899 784 PARTIS
2936 712 3011 808 1)

901 1028 1009 1081 DE
1065 1028 1279 1083 VIRO
1333 1027 1429 1081 SE
1489 1026 1660 1082 CUM
1719 1024 2141 1089 QUATUOR
2201 1024 2514 1078 PLAGIS
2571 1024 2928 1079 TERRAE
2985 1022 3412 1078 MOVENTE.

709 1566 755 1625 Ι.
818 1564 1016 1625 Verba
1053 1562 1419 1625 Unicornis.

707 1669 784 1727 11.
841 1669 1024 1741 Quod
1060 1669 1237 1729 Deus
1264 1673 1658 1746 potestatem
1694 1684 1882 1725 suam
1916 1666 1988 1724 in
2023 1664 2096 1743 fi-

617 1791 701 1830 ne
736 1772 972 1831 mundi
1006 1773 1323 1831 ostendet.

705 1874 813 1933 III.
870 1875 1053 1947 Quod
1087 1878 1158 1934 in
1191 1877 1321 1955 fine
1372 1874 1607 1933 mundi
1644 1873 1820 1933 Deus
1869 1889 2095 1931 omnes

613 1981 777 2058 fines
810 1986 1027 2038 terrae
1062 1980 1410 2040 concutiet.

2290 1556 2455 1620 XIII.
2510 1560 2693 1634 Quod
2741 1580 2819 1619 ea
2863 1580 3027 1637 quae
3078 1577 3297 1621 coram
3330 1558 3463 1619 Deo
3510 1553 3682 1630 abje-

2204 1667 2309 1721 cta
2342 1670 2520 1737 sunt,
2559 1666 2631 1722 in
2665 1665 2948 1742 infinitis
2984 1663 3334 1740 suppliciis
3368 1667 3544 1720 sunt.

2290 1766 2448 1825 XIV.
2504 1767 2687 1839 Quod
2722 1768 2899 1826 Deus
2933 1773 3162 1827 contra
3194 1763 3545 1825 Diabolum
3590 1779 3687 1822 so-

2204 1872 2333 1930 lem
2366 1877 2428 1929 et
2464 1872 2697 1931 lunam
2729 1879 2791 1930 et
2828 1871 3055 1930 stellas
3096 1871 3460 1931 constituit.

2290 1975 2418 2036 XV.
2473 1976 2657 2048 Quod
2687 1977 2945 2035 malum
2978 1972 3237 2035 Diaboli
3268 1972 3447 2031 malo
3481 1970 3689 2033 homi-

702 2084 804 2144 IV·
844 2084 1027 2157 Quod
1062 2083 1121 2143 F
1121 2084 1277 2143 iliu-‘³
1313 2084 1457 2155 Dei,
1495 2082 1768 2139 veniens
1803 2073 2097 2149 adjudi·
2199 2085 2307 2141 nis
2355 2084 2637 2158 nequius
2671 2088 2791 2156 est,
2841 2081 3020 2140 unde
3056 2086 3118 2139 et
3152 2081 3294 2156 ipse
3344 2080 3420 2136 in
3448 2075 3685 2153 poenis

618 2192 816 2261 cium,
855 2195 990 2247 tam
1016 2189 1522 2265 perversitatem
1555 2202 1755 2262 quam
1788 2182 2101 2241 sanctita·-

615 2301 750 2352 tem
782 2295 1124 2353 hominum
1158 2292 1524 2350 examinat.

703 2395 776 2455 V.
832 2395 1016 2468 Quod
1064 2397 1288 2453 omnia
1333 2409 1501 2471 quae
1544 2394 1835 2469 peccatis
1895 2392 2101 2450 homi-

610 2517 776 2558 num
808 2499 1144 2559 maculata
1176 2504 1355 2572 sunt,
1386 2496 1873 2575 purqabuntur.

702 2601 803 2660 VI.
860 2602 1042 2673 Quod
1076 2607 1221 2679 post
1242 2599 1585 2675 judicium
1627 2600 1918 2659 rutilans
1955 2613 2096 2656 coe·-

615 2706 756 2764 lum
806 2710 868 2763 et
911 2723 1090 2781 pura
1137 2710 1322 2762 terra
1351 2702 1788 2781 apparebunt,
1825 2707 1887 2759 et
1922 2700 2094 2777 quod

614 2808 929 2868 clausura
962 2813 1346 2867 sanctorum
1372 2805 1645 2884 patebit.
1670 2804 1720 2884 2)

705 2912 837 2970 vn.
880 2912 1063 2984 Quod
1093 2899 1278 2991 finito
1309 2910 1578 2984 mundo,
1616 2907 1927 2969 Diabolus
1960 2924 2098 2964 am·-

609 3016 797 3075 modo
843 3018 1009 3076 vitia
1055 3031 1188 3074 non
1230 3014 1550 3092 producet
1585 3010 1981 3086 hominibus,
2020 3013 2093 3071 in

612 3130 796 3181 terra
828 3121 1285 3198 temporaliter
1316 3137 1452 3179 non
1484 3117 1948 3180 habitantibus,

703 3228 865 3288 VIII.
926 3226 1126 3287 Verba
1157 3227 1434 3288 Joannis
1465 3228 1538 3286 in
1573 3227 1998 3303 Apocalypsi.

700 3332 805 3392 IX.
859 3332 953 3392 De
1008 3332 1400 3409 quibusdam
1458 3331 1807 3392 levioribus
1857 3333 2093 3409 poenis

611 3438 1048 3515 quarumdam
1098 3440 1498 3511 animarum,
1550 3456 1716 3514 quae
1762 3438 1942 3513 si9no
1990 3433 2099 3493 ba-

605 3543 942 3619 ptismatis
994 3540 1323 3614 carebant,
1360 3547 1422 3599 et
1455 3558 1660 3617 quare
1696 3558 1805 3598 eas
1853 3541 1945 3598 sic
1973 3557 2096 3615 pa-

617 3637 895 3704 t'iantur.

704 3749 778 3808 X.
833 3749 1015 3821 Quod
1054 3752 1357 3824 yehenna
1389 3765 1580 3807 omne
1613 3766 1821 3825 qenus
1848 3765 2095 3824 poena-

612 3872 766 3914 rum
800 3856 872 3912 in
908 3871 973 3910 se
1008 3850 1216 3912 habet.

703 3958 804 4017 XI.
861 3957 1043 4028 Quod
1091 3958 1162 4015 in
1213 3954 1495 4013 tenebris
1530 3954 1695 4029 illis,
1732 3955 1804 4011 in
1855 3952 2090 4030 quibus

613 4065 877 4122 animae
927 4059 1366 4138 quorumdam
1383 4055 1728 4131 justorum
1761 4065 1915 4118 ante
1942 4077 2098 4134 pas-

618 4172 870 4227 sionem
894 4168 1136 4227 Christi
1165 4165 1586 4235 tenebantur,
1607 4185 1787 4226 nunc
1814 4174 1874 4224 et
1898 4183 2099 4243 quae-

615 4274 769 4332 dam
817 4273 1104 4344 animae,
1148 4270 1446 4346 pondere
1488 4275 1912 4345 peccatorum
1958 4287 2093 4328 non

613 4382 945 4454 yravatae,
998 4374 1112 4434 sed
1168 4373 1556 4450 baptismate
1601 4391 1734 4432 non
1770 4376 2089 4449 siqnatae,

616 4486 793 4539 sunt.

704 4582 835 4641 XII.
890 4582 1072 4654 Quod
1101 4585 1405 4656 qehenna
1451 4584 1523 4640 in
1557 4584 1761 4641 ruina
1797 4585 2090 4660 perdito-

612 4705 764 4746 rum
809 4680 858 4763 3)
910 4686 1293 4761 anqelorum
1343 4704 1638 4762 suryens,
1690 4696 1912 4749 omnia
1959 4695 2089 4749 tor-

535 4804 540 4809 “
609 4798 842 4851 menta
875 4792 1016 4848 sine
1052 4809 1164 4865 spe
1203 4792 1271 4849 in
1305 4807 1370 4848 se
1405 4793 1672 4853 retinet.

2204 2188 2342 2246 suis
2377 2205 2635 2263 semper
2667 2187 2817 2245 erit.

2292 2289 2450 2349 XVI.
2493 2290 2677 2362 ‚Quod
2708 2288 3020 2350 Diabolus
3052 2287 3303 2348 mot-mol
3336 2304 3471 2348 non
3503 2288 3689 2347 invo-

2203 2398 2329 2473 nit,
2362 2397 2534 2473 quod
2552 2398 2638 2455 acl
2664 2396 3135 2474 decipiendum
3160 2395 3493 2455 hominem
3518 2391 3687 2452 cele-

2202 2504 2346 2563 rius
2380 2507 2546 2560 esset
2581 2520 2783 2577 quam
2816 2518 3089 2577 serpens
3120 2501 3276 2577 fuit.

2290 2605 2484 2665 XVII.
2515 2604 2590 2665 Ut
2612 2622 2772 2681 opus
2794 2606 2916 2664 Dei
2942 2622 3073 2663 non
3100 2601 3684 2675 exterminabitur,

2201 2713 2297 2770 ita
2341 2728 2502 2786 opus
2548 2705 2597 2787 ⁴)
2647 2711 2931 2770 hominis
2980 2724 3113 2766 non
3162 2712 3538 2785 evanescet,
3587 2703 3689 2762 bo·-

2200 2832 2367 2873 num
2402 2814 2650 2873 scilicet
2691 2814 2776 2871 acl
2806 2811 3108 2888 qloriam,
3138 2810 3393 2869 malum
3424 2813 3578 2867 vero
3604 2808 3690 2867 ad

2204 2919 2661 2995 confusionem
2708 2918 2945 2994 ipsius,
2992 2916 3127 2975 nisi
3168 2933 3295 2992 per
3335 2916 3693 2991 poeniten-

2203 3025 2369 3083 tiam
2401 3023 2730 3083 deleatur.

2296 3127 2514 3187 XVIII.
2581 3128 2766 3200 Quod
2828 3125 3137 3188 Diabolus
3184 3125 3309 3184 tali
3362 3125 3521 3184 vitio
3578 3127 3688 3186 Μ-

2207 3236 2379 3293 mini
2442 3234 2828 3307 insidiatur,
2901 3231 3089 3309 quali
3148 3246 3301 3290 eum
3363 3228 3689 3289 delectari

2204 3339 2405 3398 videt.

2291 3443 2451 3504 XIX.
2510 3442 2586 3502 Ut
2643 3443 2974 3501 elementa
3026 3442 3098 3499 in
3154 3439 3419 3499 homnine
3482 3440 3682 3509 sunt,

2203 3552 2297 3607 ita
2330 3554 2392 3606 et
2442 3550 2720 3606 virtutes
2753 3548 2825 3604 in
2859 3543 3040 3624 fideli
3073 3544 3334 3603 homine
3369 3545 3545 3599 sunt.

2291 3651 2421 3711 XX.
2476 3652 2660 3712 Sicut
2709 3650 2881 3725 iynis
2931 3664 3166 3723 corpus
3213 3645 3528 3718 hominis,
3588 3645 3687 3702 ita

2200 3761 2264 3814 et
2297 3757 2576 3814 virtutes
2611 3755 2908 3813 animam
2941 3748 3557 3828 eiusintlammant.

2290 3854 2471 3918 XXI.
2530 3856 2606 3917 Ut
2662 3875 2814 3915 aere
2888 3858 3075 3915 homo
3149 3855 3400 3929 spirat,
3467 3851 3560 3911 sic
3619 3855 3682 3909 et

2200 3965 2479 4022 virtutes
2514 3965 2812 4021 animam
2839 3956 2981 4032 ejus
3015 3957 3101 4016 ad
3127 3956 3438 4017 coelestia
3469 3956 3687 4031 suspi-

2201 4086 2353 4126 rare
2386 4069 2669 4145 faciunt.

2290 4171 2482 4231 XXII.
2537 4172 2721 4232 Sicut
2757 4188 2930 4247 aqua
2962 4186 3195 4245 corpus
3243 4168 3528 4228 hominis
3561 4168 3685 4226 hu-

2200 4280 2467 4350 mectat,
2512 4278 2611 4349 ita
2643 4277 2920 4333 virtutes
2954 4275 3249 4332 animam
3280 4273 3491 4347 ipsius
3524 4273 3685 4331 irri-

2198 4386 2377 4458 yant.

2291 4484 2515 4545 XXIII.
2557 4481 2633 4543 Ut
2667 4488 2851 4542 terra
2883 4499 3151 4541 carnem
3184 4482 3468 4542 hominis
3501 4499 3685 4558 νερε-

2198 4595 2323 4660 tat,
2361 4592 2453 4649 sic
2485 4590 2763 4647 virtutes
2811 4587 3144 4647 hominem
3176 4582 3366 4642 bonos
3412 4586 3678 4662 fructus

2197 4697 2379 4773 ferre
2411 4687 2457 4770 ⁵)
2489 4694 2773 4770 faciunt.

2286 4796 2511 4858 XXIV.
2554 4797 2737 4871 Quod
2769 4799 2936 4856 sicut
2964 4795 3195 4853 nullus
3221 4800 3497 4852 aeterna
3519 4810 3679 4870 qau-

659 5066 702 5132 ¹)
741 5065 1022 5137 Incipiunt
1057 5065 1302 5137 capitula
1337 5064 1418 5121 VI
1441 5072 1637 5138 partis.
1671 5069 1750 5125 De
1785 5074 1905 5126 viro
1943 5089 1996 5128 se
2023 5079 2096 5129 to-
2186 5073 2230 5138 3)
2250 5074 2596 5145 proditorum
2622 5072 2686 5126 Α.
2714 5103 2780 5112 --
2801 5071 2844 5134 ⁴)
2871 5074 2953 5127 ita
2978 5073 3139 5126 etiam
3158 5084 3291 5139 opus
3314 5067 3407 5123 W.
3435 5097 3501 5106 —
3520 5067 3565 5132 ⁵)
3590 5071 3693 5122 ter-

586 5161 698 5210 tum
718 5171 834 5209 cum
862 5152 897 5205 Ι
904 5149 946 5204 V
956 5151 1144 5224 plaqis
1170 5158 1206 5207 t.
1236 5172 1277 5208 s.
1306 5173 1369 5207 m.
1405 5153 1469 5208 A.
1501 5186 1560 5192 —
1589 5158 1632 5220 9)
1652 5157 1911 5227 patebunt
1929 5157 1994 5214 Α.
2026 5191 2089 5198 —
2185 5179 2280 5215 rae
2306 5158 2385 5215 sic
2414 5159 2503 5213 W.
