4036 6117
1272 509 1328 555 11
1391 508 1629 554 Linea
1687 508 1886 552 wrm:
1943 503 2409 550 Menironum
3237 482 3341 540 77*

301 633 496 695 ctiam
546 630 816 693 eosdem
858 631 1160 690 homines
1197 629 1458 688 inflatos
1495 627 1731 686 reddit.
1768 627 1888 685 Isti
1922 631 2148 684 autem
2184 640 2419 683 nomen
2453 623 2569 680 Dei
2604 639 2675 681 se
2710 620 3086 696 glorificare
3122 618 3379 693 putant,

304 738 412 797 sed
446 739 652 797 Deum
691 735 1022 810 nesciunt;
1056 736 1124 794 et
1154 734 1359 793 Deum
1395 732 1642 791 habere
1677 732 1928 804 volunt,
1967 746 2117 789 cum
2154 729 2362 788 Deum
2394 744 2524 786 non
2560 727 2864 785 habeant.
2900 725 2978 784 Et
3011 723 3157 782 ideo
3193 722 3385 780 vetus

299 846 361 901 et
406 857 580 901 nova
630 841 758 899 Lex
805 840 1058 900 homini
1106 839 1299 898 datae
1343 841 1519 912 sunt,
1573 841 1900 912 quatenus
1945 835 2142 894 homo
2178 833 2506 892 credendo
2540 835 2606 892 ct
2639 830 2923 890 videndo
2961 844 3038 888 ac
3074 822 3376 896 colende,

296 944 492 1004 Deum
541 947 922 1019 cognoscat.
975 945 1044 1002 In
1093 943 1196 1002 his
1245 943 1420 1002 enim
1469 943 1726 1001 duabus
1776 941 2082 1017 partibus
2134 939 2495 1014 prudentes
2543 934 2924 1013 philosophi
2975 931 3373 1007 sapientiam

300 1047 684 1121 hauserunt,
723 1065 841 1107 nec
875 1063 1037 1107 vasa
1070 1065 1193 1106 sua
1227 1063 1378 1106 curn
1414 1047 1526 1105 illa
1561 1047 1837 1122 implere
1871 1045 2245 1116 cessabant,
2284 1042 2461 1118 quod
2494 1041 2627 1099 Deo
2664 1040 2857 1098 valde
2893 1036 3165 1113 placuit,
3205 1034 3380 1094 sicut

295 1152 491 1209 etiam
526 1153 752 1211 omnia
776 1167 948 1228 quae
984 1150 1256 1225 fecerat,
1295 1151 1422 1209 sibi
1457 1151 1871 1225 placuerunt.
1902 1148 2081 1208 Unde
2114 1148 2318 1206 etiam
2354 1162 2635 1220 magnus
2667 1146 2772 1203 est
2804 1141 3125 1200 Dominus
3163 1139 3229 1197 in
3260 1137 3382 1197 mi·-

291 1256 534 1314 raculis
585 1256 752 1330 suiS‚
806 1272 1084 1330 magnus
1134 1271 1399 1331 quoque
1435 1256 1501 1312 in
1535 1254 1845 1330 supernis
1882 1252 2269 1326 virtutibuS,
2307 1253 2373 1310 et
2409 1250 2661 1309 faciens
2697 1245 3056 1318 mirabilia,
3092 1243 3208 1303 ubi
3242 1257 3380 1300 ma-

293 1360 506 1432 gualia
554 1361 779 1435 operis
811 1361 915 1419 sui
953 1361 1018 1418 in
1054 1374 1293 1434 magna
1326 1359 1820 1434 pulchritudine
1857 1357 2130 1432 fulgent.
2166 1356 2328 1414 Nam
2361 1354 2537 1414 Deus
2570 1354 2705 1412 Noe
2738 1367 2966 1411 arcam
3002 1351 3251 1409 intrare
3288 1347 3378 1405 fe-

293 1465 396 1536 cit,
433 1463 745 1523 Abrahae
785 1463 1074 1540 plurima
1107 1464 1281 1523 bona
1314 1463 1627 1536 ostendit,
1657 1462 1865 1536 Moysi
1898 1476 2164 1537 quoque
2199 1460 2437 1534 Legem
2473 1457 2677 1532 dedit,
2716 1459 2783 1516 in
2815 1456 2981 1517 Filio
3017 1454 3220 1512 etiam
3256 1467 3378 1510 suo

293 1567 636 1627 credentes
685 1567 767 1626 ad
799 1569 1009 1627 vitam
1044 1567 1323 1626 reduxit:
1369 1583 1539 1642 quae
1573 1566 1794 1625 omnia
1829 1582 2069 1640 magna
2104 1563 2438 1623 mirabilia
2474 1566 2651 1635 sunt,
2691 1561 2785 1619 ita
2818 1558 2994 1636 quod
3029 1556 3260 1617 fideles
3295 1569 3377 1613 ea

293 1687 436 1729 curn
482 1671 842 1731 devotione
893 1687 1156 1746 semper
1205 1672 1565 1745 ruminant,
1616 1673 1683 1728 et
1730 1669 1906 1745 quod
1958 1685 2237 1743 magnas
2286 1666 2778 1742 profunditates
2815 1662 2880 1721 in
2914 1662 3014 1720 eis
3048 1673 3374 1736 quaerere

288 1790 406 1832 non
453 1777 752 1850 cessant3
805 1777 1118 1851 quoniam
1170 1793 1207 1833 a
1239 1774 1373 1833 Deo
1410 1778 1906 1850 processerunt,
1945 1757 2162 1849 et'qui
2198 1772 2361 1830 haec
2400 1771 2579 1844 fecit,
2621 1774 2726 1828 est
2760 1767 2937 1827 Deus
2971 1767 3179 1837 solus,
3219 1762 3379 1837 quia

288 1878 498 1936 omnia
547 1878 730 1938 bona
776 1880 859 1939 ab
909 1880 1053 1954 ipso
1087 1879 1417 1952 oriuntur,
1453 1885 1519 1937 et
1553 1878 1634 1937 ad
1668 1878 1891 1952 ipsum
1926 1879 2381 1948 revertuntur3
2419 1875 2738 1950 quoniam
2773 1888 2925 1931 cum
2958 1868 3135 1928 Deus
3166 1864 3377 1925 homi-

290 1996 426 2039 nem
476 1982 762 2056 creavit,
817 1990 888 2042 ut
923 1985 1134 2043 rotam
1174 1983 1239 2041 in
1274 1983 1516 2056 spiritu
1551 1983 1728 2041 vitae
1762 1998 1912 2040 eum
1948 1981 2235 2040 clrcuire
2274 1980 2453 2053 fecit,
2490 1978 2660 2037 unde
2695 1977 2898 2036 etiam
2934 1973 3013 2034 ad
3048 1986 3198 2031 eum
3234 1983 3380 2027 sae-

289 2084 552 2159 pissime
594 2087 902 2146 recurrit.

1665 2295 2003 2359 XXXIIII.

695 2511 876 2582 Quod
901 2511 1186 2587 plurimi
1221 2516 1375 2569 ante
1415 2512 1653 2586 Leqem
1687 2512 1758 2568 in
1797 2511 1964 2585 Leye
2000 2515 2061 2568 et
2100 2512 2170 2567 in
2202 2509 2519 2586 baptismo
2552 2507 2723 2566 beati
2757 2512 2930 2566 sunt.

356 2716 457 2778 43.
511 2718 706 2789 Quod
749 2726 972 2780 autem
1009 2719 1199 2779 vides
1234 2720 1413 2795 quod
1450 2720 1792 2794 praedicta
1829 2719 2113 2778 candida
2146 2719 2379 2791 nubeS,
2419 2718 2486 2776 in
2520 2733 2651 2793 qua
2687 2717 2859 2777 idem
2893 2717 3000 2775 vir
3033 2715 3117 2774 ab
3150 2714 3379 2773 hume·

282 2822 363 2880 ris
409 2837 632 2898 usque
682 2822 765 2882 ad
817 2823 1070 2883 femora
1122 2841 1244 2883 sua
1293 2828 1419 2898 est,
1471 2825 1669 2900 plena
1717 2825 2094 2883 animarum
2138 2823 2471 2898 justorum
2522 2828 2651 2897 est,
2699 2822 2824 2881 hoc
2858 2821 3166 2895 designat
3198 2818 3372 2897 quod

277 2925 510 2985 candor
565 2926 1045 2986 miraculorum
1092 2928 1232 3001 Dei,
1285 2929 1442 3003 quia
1481 2927 1871 2987 fortitudine
1907 2927 2217 3002 principii
2251 2926 2755 3001 exsurgentium
2787 2927 3248 2984 creaturarum
3289 2922 3371 2981 ad

278 3028 801 3091 incarnationem
851 3029 1215 3092 Salvatoris
1265 3031 1607 3091 hominum
1658 3031 2059 3107 extenditur,
2106 3032 2219 3109 qui
2255 3031 2455 3090 etiam
2493 3046 2665 3090 nunc
2709 3031 2775 3090 in
2806 3028 3039 3091 eadem
3076 3029 3377 3088 incarna-

281 3134 465 3193 tionis
514 3134 738 3208 gloria
786 3141 1084 3211 apparet,
1139 3136 1631 3195 multitudinem
1683 3127 2060 3196 animarum
2107 3137 2240 3195 Deo
2278 3137 2715 3199 servientium
2754 3137 2819 3194 in
2852 3150 2923 3193 se
2957 3132 3178 3206 habet,
3216 3129 3374 3206 quia

274 3237 541 3311 plurimi
592 3240 743 3298 ante
793 3238 1059 3314 Legem,
1095 3240 1501 3315 plurimique
1533 3240 1601 3299 in
1635 3240 1815 3315 Lege
1854 3240 2143 3315 fuerunt,
2181 3242 2586 3318 plurimique
2620 3242 2688 3299 in
2719 3238 3051 3314 baptismo
3086 3233 3371 3311 praesti-

278 3343 517 3416 terunt,
591 3342 705 3417 qui
765 3358 884 3418 per
932 3342 1455 3420 redemptionem
1504 3344 1805 3419 ejusdem
1857 3346 2008 3404 Filii
2056 3344 2174 3404 Dei
2222 3362 2581 3421 supernam
2630 3341 3112 3404 beatitudinem
3145 3337 3371 3414 adepti

273 3445 431 3518 sunt;
485 3445 588 3504 ita
637 3445 816 3521 quod
864 3461 1037 3506 nunc
1087 3447 1152 3506 in
1202 3447 1547 3507 mansione
1600 3449 1716 3507 illa
1764 3449 2077 3523 gaudent,
2114 3465 2315 3525 quam
2350 3449 2526 3509 Deus
2562 3449 2644 3508 ab
2678 3446 2866 3506 initio
2903 3444 3154 3504 saeculi
3194 3441 3364 3517 ipsis

274 3548 674 3622 providerat.
725 3548 888 3608 Nam
937 3549 1166 3610 fideles
1215 3551 1522 3611 homines
1571 3568 1690 3627 per
1737 3553 1958 3612 fidelia
1992 3570 2197 3628 opera
2232 3554 2297 3612 in
2331 3551 2717 3612 habitaculo
2758 3548 3198 3610 beatitudinis
3232 3546 3372 3605 ani-

274 3651 500 3711 mabus
556 3653 701 3711 suis
750 3654 1045 3728 requiem
1095 3659 1354 3729 parant,
1408 3656 1476 3714 in
1517 3672 1647 3732 qua
1682 3659 1834 3731 post
1867 3664 2395 3717 consummatam
2444 3658 2649 3717 vitam
2695 3655 2915 3715 carnis
2952 3654 3236 3714 feliciter
3269 3666 3375 3711 re-

279 3755 649 3830 quiescunt.
677 3755 858 3815 Unde
883 3758 1085 3817 etiam
1122 3759 1189 3818 in
1213 3758 1445 3818 eadem
1479 3760 1891 3820 beatitudine
1923 3758 1994 3838 ¹),
2034 3762 2226 3821 audis
2260 3777 2489 3821 vocem
2524 3762 2607 3821 ab
2642 3759 2944 3835 angelica
2976 3755 3372 3817 celsitudine

274 3859 759 3932 procedentem,
797 3862 871 3919 ut
904 3862 1176 3923 laudent
1223 3867 1463 3923 cuncta
1498 3869 1860 3939 regentem,
1899 3869 1965 3926 et
2013 3869 2087 3926 ut
2119 3867 2493 3941 glorificent
2525 3867 2590 3925 in
2626 3866 2897 3925 saecula
2944 3862 3367 3923 saeculorum

274 3965 627 4026 viventem.
675 3965 757 4024 Et
791 3966 889 4024 sic
936 3966 1196 4026 animae
1244 3968 1631 4028 eorumdem
1660 3969 1996 4044 justorum
2050 3971 2116 4029 in
2149 3971 2394 4046 gaudio
2445 3972 2818 4044 elevantur,
2870 3984 2948 4028 ac
2980 3967 3050 4027 in
3094 3966 3235 4026 vita
3281 3964 3366 4024 ad

276 4069 466 4130 vitam
521 4068 916 4144 procedunt,
949 4066 999 4148 ⁴²)
1052 4086 1174 4130 nec
1207 4071 1291 4131 ab
1339 4072 1459 4131 illa
1509 4074 1847 4148 recedunt,
1900 4075 2214 4150 quoniam
2268 4076 2336 4136 in
2383 4090 2462 4134 ca
2496 4073 2979 4135 aeternitaliter
3025 4082 3371 4146 permane·

272 4172 441 4249 bunt;
473 4174 656 4233 sicut
680 4171 748 4233 et
772 4176 957 4233 rotae
984 4175 1185 4249 vitae,
1214 4174 1646 4236 Divinitatem
1688 4178 2170 4253 significantes,
2211 4179 2277 4238 in
2309 4182 2507 4238 eunte
2541 4178 2812 4252 Spiritu,
2850 4175 2967 4251 qui
3000 4174 3143 4233 sine
3176 4187 3368 4232 mora

279 4276 673 4352 baptismum
707 4278 1101 4353 sanctificat,
1123 4279 1205 4339 ad
1232 4281 1672 4340 eruditionem
1700 4284 1766 4342 et
1789 4281 1872 4341 ad
1906 4284 2443 4343 emundationem
2473 4283 2814 4342 hominum
2840 4280 3112 4351 vadunt,
3135 4294 3257 4337 nec
3283 4278 3368 4337 ab

280 4380 384 4439 illa
414 4381 799 4454 cessabunt,
837 4382 992 4456 quia
1018 4383 1152 4442 alia
1183 4383 1486 4443 doctrina
1512 4401 1683 4461 quae
1717 4385 2022 4446 homines
2048 4387 2131 4447 ad
2166 4387 2372 4447 vitam
2400 4386 2742 4461 perducat,
2780 4402 2912 4445 non
2936 4383 3361 4460 producetur.

281 4482 442 4546 Istae
466 4486 649 4545 enim
677 4486 962 4560 animae,
992 4486 1148 4546 dum
1185 4488 1250 4547 in
1276 4488 1674 4562 corporibus
1701 4490 1841 4549 suis
1868 4493 2114 4565 essent,
2155 4491 2330 4550 idola
2359 4491 2690 4567 fugerant,
2719 4492 2785 4551 et
2811 4490 3148 4565 regionem
3176 4503 3366 4548 suam

282 4602 418 4648 cum
453 4589 794 4649 Abraham
843 4590 1164 4665 exierant,
1202 4606 1280 4651 ac
1312 4592 1532 4651 officia
1584 4594 1699 4653 illa
1732 4610 1903 4670 quae
1939 4597 2006 4654 in
2033 4596 2318 4655 terrenis
2352 4598 2533 4656 curis
2566 4595 2902 4656 habebant
2935 4594 3367 4669 reliquerant,

281 4695 339 4752 et
381 4694 477 4752 sic
513 4693 580 4752 in
631 4695 954 4767 ignoratis
1004 4695 1204 4754 terris
1251 4697 1437 4756 velut
1482 4699 1746 4758 exsules
1792 4715 1913 4775 per
1945 4701 2236 4775 suspiria
2284 4707 2497 4777 erant,
2548 4702 2666 4762 ubi
2714 4701 2781 4760 in
2827 4698 3199 4774 praeceptis
3245 4695 3366 4755 Dei

285 4800 528 4871 euntes,
567 4797 812 4857 merita
844 4814 966 4858 sua
999 4799 1388 4875 dilatabant,
1424 4816 1543 4875 per
1577 4818 1749 4878 quae
1783 4804 2077 4880 plurima
2109 4807 2408 4881 praemia
2445 4822 2615 4866 nunc
2650 4804 3000 4878 recipiunt.

349 4994 388 5061 Ι)
429 4997 804 5056 Beaeitudinis
829 5000 920 5057 W.
957 5033 1021 5042 -—
1047 5004 1092 5068 ²)
1130 5004 1208 5058 ad
1233 5007 1405 5059 vitam
1422 5006 1730 5077 perducant
1752 5006 1841 5062 W.
