4036 6117
1309 503 1775 552 Er1sroLAnum
1828 508 2010 554 NOVA
2066 506 2309 555 semiss.
3158 492 3285 553 539

257 623 397 686 ivit.
435 624 615 686 Unde
651 626 974 686 admoneo
1011 631 1074 686 te
1109 643 1189 686 ne
1226 626 1500 689 fratrem
1536 631 1722 689 tuum
1750 629 1825 690 R.
1860 630 1922 689 in
1957 632 2158 691 corde
2198 636 2311 693 tuo
2349 631 2595 707 injUste
2632 646 2935 706 accuseS,
2964 638 3031 692 ot
3065 646 3145 691 ne
3172 645 3352 691 men-

254 736 386 788 tem
426 737 606 789 tuam
647 730 711 789 in
759 730 1113 806 vagatione
1150 747 1514 805 pravorum
1549 734 1909 794 verborum
1943 751 2146 812 super
2190 736 2378 795 illum
2413 736 2740 811 implices,
2777 736 2936 811 quia
2984 735 3160 796 Deus
3196 734 3348 808 scit,

254 833 431 908 quod
470 850 597 893 non
633 841 813 893 recte
849 836 915 893 in
947 834 1074 896 hoc
1110 834 1299 897 facis,
1338 837 1515 898 Cave
1548 853 1708 914 ergo
1741 854 1824 897 ne
1859 839 2183 900 Dominus
2217 845 2375 899 tuus
2410 845 2476 900 te
2512 839 2805 915 inculpet
2841 840 2905 899 in
2933 839 3057 900 hac
3092 840 3355 898 iracun-

255 937 365 997 dia
401 944 536 1011 tua,
590 946 654 997 et
692 939 757 997 in
792 939 946 999 aliis
996 940 1334 1000 similibus
1369 943 1612 1002 causis.
1648 927 1824 1003 Deus
1874 946 2098 1004 autem
2147 943 2266 1003 tibi
2318 949 2551 1021 parcat
2597 944 2664 1003 in
2711 943 3021 1004 omnibus
3054 942 3353 1018 peccatis

261 1040 413 1100 tuis.

1665 1198 1930 1259 LXXVI.

1182 1375 1410 1465 Abbati
1446 1377 1523 1436 de
1563 1378 1949 1456 Busendorf
1975 1379 2420 1456 Hildeqardis

328 1561 559 1617 Manum
588 1567 775 1619 aratro
805 1562 1023 1618 sirmam
1052 1562 1222 1633 figere
1249 1564 1548 1636 praecipit,
1577 1579 1800 1635 gregem
1830 1581 2076 1638 pascere.
2106 1572 2163 1621 et
2192 1567 2251 1621 in
2278 1566 2566 1623 cimiterio
2588 1567 2777 1638 jacere
2805 1564 3092 1624 sacrificii.

343 1699 595 1759 Lumen
644 1700 708 1759 in
746 1701 993 1761 lumine
1039 1703 1203 1763 dicit
1239 1704 1322 1763 ad
1356 1710 1442 1763 te:
1491 1703 1649 1763 Esto
1683 1702 1900 1763 bonus
1935 1720 2173 1764 servus
2209 1705 2274 1763 in
2309 1712 2551 1779 mente,
2590 1711 2657 1764 et
2693 1705 2757 1763 in
2806 1703 2979 1764 bono
3013 1701 3351 1762 desiderio

252 1803 485 1877 vigila,
523 1810 590 1864 et
623 1805 1004 1865 assimilare
1038 1808 1305 1883 aquilae
1339 1823 1511 1883 quae
1543 1807 1612 1866 in
1646 1807 1857 1867 solem
1890 1807 2209 1867 libentius
2246 1809 2513 1884 aspicit,
2543 1823 2742 1884 quam
2772 1808 2839 1867 in
2871 1806 3180 1867 umbram
3216 1820 3357 1865 um-

253 1908 438 1969 brae.
474 1910 617 1970 Non
648 1912 851 1971 etiam
886 1912 1198 1972 tabescas
1233 1915 1299 1972 in
1331 1919 1602 1989 torpore
1635 1912 1792 1973 boni
1826 1912 2104 1989 laboriS,
2142 1914 2259 1974 sed
2289 1914 2662 1974 fortissima
2694 1920 2915 1974 mente
2949 1918 3252 1972 aratrum
3288 1912 3354 1970 in

255 2028 458 2072 manu
508 2020 684 2085 tene,
721 2018 922 2091 atque
971 2018 1146 2077 ovile
1184 2024 1369 2078 tuum
1404 2018 1499 2078 ita
1550 2022 1732 2077 recte
1765 2032 1995 2091 pasce,
2034 2018 2212 2078 sicut
2248 2020 2314 2078 in
2347 2024 2463 2078 tua
2511 2018 2970 2094 possibilitate
3018 2032 3169 2076 cum
3217 2014 3354 2077 Deo

258 2116 492 2193 habeS,
543 2127 609 2180 et
657 2126 930 2180 strenue
978 2138 1173 2182 curre
1218 2139 1371 2182 cum
1419 2122 1647 2199 aquila
1696 2121 1762 2180 in
1805 2121 2031 2180 lumen
2079 2121 2470 2198 aspiciente,
2508 2137 2589 2181 ne
2625 2122 2691 2180 in
2724 2120 2946 2181 taedio
2982 2119 3353 2195 arripiaris.

255 2220 437 2295 Fuge
471 2238 736 2300 quoque
771 2226 1183 2301 nigredinem
1218 2228 1583 2303 impietatis
1619 2224 1764 2304 (fol.
1801 2224 1939 2304 72),
1977 2228 2155 2287 sicut
2187 2227 2363 2287 Deus
2396 2227 2721 2288 discernit
2771 2227 2839 2286 in
2888 2242 3094 2286 causa
3141 2225 3356 2287 bonae

256 2324 647 2387 voluntatis,
684 2328 858 2388 Deus
907 2329 1082 2389 enim
1120 2332 1264 2390 vult
1297 2336 1362 2390 te
1395 2331 1463 2390 in
1498 2331 1830 2391 cimiterio
1866 2331 2381 2391 sacrificationis
2418 2347 2577 2392 suae
2621 2331 2891 2391 habere.
2929 2329 3115 2389 Nunc
3150 2329 3217 2388 in
3251 2343 3358 2389 ae—

257 2433 524 2489 ternum
558 2430 730 2491 vive.

1652 2586 1946 2648 LXXVII.

1203 2765 1412 2824 Odoni
1446 2765 1524 2823 de
1570 2765 1847 2829 Parisiis
1883 2765 2325 2842 Hildeyardis.
2361 2761 2407 2846 ¹)

328 2964 654 3023 Musti-um.
687 2964 1141 3024 Admirationem
1173 2967 1232 3025 in
1260 2968 1463 3040 primis
1490 2972 1720 3025 movent
1744 2967 2097 3038 dogmaticae
2124 2968 2491 3039 Hildegardis
2515 2971 2811 3042 epistolae,
2850 2968 3012 3039 quasi
3041 2985 3109 3025 ex
3139 2974 3350 3038 tempo-

250 3069 316 3109 re
339 3052 588 3109 dictatae
613 3057 669 3109 et
694 3053 761 3108 ad
790 3070 1040 3111 summos
1070 3054 1356 3124 theologos
1383 3054 1589 3111 missae
1626 3054 1695 3112 de
1722 3055 2000 3111 abstrusis
2028 3070 2140 3111 non
2168 3055 2340 3112 semel
2368 3062 2425 3112 et
2453 3055 2743 3112 intricatis
2779 3053 3238 3126 quaestionibus;
3269 3051 3351 3108 in-

261 3144 350 3194 ter
373 3154 514 3209 quas
541 3136 705 3194 facile
743 3138 990 3210 primum
1020 3140 1205 3195 locum
1245 3138 1417 3194 habet
1444 3138 1686 3210 epistola
1714 3137 1864 3194 inter
1900 3138 2084 3194 editas
2110 3138 2397 3202 CXXVII.
2428 3139 2529 3195 ubi
2572 3138 2903 3210 disputatur
2926 3153 3000 3192 an
3038 3138 3357 3194 paternitas

253 3232 311 3281 et
337 3226 621 3310 Divinitas
663 3224 808 3281 Deus
831 3228 924 3288 sit,
968 3230 1164 3280 contra
1191 3223 1515 3281 Gilbertum
1566 3225 1960 3286 Porretanum,
1989 3222 2090 3293 qui
2143 3222 2425 3278 sustinuit
2472 3222 2624 3293 quod
2653 3223 2825 3279 Pater
2851 3239 2962 3279 non
2998 3240 3058 3278 eo
3081 3228 3158 3278 m
3204 3220 3351 3277 Deus

258 3328 372 3383 quo
396 3318 472 3367 est
497 3311 680 3366 Pater.

332 3395 604 3464 Magister
639 3396 998 3461 Parisiensis,
1029 3412 1060 3451 a
1089 3413 1203 3468 quo
1230 3397 1336 3453 hac
1373 3396 1442 3452 de
1466 3412 1528 3452 re
1556 3395 1939 3464 interrogatur
1964 3394 2350 3465 Hildegardis,
2381 3400 2604 3451 tantum
2633 3394 2824 3450 littera
2854 3395 2904 3450 V
2928 3394 3260 3464 designatur
3286 3395 3348 3450 in

257 3483 455 3539 codice
493 3482 925 3548 Hemerodensi‚
963 3485 1062 3555 qui
1089 3485 1370 3542 Martenio
1413 3491 1523 3540 tres
1550 3489 1608 3540 et
1645 3484 1936 3553 octoginta
1973 3483 2133 3539 dedit
2169 3498 2342 3538 novas
2382 3485 2620 3538 litteras.
2663 3482 2921 3538 Errorem
2964 3482 3025 3537 in
3065 3480 3257 3537 littera
3298 3483 3349 3538 V

257 3571 509 3641 primum
542 3570 685 3627 mihi
711 3571 931 3627 detexit
955 3571 1128 3628 codex
1154 3571 1570 3628 Laurentianus
1589 3572 1645 3627 S.
1665 3570 1861 3628 Crucis
1885 3571 2036 3628 Plut.
2060 3570 2252 3634 XXH,
2280 3573 2338 3634 4,
2364 3569 2402 3626 s.
2440 3573 2560 3634 1⁴2,
2600 3571 2698 3625 ubi
2737 3570 2950 3627 diserte
2975 3575 3033 3626 et
3059 3585 3190 3626 cum
3228 3571 3345 3642 ple-

259 3674 335 3712 no
362 3657 590 3714 nomine
616 3658 683 3712 ad
711 3660 940 3714 odonem
962 3657 1292 3731 Maqistrum
1321 3659 1685 3714 parisiensem
1710 3672 2041 3728 responsum
2071 3656 2435 3726 Hildegardis
2473 3656 2763 3727 dirigitur.
2792 3657 2949 3725 Quae
2975 3658 3095 3714 sola
3123 3658 3205 3714 ibi
3232 3659 3349 3732 epi·

262 3746 407 3799 stola
436 3744 793 3806 rescribitur.
818 3742 978 3813 quasi
1007 3743 1246 3799 caeteris
1273 3759 1382 3799 una
1412 3742 1807 3815 praestantior.
1840 3744 2002 3800 Nunc
2028 3742 2084 3798 id
2111 3743 2407 3800 confirmat
2442 3743 2620 3799 codex
2643 3742 2944 3800 Caesareus
2972 3744 3033 3799 in
3058 3760 3171 3815 quo
3197 3760 3348 3817 pror·

263 3845 360 3884 sus
387 3828 576 3883 eadem
605 3827 812 3884 emicat
839 3826 1164 3900 epigraphe.

339 3917 628 3971 Praeterea
655 3916 935 3972 calculum
958 3915 1133 3970 alium
1160 3915 1319 3970 addit
1344 3915 1518 3971 codex
1548 3915 1888 3972 Parisiensis
1915 3918 2078 3978 3230,
2102 3915 2428 3987 inscriptus:
2459 3915 2809 3984 Quaestione„
2827 3914 3094 3988 Magistri
3120 3918 3348 3980 odonis,

261 4009 443 4074 postea
469 4002 682 4057 abbatis
722 4001 853 4058 Um·
877 4001 1090 4075 Campi.
1118 4003 1332 4057 tandem
1353 4006 1589 4074 episcopi
1618 4001 2050 4057 Tusculanensis.
2081 4000 2130 4056 Α
2155 4016 2268 4071 quo
2296 4001 2565 4056 docemur
2590 4000 2840 4056 odonem
2876 3998 3050 4055 fuisse
3076 4001 3147 4054 ab
3170 4001 3350 4070 Euge·

266 4090 363 4144 nio
391 4090 473 4144 ΙΙΙ
512 4089 923 4158 interrogatum
953 4089 1024 4144 de
1060 4088 1444 4145 controversia
1473 4088 1796 4151 Porretana,
1823 4102 1968 4157 quac
1997 4092 2234 4155 urgente
2273 4086 2328 4142 S.
2361 4085 2664 4148 Bernardo,
2707 4086 2767 4140 in
2799 4086 3045 4142 concilio
3082 4087 3346 4143 Remensi

265 4192 316 4232 a.
352 4178 488 4229 ¹1⁴8
515 4176 585 4229 ab
611 4174 803 4229 eodem
846 4173 1101 4242 Eugenio
1125 4173 1421 4244 profligata
1452 4171 1582 4228 suit.
1626 4171 1958 4239 Quinimmo
1986 4169 2082 4227 sol.
2112 4175 2182 4225 20
2221 4171 2434 4226 laudati
2463 4171 2584 4227 cod.
2627 4171 2898 4238 Magister
2934 4170 3055 4226 Odo
3094 4170 3351 4243 disputat

267 4278 337 4316 ex
368 4259 618 4332 professo
655 4266 849 4316 contra
879 4261 1023 4316 banc
1056 4259 1303 4316 Gilberti
1343 4257 1812 4330 propositionem.
1841 4257 1926 4313 uti
1969 4257 2188 4313 salsam:
2221 4257 2392 4313 Pater·
2426 4275 2535 4313 non
2559 4276 2617 4314 eo
2653 4264 2730 4313 est
2756 4256 2904 4314 Deus
2927 4274 3037 4329 quo
3060 4264 3137 4314 est
3162 4258 3352 4323 Pater,

266 4353 328 4405 et
350 4351 679 4417 argumenta
707 4348 941 4404 adducit
963 4363 1108 4418 quae
1133 4345 1413 4418 respicere
1441 4345 1706 4401 videntur
1733 4344 2100 4414 Hildegardis
2125 4344 2443 4417 epistolam.

340 4433 563 4499 Quibus
583 4432 894 4529 perpensis,
922 4435 1304 4503 opportunum
1325 4429 1470 4485 mihi
1495 4430 1680 4486 visum
1707 4434 1814 4493 est.
1837 4435 1956 4485 tum
1985 4435 2215 4502 propter
2237 4444 2512 4484 summam
2537 4429 2810 4501 epistolae
2837 4428 3200 4500 dignitatem,
3230 4435 3348 4485 tum

264 4520 342 4574 ob
366 4517 728 4588 gravissimas
755 4517 1057 4573 varietates
1082 4532 1149 4572 ex
1177 4514 1402 4572 collatis
1435 4514 1619 4571 tribus
1647 4515 1888 4572 vetustis
1908 4515 2225 4579 codicibus.
2253 4531 2382 4571 cum
2413 4531 2543 4571 vero
2567 4514 2813 4570 maxime
2846 4514 3062 4572 intuitu
3088 4532 3353 4573 veneran-

261 4604 369 4659 dae
398 4602 699 4658 memoriae
723 4601 1093 4658 antecessoris
1119 4600 1231 4657 mei
1257 4600 1586 4663 Tusculani,
1619 4616 1820 4657 novam
1848 4601 2157 4657 editionem
2187 4600 2507 4657 instituere.
2748 4619 2749 4622 ¹

348 4746 484 4822 Ego
533 4745 941 4821 paupercula
976 4741 1217 4812 forma,
1271 4742 1338 4802 in
1373 4742 1554 4802 fumo
1600 4740 1650 4820 ²)
1688 4750 2066 4803 aromatum
2116 4745 2363 4804 montis
2396 4744 2676 4819 excelsi,
2727 4743 2899 4805 dico:
2937 4743 3047 4805 Sol
3096 4745 3345 4803 lumine

262 4870 388 4914 suo
436 4853 805 4928 descendit,
840 4860 909 4912 et
957 4853 1205 4912 multas
1240 4851 1738 4927 indignationes
1782 4845 1832 4930 ³)
1868 4851 2362 4911 vicissitudinis
2410 4852 2713 4912 locorum
2748 4852 3072 4912 illustrat:
3126 4855 3192 4913 et
3224 4853 3340 4916 sic.

340 5039 385 5104 ¹)
407 5039 489 5094 Ex
509 5039 632 5096 cod.
657 5037 924 5095 Caesareo
944 5040 1049 5092 629
1072 5036 1169 5094 fol.
1196 5041 1285 5101 72,
1309 5043 1395 5101 73,
1425 5056 1492 5094 ex
1518 5039 1762 5094 Lauren·
1847 5036 2319 5106 designabuntur.
2353 5069 2417 5078 -—
2441 5039 2487 5102 2)
2516 5042 2577 5094 in
2600 5056 2799 5093 summo
2827 5037 2883 5093 Ι..
2911 5036 3130 5098 -³)Ac
3152 5037 3196 5092 si
3222 5055 3323 5094 con

268 5127 430 5183 tiano
459 5140 627 5196 supra
655 5130 962 5181 memorato
989 5129 1139 5179 etex
1174 5122 1581 5179 Hemerodensi
1615 5123 1763 5194 apud
1851 5128 2021 5179 crete:
2065 5123 2227 5181 Sol...
2270 5126 2468 5180 multas
2491 5142 2577 5180 res
2620 5126 2881 5194 indignas
2922 5125 2981 5177 in
3008 5127 3186 5179 variis
3221 5123 3383 5181 Iocis=

268 5211 618 5272 Martenium
650 5211 1019 5285 descriptum,
1047 5210 1148 5282 qui
1174 5211 1281 5267 sub
1307 5209 1470 5279 siglis
1497 5209 1557 5274 C,
1587 5211 1651 5274 L,
1682 5210 1761 5275 H,
1852 5212 2116 5267 illustrat.
