4036 6117
805 430 940 495 392
1969 452 2021 496 s,
2074 451 2612 501 nmnsscAnms

734 589 824 629 eae
872 584 1162 646 corpore,
1216 585 1366 627 cum
1408 566 1637 644 anima
1685 562 1828 643 ejus
1862 569 1948 628 ad
1996 571 2125 629 ista
2157 581 2544 648 raperetur,
2597 573 2834 646 exirit,
2884 590 2969 631 an
3006 574 3075 632 in
3113 590 3377 652 corpore
3426 593 3731 644 manens,
3773 583 3820 634 et

739 676 915 736 illud
947 675 1305 754 vivificans,
1341 674 1426 732 ad
1459 674 1589 732 ista
1615 677 1961 750 pervenit?
1997 673 2083 751 (11
2120 676 2266 759 Cor.
2306 677 2446 750 XII,
2484 679 2524 737 2
2551 677 2728 755 sqq.)

1015 782 1178 843 XIX.
1218 783 1390 855 Quid
1424 790 1516 841 est
1555 784 1732 860 quod
1765 784 1946 842 idem
1979 786 2169 845 dicit:
2222 786 2428 846 Omne
2463 793 2813 863 peccatum
2865 787 3332 864 quodcumque
3368 788 3616 847 fecerit
3647 788 3818 848 homo

731 894 921 948 extra
954 904 1201 965 corpus
1234 895 1367 960 est;
1402 888 1519 965 qui
1553 895 1778 949 autem
1817 889 2212 965 fornicatur,
2253 892 2318 950 in
2351 908 2597 967 corpus
2633 910 2828 953 suum
2862 875 3139 970 peccat?

819 986 986 1051 (Ibid.
1017 992 1224 1060 quaest.
1256 985 1417 1048 XIX.
1439 986 1546 1041 (301.
1581 990 1740 1053 1066)

1011 1081 1145 1140 XX.
1185 1080 1357 1153 Quid
1391 1085 1487 1138 est
1523 1081 1695 1156 quod
1727 1081 1912 1140 dicit:
1950 1080 2016 1139 Si
2058 1082 2371 1158 linguiS...

810 1178 976 1246 (Ibia.
1008 1183 1213 1251 quaest.
1242 1174 1401 1239 XIV.
1430 1176 1536 1232 col.
1572 1179 1730 1242 1045)

1017 1274 1177 1334 XXI.
1217 1275 1394 1347 Quae
1429 1279 1525 1332 est
1561 1275 1967 1351 lonqitudo...
1995 1283 2060 1334 et
2090 1278 2531 1353 profundum,
2568 1298 2736 1355 quae
2769 1278 2846 1337 ab
2880 1277 3182 1356 Ephesiis
3216 1277 3816 1355 comprehendenda

733 1389 912 1442 sunt.
1012 1386 1016 1390 ’

806 1481 972 1548 (Ibid.
1003 1486 1209 1553 quaest.
1240 1477 1367 1545 XV)

1013 1576 1204 1636 XXII.
1243 1576 1416 1648 Quid
1449 1581 1548 1634 est
1581 1575 1753 1652 quod
1785 1576 1865 1632 de
1901 1574 2181 1634 Domino
2218 1578 2541 1652 scriptum
2576 1584 2698 1636 est:
2735 1578 2812 1638 Et
2846 1585 3343 1640 accesserunt...

803 1676 972 1744 (Ibid.
1002 1680 1209 1749 quaest.
1241 1672 1402 1736 XXI)

1011 1764 1233 1825 XXIII.
1270 1765 1324 1824 A
1360 1765 1466 1824 die
1499 1766 2078 1823 resurrectionis...

801 1865 972 1932 (Ibid.
1002 1869 1211 1937 quaest.
1241 1861 1372 1927 XX)

1011 1955 1264 2016 XXIIII.
1308 1955 1471 2016 Cum
1504 1973 1707 2014 novae
1742 1957 2074 2015 animae...
2108 1957 2542 2031 parvulorum
2576 1960 2879 2017 animare
2916 1957 3348 2018 creduntur...

799 2058 969 2127 (Ibid.
999 2059 1206 2129 quaest.
1230 2051 1423 2114 XXII,
1452 2052 1559 2109 (301.
1597 2054 1754 2119 1047)

1009 2145 1192 2207 XXV.
1233 2145 1407 2217 Quid
1440 2151 1534 2203 est
1570 2145 1810 2221 quod...

801 2249 953 2316 (Ibid
975 2253 1182 2322 quaest.
1211 2245 1270 2301 X
1277 2244 1372 2308 VI.
1399 2245 1505 2301 col.
1537 2247 1695 2311 1045)

1012 2390 1119 2405 .....
1161 2342 1334 2415 Quid
1366 2347 1462 2400 est
1495 2341 1667 2419 quod
1699 2341 1942 2401 idem...

802 2441 967 2509 (Ibid.
999 2445 1204 2513 quaest.
1231 2435 1424 2504 XVII)

1012 2579 1121 2593 .....
1161 2530 1333 2604 Quid
1368 2535 1462 2590 est
1497 2530 1669 2608 quod
1701 2530 1882 2591 dicit.

801 2630 970 2697 (Ibid.
1001 2635 1206 2704 quaest.
1233 2626 1456 2693 XVIII)

1006 2723 1224 2784 XXVI.
1279 2722 1442 2783 Cum
1480 2721 1800 2781 Dominus
1848 2724 1921 2781 in
1955 2723 2311 2798 Evanqelio
2360 2725 2440 2781 de
2469 2725 2680 2801 seipso
2721 2723 2905 2785 dicit.
2955 2723 3092 2799 Ego
3127 2740 3207 2785 ex
3237 2723 3373 2784 Deo
3425 2723 3723 2800 processi
3751 2722 3803 2780 et

720 2833 899 2908 veni,
937 2828 1146 2908 (Joan.
1173 2824 1345 2905 VIII)
1382 2831 1444 2884 et
1479 2826 1558 2885 de
1596 2827 1886 2903 Spiritus
1925 2827 2190 2888 Sancto:
2232 2826 2519 2902 Spiritus
2553 2828 2667 2904 qui
2702 2843 2742 2886 a
2765 2828 2963 2888 Patre
2997 2829 3321 2904 procedit,
3358 2832 3548 2888 inter
3573 2846 3803 2907 proces-

724 2941 975 2999 sionem
1022 2933 1184 2996 Filii
1217 2936 1280 2990 et
1321 2931 1811 3008 processionem
1863 2931 2158 3007 Spiritus
2211 2931 2437 2991 Sancti
2470 2950 2636 3009 quae
2686 2932 3071 3010 differentia
3103 2938 3223 3006 est,
3272 2938 3346 2991 ut
3389 2934 3515 2992 ille
3567 2933 3799 2993 dicatu-r

719 3045 959 3120 Filius,
996 3041 1167 3122 quod
1200 3040 1332 3100 dici
1365 3054 1497 3097 non
1530 3036 1739 3112 debet,
1776 3055 1898 3098 nec
1929 3042 2106 3098 recte
2140 3038 2273 3099 dici
2300 3044 2513 3116 potest
2553 3038 2845 3116 Spiritus
2882 3039 3201 3101 Sanctus?
3234 3039 3423 3099 Inter
3458 3037 3800 3116 yeneratio-

721 3172 878 3214 nem
895 3151 1059 3213 Filii
1084 3155 1146 3209 et
1166 3148 1658 3226 processionem
1694 3146 1988 3222 Spiritus
2020 3146 2246 3207 Sancti
2271 3164 2438 3221 quae
2464 3146 2824 3220 distincti0‚
2853 3162 2999 3205 cum
3036 3151 3318 3222 utraque
3353 3163 3442 3203 eae
3474 3145 3677 3205 Patre
3696 3140 3797 3198 sit?

795 3264 962 3332 (Ibid.
993 3266 1198 3336 quaest.
1229 3256 1454 3321 XXIII,
1483 3257 1590 3312 (301.
1626 3258 1786 3322 1047)

1001 3350 1249 3413 XXVII.
1289 3349 1521 3410 Gratia
1556 3349 1748 3409 Dei...

793 3452 962 3521 (Ibid.
993 3455 1200 3524 quaest.
1231 3446 1414 3514 XXV)

999 3541 1278 3603 XXVIII.
1319 3542 1646 3613 Quomodo
1679 3548 1774 3599 est
1810 3541 2393 3618 intelliqendum...

794 3642 963 3706 (Ibid.
995 3645 1200 3715 quaest.
1231 3635 1444 3700 XXVI,
1471 3637 1578 3692 col.
1614 3639 1798 3701 1049.)

1002 3732 1218 3794 XXIX.
1282 3732 1457 3805 Quae
1506 3739 1568 3790 et
1625 3733 1906 3809 qualis...
1956 3735 2142 3811 facit.
2207 3735 2370 3796 Cum
2418 3754 2502 3795 ex
2551 3737 2740 3796 corde
2789 3739 3079 3797 humano
3137 3735 3571 3812 coqitationes
3624 3733 3805 3792 malae

707 3848 1106 3925 frequenter
1138 3846 1407 3915 exeant,
1447 3841 1763 3917 quomodo
1797 3843 1953 3901 sciri
1979 3848 2196 3919 potest
2231 3862 2398 3918 quae
2434 3862 2517 3902 eae
2551 3846 3042 3920 corruptione...

780 3942 950 4007 (lbia.
982 3946 1189 4015 quaest.
1220 3937 1402 4000 XXX.
1432 3938 1539 3993 (301.
1575 3940 1736 4002 1050)

997 4033 1184 4095 XXX.
1222 4032 1568 4108 Numquid
1600 4032 2012 4109 spiritalibus
2048 4033 2320 4092 oculis...

783 4138 952 4205 (Ibid.
984 4132 1463 4211 quaest-XXXII.
1491 4135 1598 4195 col.
1636 4136 1796 4199 1051)

993 4232 1212 4291 XXXI.
1243 4232 1424 4307 anis
1450 4233 1861 4307 gehennae...
1897 4230 1977 4288 de
2011 4232 2295 4288 materia
2321 4237 2602 4307 quatuor
2636 4230 3133 4290 elementorum.

784 4330 954 4397 (lbid.
986 4334 1190 4403 quaest.
1220 4324 1498 4390 XXXIII)

996 4419 1242 4479 XXXII.
1283 4419 1711 4480 Parabolae...

774 4518 946 4586 (Ibid.
978 4524 1181 4592 quaest.
1201 4514 1446 4589 XXXV,
1476 4516 1581 4572 col.
1613 4519 1790 4581 1052).

995 4608 1270 4668 XXXIII.
1314 4609 1475 4668 Cum
1511 4608 1938 4667 secundum...

781 4706 950 4776 (Ibid.
983 4712 1188 4781 quaest.
1218 4703 1505 4771 XXXVI).

992 4795 1322 4859 XXXIIII.
1363 4798 1533 4871 Quid
1568 4800 1940 4874 specialis..

777 4897 946 4965 (Ibid.
977 4902 1185 4971 quaest.
1216 4893 1515 4962 XXXVII)

985 4988 1221 5048 XXXV.
1259 4988 1340 5046 In
1377 4987 1562 5063 quali
1593 5005 1932 5063 corpore...

775 5087 943 5154 (lbid.
974 5094 1180 5161 quaest.
1211 5086 1538 5149 XXXVIII,
1567 5087 1674 5142 col.
1712 5089 1869 5147 1053)
