4036 6117
1616 515 2075 565 nrisroLAE.
3176 495 3305 557 397

287 640 521 714 lemur,
575 647 640 701 et
674 657 794 717 pro
838 642 986 716 jure
1041 640 1522 716 familiaritatis
1572 645 1638 699 et
1687 640 2044 711 amicitiae,
2100 638 2256 696 licet
2301 653 2429 696 non
2485 635 2798 710 indigeat,
2849 633 3072 694 debita
3121 632 3375 708 persol-

288 760 523 803 vamus
558 743 799 804 officia.

377 848 558 919 Quod
611 850 666 907 si
718 847 934 907 adhuc
983 850 1332 922 superstes
1381 848 1486 906 est
1531 846 1765 906 eadem
1814 846 2008 906 beata
2058 851 2295 918 mater,
2349 831 2660 915 insistite,
2713 841 3017 914 obsecro,
3067 844 3136 898 et
3184 842 3371 900 orate

287 967 456 1024 eam,
511 958 580 1010 ut
623 951 986 1010 secundum
1037 951 1243 1010 verba
1296 949 1577 1009 fratrum
1629 950 2096 1009 villarensium
2149 950 2213 1007 in
2247 948 2577 1007 solutione
2626 945 3119 1022 praedictarum
3172 956 3371 1019 quae-

289 1057 578 1113 stionum
633 1056 721 1113 ita
759 1055 1057 1113 materiei
1110 1053 1420 1127 dignitati
1469 1053 1835 1123 deserviat,
1887 1058 2218 1128 quatenus
2254 1052 2317 1110 in
2370 1051 2568 1111 rebus
2603 1049 2807 1109 tantis
2858 1063 3028 1124 quae
3064 1052 3217 1107 sunt
3263 1059 3373 1105 ne-

290 1159 581 1216 cessaria
632 1174 758 1216 non
815 1158 1102 1231 omittat,
1155 1164 1218 1215 et
1253 1173 1424 1233 quae
1481 1162 1637 1216 sunt
1678 1156 1977 1229 dicenda,
2031 1155 2383 1216 brevitatis
2432 1154 2653 1213 studio
2712 1152 2894 1212 nulla
2944 1149 3370 1210 festinatione

291 1263 685 1335 praetereat.

379 1364 441 1424 Si
493 1383 650 1426 vero
701 1364 1015 1425 defuncta
1061 1367 1188 1438 est,
1242 1365 1594 1426 rescribite
1644 1364 1860 1438 nobis,
1913 1379 2045 1440 qua
2091 1363 2199 1423 die
2247 1362 2486 1422 educta
2530 1361 2613 1422 de
2659 1374 2964 1437 corpore,
3016 1373 3148 1434 quo
3199 1357 3369 1429 loco,

291 1478 404 1531 aut
460 1491 498 1530 a
546 1472 791 1547 quibus
847 1471 1154 1546 personis
1210 1472 1594 1545 sepulturae
1650 1469 1897 1529 tradita
1948 1469 2067 1543 sit,
2126 1473 2194 1527 et
2241 1469 2377 1526 tam
2434 1471 2823 1543 praesentes
2880 1478 3080 1540 quam
3129 1466 3197 1521 et
3251 1474 3370 1520 eos

286 1590 454 1650 quos
491 1576 554 1633 in
589 1575 956 1650 praeterita
1003 1575 1518 1651 quadragesima
1553 1573 1633 1634 ad
1669 1590 1816 1632 eam
1867 1574 2128 1632 litteras
2162 1571 2560 1644 direxeram,
2611 1585 2763 1629 cum
2798 1566 3122 1643 subjectis
3171 1577 3373 1640 quae-

289 1680 576 1740 stionum
627 1681 965 1758 capituliS,
1016 1685 1084 1739 et
1115 1696 1345 1739 earum
1397 1679 1862 1752 solutionibus,
1917 1678 1975 1737 si
2009 1694 2179 1753 quas
2230 1683 2451 1736 tamen
2500 1681 2652 1735 ante
2701 1673 2957 1735 obitum
3006 1685 3203 1731 suum
3238 1667 3372 1728 sol-

286 1790 496 1861 verat,
546 1789 743 1849 nobis
792 1790 1077 1848 solerter
1125 1787 1467 1848 remittite:
1518 1792 1849 1864 quatenus
1900 1793 2036 1847 tam
2069 1792 2302 1847 nostra
2351 1786 2433 1846 ad
2466 1801 2638 1859 eam,
2689 1799 2888 1860 quam
2938 1781 3085 1857 ejus
3134 1778 3213 1839 ad
3249 1791 3373 1837 nos

287 1895 540 1970 scripta
587 1896 712 1956 sub
746 1911 873 1956 uno
923 1887 1159 1979 [libro]
1195 1896 1715 1972 compingentes,
1763 1889 1810 1973 ¹)
1847 1901 2114 1970 gratum
2164 1907 2428 1970 semper
2475 1895 2544 1952 et
2583 1891 2796 1952 oculis
2830 1894 2897 1948 et
2930 1886 3207 1948 auribus
3255 1897 3369 1943 no·-

291 2000 452 2060 stris
494 2000 641 2075 eJus
674 2001 1063 2061 memoriale
1096 1999 1588 2076 provideamus,

379 2103 647 2163 Librum
680 2107 1071 2164 meritorum
1109 2107 1307 2179 vitae,
1340 2101 1393 2181 ²)
1431 2104 1514 2164 ab
1551 2104 1695 2179 ipsa
1730 2109 1963 2163 sancta
1995 2108 2212 2164 matre
2244 2106 2478 2163 nostra
2510 2098 2785 2174 editum,
2823 2114 2862 2158 a
2895 2093 3226 2156 charitate
3260 2106 3375 2151 ve·

287 2211 429 2267 stra
482 2207 675 2267 nobis
724 2209 1228 2284 transmissum,
1287 2208 1552 2269 debitae
1605 2207 2061 2292 venerationis
2110 2206 2355 2268 affectu
2402 2203 2861 2278 suscepimus;
2920 2212 3182 2260 summa
3229 2210 3369 2255 am-

291 2310 644 2371 miratione
689 2311 963 2387 dignum
994 2312 1326 2387 ducimuS,
1379 2312 1571 2388 quus
1607 2312 1887 2372 mirifica
1920 2312 2226 2372 doctrina
2258 2317 2327 2370 et
2359 2310 2768 2369 Villarenses
2822 2304 3039 2382 primo
3073 2301 3156 2362 ad
3191 2315 3371 2360 men·

292 2429 434 2472 sam
484 2430 675 2474 suam
707 2415 956 2491 optime
1005 2416 1294 2491 saginati
1343 2421 1517 2491 sunt,
1570 2422 1638 2475 et
1670 2432 1792 2475 nos
1841 2414 2035 2476 modo
2069 2413 2151 2476 ad
2199 2413 2551 2474 lectionem
2601 2409 3035 2471 collationum
3081 2403 3369 2463 delecta-

289 2517 516 2577 biliter
560 2525 888 2594 potamur.
924 2519 1354 2595 Omnipotens
1399 2520 1577 2580 Deus
1610 2519 1694 2581 ab
1729 2521 1908 2580 omni
1958 2521 2133 2581 malo
2168 2534 2289 2580 vos
2324 2516 2682 2586 custodiat,
2732 2517 2800 2576 et
2834 2510 3134 2576 subsidia
3176 2506 3369 2567 vobis

289 2637 452 2682 suae
484 2624 921 2699 protectionis
955 2639 1218 2701 semper
1251 2625 1613 2703 indulgeat.
1651 2626 1879 2686 Amen.
1913 2625 2093 2686 Vale.

1681 2842 1974 2915 XXIII.

1375 3086 1763 3165 Hildeyardi
1814 3084 2187 3147 Guibertus.
2236 3080 2287 3163 3>

297 3274 500 3329 Laetus
528 3270 713 3329 fausto
750 3272 975 3336 nuntio,
1006 3271 1335 3343 Hildegardi
1374 3278 1433 3329 et
1457 3274 1804 3329 monialibus
1827 3272 1946 3328 suis
1982 3271 2336 3329 commendat
2365 3272 2631 3342 juvenem
2658 3269 3019 3332 saecularem.
3042 3265 3181 3322 duos
3204 3265 3369 3324 cleri·

369 3375 486 3422 cos,
515 3374 577 3415 ac
604 3358 914 3415 Robertum
944 3359 1253 3421 novitium.
1281 3358 1551 3431 epistolae
1575 3360 1927 3432 scriptorem.

1692 3547 1745 3586 a.
1797 3531 1971 3584 1178.

381 3725 854 3788 Sanctissimae
891 3731 1088 3789 matri
1124 3745 1286 3790 suae
1321 3728 1396 3788 H.
1434 3728 1505 3789 G.
1543 3731 1881 3789 aeternam
1919 3729 1986 3787 in
2016 3726 2295 3788 Domino
2332 3728 2638 3787 salutem.

381 3830 656 3891 Gladius
690 3832 965 3907 doloris,
1018 3834 1131 3908 qui
1165 3848 1244 3892 ex
1292 3831 1635 3908 divulgata
1668 3832 1841 3908 apud
1890 3848 2012 3891 nos
2049 3836 2262 3891 morte
2295 3836 2433 3905 tua,
2486 3832 2773 3890 animam
2812 3842 3027 3889 meam
3069 3829 3371 3905 pertran-

294 3934 491 4008 sibat,
528 3933 842 3996 redeunte
877 3954 915 3995 a
948 3935 1356 3996 beatitudine
1391 3928 1570 4020 [tua]
1605 3951 1838 3996 sorore
1870 3934 2209 4009 Mathilde‚
2241 3938 2391 4008 post
2423 3934 2656 4009 longas
2685 3931 2950 3991 tandem
2985 3945 3233 4001 moras,
3268 3926 3369 3986 di-

296 4038 518 4095 motus
551 4043 672 4097 est.
708 4037 869 4097 Post
903 4038 1163 4111 longae,
1217 4039 1512 4113 inquam,
1550 4053 1795 4110 moraS,
1847 4037 2005 4113 quia
2040 4053 2188 4096 cum
2228 4036 2365 4109 illa,
2418 4040 2568 4094 ante
2604 4032 3039 4092 festivitatem
3072 4028 3367 4089 omnium

295 4146 702 4214 sanctorum,
758 4147 822 4200 te
871 4147 1104 4216 petens
1153 4159 1190 4201 a
1234 4142 1426 4201 nobis
1476 4141 1738 4215 abierit,
1789 4143 1856 4200 et
1902 4139 2306 4216 computatis
2354 4137 2591 4198 diebus
2640 4136 2821 4196 circa
2869 4140 3142 4195 octavas
3190 4132 3371 4192 beati

295 4245 558 4305 Martini
608 4245 905 4305 reditura
953 4249 1332 4321 putaretur,
1392 4245 1676 4322 quodam
1735 4243 2040 4321 praedita
2096 4242 2490 4315 infortuni0‚
2542 4258 2671 4300 non
2717 4239 2847 4300 nisi
2895 4244 3048 4315 post
3094 4243 3371 4299 octavas

296 4349 701 4425 Epiphaniae
735 4366 1008 4409 reversa
1040 4357 1162 4409 est.

389 4454 552 4512 Cum
607 4454 807 4528 igitur
855 4472 932 4511 ex
971 4457 1151 4513 tanta
1201 4455 1518 4513 dilatione
1555 4460 1670 4513 aut
1720 4453 2061 4527 infirmari,
2112 4459 2227 4512 aut
2264 4457 2444 4511 certe
2480 4452 2543 4509 in
2594 4450 2829 4509 itinere
2878 4454 3141 4507 mortua
3190 4445 3374 4505 credi

295 4565 547 4635 posset,
599 4574 676 4616 ex
712 4560 1050 4634 insperato
1103 4560 1388 4633 redienS,
1441 4561 1508 4618 et
1541 4565 1606 4617 te
1650 4559 1841 4634 gravi
1890 4558 2306 4632 aegritudine
2339 4555 2761 4615 convaluisse
2809 4553 3140 4626 nuntianS,
3194 4549 3379 4610 audi-

297 4665 396 4726 tui
444 4680 591 4725 meo
643 4665 957 4741 gaudium
1008 4663 1288 4739 refudit,
1347 4667 1412 4724 et
1463 4664 1719 4724 laetitia
1765 4658 1813 4741 ⁴)
1871 4662 2272 4722 exhilaravit
2318 4666 2628 4734 mentem,
2687 4666 2755 4718 et
2802 4675 2878 4719 os
2928 4673 3170 4730 meum,
3221 4659 3375 4731 post

297 4769 578 4829 multum
615 4785 1010 4843 moerorem,
1064 4772 1127 4829 in
1163 4771 1364 4829 verba
1401 4770 1769 4845 gratiarum
1810 4767 2095 4827 actionis
2131 4766 2397 4825 laxavit.
2436 4766 2566 4824 Nec
2606 4764 2934 4824 immerito
2970 4777 3148 4821 sane:
3185 4759 3373 4835 quip—

373 5006 419 5071 ¹)
442 5005 522 5062 De
549 5008 653 5062 hoc
680 5006 827 5061 libro
854 5008 939 5062 vel
970 5006 1238 5062 fasciculo
1261 5005 1334 5062 ef.
1363 5023 1414 5078 p.
1441 5008 1543 5061 400
1565 5022 1618 5061 n.
1657 5015 1702 5062 1.
1729 5039 1794 5047 ·--
1882 5022 1942 5061 ra
1968 5006 2304 5063 monasteria
2334 5012 2390 5063 et
2431 5008 2578 5062 inter
2606 5019 2852 5061 mensam
2887 5008 2944 5059 et
2973 5002 3031 5057 in
3057 4997 3374 5056 collationi-

299 5094 345 5155 2)
394 5090 605 5146 Mirum
658 5097 742 5147 est
822 5092 1076 5161 ignotum
1176 5092 1389 5147 tamdiu
1461 5094 1794 5148 remansisse
1882 5095 1988 5149 bus
2027 5093 2253 5165 publice
2290 5093 2642 5149 lectitabant.
2675 5124 2742 5135 ·--
2766 5090 2812 5157 ³)
2847 5089 2927 5145 Ex
2957 5087 3145 5145 codem
3175 5085 3295 5142 cod.
3331 5083 3368 5138 l'.

302 5178 451 5233 hunc
491 5178 721 5241 librum,
751 5194 938 5249 quem,
972 5179 1196 5233 vivente
1226 5178 1591 5246 Hildegarde,
1620 5179 1793 5249 majo-
1891 5184 2005 5233 157.
2035 5212 2100 5221 ·--
2126 5178 2167 5241 ⁴)
2193 5180 2453 5233 laetitiam
2474 5179 2592 5232 cod.
