4036 6117
805 445 933 507 400
1955 466 2007 511 s.
2070 463 2608 514 umnscAams

823 582 1060 659 Sicque
1097 583 1161 640 in
1211 582 1406 642 nohis
1456 581 1792 643 ordinavit
1843 583 2264 645 charitatem.
2319 584 2632 647 Charitas
2681 587 2855 646 enim
2910 587 3445 664 inextinguibilis
3500 588 3801 663 igniscat,

727 702 847 762 per
881 702 1082 763 quam
1130 686 1462 746 scintillae
1499 686 1798 762 ejusdem
1848 687 2000 747 fidei
2036 689 2341 764 flagrant,
2394 706 2566 764 quae
2606 691 2671 748 in
2705 692 3022 753 cordibus
3071 694 3363 753 fidelium
3401 694 3668 767 ardent,
3714 695 3803 770 qui

725 808 845 868 per
892 791 1292 851 charitatem
1341 791 1457 849 Dei
1503 790 1585 849 ad
1639 793 1832 851 fidem
1884 795 2357 853 accenduntur:
2412 812 2609 871 quam
2662 813 2999 872 nunquam
3053 798 3297 858 habere
3345 806 3653 874 possent,
3700 800 3803 858 nisi

725 915 879 958 eum
915 901 980 958 in
1013 897 1212 957 corde
1247 898 1438 973 prius
1474 896 1851 972 diligerent,
1889 905 1956 957 et
1990 899 2091 958 sic
2124 900 2455 960 ordinatio
2492 901 2845 962 charitatis
2885 905 2950 961 in
2982 905 3177 964 vobis
3210 911 3330 963 est.

814 1003 941 1063 Per
989 1002 1320 1062 scintillas
1369 1017 1654 1077 namque
1695 1003 1880 1077 istas,
1933 1020 2105 1079 quae
2141 1020 2217 1062 ex
2255 1006 2399 1080 ipsa
2434 1022 2593 1066 vera
2644 1007 2769 1066 fide
2812 1013 3196 1084 erumpunt,
3249 1016 3594 1084 martyres
3642 1010 3701 1068 in
3731 1009 3805 1069 ef·

729 1112 986 1173 fusione
1036 1109 1382 1185 sanguinis
1438 1110 1519 1169 ad
1571 1111 1890 1168 coelestia
1938 1109 2274 1168 desideria
2324 1111 2747 1186 volaverunt,
2804 1114 3116 1173 ardentes
3169 1115 3281 1173 illo
3333 1114 3806 1188 inextinguibili

722 1214 1073 1277 charitatis
1126 1215 1296 1288 igne,
1346 1219 1413 1272 et
1464 1213 1738 1272 floribus
1790 1215 2093 1289 martyrii
2144 1212 2433 1287 suffulti,
2487 1215 2569 1273 ad
2619 1222 2963 1276 aeternam
3012 1217 3302 1292 gloriam
3350 1224 3801 1292 pervenerunt.

720 1321 968 1381 Eadem
1001 1330 1160 1378 vero
1196 1317 1490 1377 charitas
1539 1317 1852 1376 scintillis
1885 1316 2271 1393 praedictae
2322 1333 2524 1377 verae
2565 1317 2717 1377 fidei
2760 1322 3016 1379 mentes
3051 1321 3504 1396 plurimorum
3541 1321 3806 1380 fidelium

727 1425 946 1487 adhuc
993 1423 1290 1501 quotidie
1339 1422 1572 1496 replet,
1624 1422 1736 1498 qui
1769 1421 2105 1497 justitiam
2155 1419 2268 1479 Dei
2319 1422 2646 1496 esuriunt,
2699 1439 2822 1481 nec
2872 1438 3210 1499 umquam,
3264 1425 3423 1484 licet
3479 1424 3597 1483 illa
3646 1429 3801 1483 satu·

732 1531 886 1604 rati,
919 1524 968 1608 ¹)
1019 1528 1087 1588 in
1130 1526 1423 1587 taedium
1473 1525 1621 1599 cogi
1672 1530 1976 1600 possunt:
2031 1524 2593 1599 quemadmodum
2642 1540 2763 1583 nec
2813 1525 3032 1599 angeli
3081 1526 3340 1586 visione
3399 1527 3641 1586 vultus
3683 1525 3799 1597 Dei,

712 1652 912 1716 quem
968 1649 1233 1710 semper
1287 1632 1642 1706 aspiciunt,
1703 1630 1927 1706 aliquo
1985 1630 2371 1690 afficiuntur
2430 1629 2721 1704 fastidio,
2782 1631 3098 1706 quoniam
3158 1633 3300 1708 ipse
3356 1630 3663 1690 charitas
3707 1628 3799 1686 illa

730 1747 859 1818 est,
898 1755 1070 1819 quae
1102 1754 1225 1798 nec
1258 1737 1551 1806 initium,
1589 1751 1709 1795 nec
1744 1735 1939 1794 finem
1978 1734 2199 1794 habet.

819 1847 941 1907 Isti
988 1859 1148 1906 vero
1183 1842 1361 1904 beati
1412 1842 1741 1917 homineS,
1794 1840 2091 1901 fiduciali
2125 1855 2246 1917 spe
2297 1840 2881 1904 innumerabilium
2932 1840 3258 1901 bonorum
3310 1843 3629 1901 aeternae
3675 1839 3800 1898 bea-

728 1949 1036 2012 titudinis
1091 1947 1287 2024 quasi
1336 1947 1534 2006 malis
1581 1944 1836 2020 stipati,
1895 1945 1978 2005 ad
2032 1943 2237 2003 Deum
2299 1960 2565 2021 semper
2619 1945 2957 2017 anhelant,
3019 1962 3224 2022 quum
3275 1945 3501 2020 ipsum
3557 1944 3796 2018 gustum

727 2056 950 2118 carnis
998 2055 1066 2114 in
1113 2052 1497 2128 semetipsis
1553 2065 1707 2110 cum
1754 2048 2076 2125 martyrio
2133 2054 2635 2124 exsuperanteS,
2694 2052 3147 2124 contemnunt,
3207 2052 3320 2125 qui
3372 2052 3440 2109 in
3490 2047 3797 2108 hominem

726 2177 848 2238 per
895 2161 1166 2235 gustum
1215 2157 1392 2232 pomi
1441 2155 1622 2215 Adae
1672 2155 1996 2214 introivit.
2049 2154 2295 2213 Unicus
2343 2169 2631 2230 namque
2682 2153 2830 2214 fons
2877 2155 3098 2229 gratia
3139 2172 3263 2215 sua
3313 2155 3406 2214 ita
3440 2169 3563 2213 eos
3613 2150 3795 2212 infun-

727 2265 848 2340 dit,
886 2269 960 2323 ut
991 2278 1033 2322 a
1079 2260 1522 2321 delectatione
1570 2259 1794 2318 carnis
1842 2257 2120 2317 extincti
2153 2272 2273 2334 per
2322 2257 2807 2317 indeficientem
2858 2258 3150 2317 esuriem
3183 2264 3250 2318 et
3300 2259 3488 2318 sitim
3516 2255 3794 2333 justitiae

729 2368 870 2443 Dei,
925 2368 992 2428 in
1026 2380 1254 2426 amore
1302 2362 1450 2439 ejus
1498 2363 1878 2438 langueant,
1928 2361 2139 2421 donec
2186 2362 2252 2419 in
2287 2366 2559 2421 aeterna
2607 2362 2747 2422 vita
2797 2361 3251 2438 magnitudine
3299 2362 3561 2438 gloriae
3611 2359 3791 2436 ipsius

732 2472 1020 2533 feliciter
1053 2472 1465 2532 saturentur.

820 2574 872 2635 O
918 2574 1037 2635 filii
1068 2573 1210 2648 Dei,
1261 2574 1329 2632 et
1363 2587 1482 2632 vos
1517 2570 1584 2630 in
1630 2570 1960 2631 charitate
2010 2571 2140 2630 ista
2189 2572 2434 2646 signati
2468 2571 2664 2642 estiS‚
2714 2574 2875 2648 quia
2908 2574 2977 2634 in
3023 2588 3225 2634 carne
3272 2577 3508 2632 vestra
3540 2570 3590 2650 ²)
3638 2583 3794 2630 mun-

730 2680 889 2740 dum
916 2675 1274 2754 respuistis
1300 2680 1574 2751 propter
1598 2689 1894 2734 amorem
1921 2674 2065 2733 veri
2100 2675 2286 2749 solis,
2318 2675 2578 2735 scilicet
2604 2676 2754 2736 Filii
2779 2676 2919 2751 Dei,
2950 2678 3063 2753 qui
3098 2676 3180 2736 de
3206 2692 3405 2737 carne
3433 2677 3677 2736 Mariae
3707 2686 3793 2730 ve-

730 2800 847 2844 rus
896 2781 1092 2844 homo
1127 2780 1374 2854 floruit,
1426 2781 1493 2840 et
1526 2779 1641 2856 qui
1683 2778 2084 2839 charitatem
2134 2796 2326 2839 suam
2363 2781 2427 2840 in
2476 2781 2670 2841 nobis
2703 2782 3057 2844 ordinavit.
3109 2783 3295 2844 Nunc
3329 2789 3556 2843 autem
3606 2778 3791 2857 puris-

730 2889 976 2947 simum
1011 2886 1236 2945 lumen
1276 2882 1420 2943 veri
1455 2882 1621 2942 solis
1667 2898 1790 2942 vos
1825 2882 2179 2957 illuminet,
2230 2888 2297 2943 et
2329 2882 2587 2958 doceat,
2638 2891 2712 2945 ut
2751 2886 2814 2944 in
2849 2891 3085 2945 sancta
3131 2886 3644 2946 conversatione
3675 2879 3790 2941 feli·

727 2993 789 3053 ci
823 2991 951 3051 fine
987 2990 1079 3050 ita
1111 2987 1587 3066 perseveretiS,
1625 2991 1955 3063 quatenus
1990 2987 2055 3047 in
2088 3003 2250 3047 vera
2285 2987 2697 3048 beatitudine
2724 2989 2798 3048 -in
2832 2996 3177 3051 aeternum
3212 2991 3483 3051 vivatis

814 3095 952 3170 Ego
988 3098 1214 3154 autem
1245 3091 1655 3168 paupercula
1688 3093 1756 3151 et
1803 3090 2072 3151 indocta
2106 3089 2342 3166 forma,
2394 3107 2566 3167 quae
2599 3093 2991 3167 magisterio
3041 3093 3412 3170 profundae
3447 3090 3784 3171 sapientiae

725 3203 995 3259 vestrae
1044 3194 1350 3271 subJecta
1398 3210 1576 3265 sum,
1625 3199 1899 3270 propter
1946 3193 2211 3254 fidelem
2257 3194 2649 3270 petitionem
2697 3194 3051 3257 charitatis
3099 3202 3393 3272 vestrae,
3445 3197 3531 3258 ad
3578 3206 3781 3256 verum

730 3307 953 3365 lumen
1000 3302 1258 3380 aspexi,
1296 3308 1363 3361 et
1411 3305 1734 3377 quantum
1768 3315 1887 3376 per
1918 3301 2204 3375 gratiam
2252 3299 2393 3375 Dei,
2446 3301 2514 3360 in
2545 3300 2991 3362 solutionibus
3040 3301 3518 3378 quaestionum
3562 3299 3783 3358 vestra-

727 3424 874 3467 rum
909 3406 1237 3480 laboravi,
1291 3404 1580 3481 quadam
1630 3404 1987 3480 scriptura,
2026 3419 2230 3479 quam
2279 3404 2655 3480 incoeptam
2702 3404 2995 3465 nondum
3043 3405 3411 3481 complevi,
3464 3403 3779 3477 occupata,

727 3515 795 3570 et
826 3509 1032 3569 etiam
1065 3523 1226 3584 prae
1260 3507 1467 3566 nimia
1509 3505 1917 3580 infirmitate,
1969 3522 2104 3582 qua
2135 3506 2251 3566 diu
2282 3521 2362 3566 ex
2393 3508 2739 3568 voluntate
2787 3508 2904 3567 Dei
2939 3507 3229 3583 affligor,
3264 3508 3560 3582 detenta,
3595 3510 3780 3566 tamen

725 3612 1235 3691 quatuordecim
1292 3610 1660 3670 solutiones
1708 3610 2095 3669 earumdem
2145 3612 2616 3686 quaestionum
2665 3612 3108 3689 praescripsi,
3168 3611 3285 3671 sed
3333 3611 3647 3686 deinceps
3685 3617 3780 3680 per

728 3717 1013 3793 gratiam
1068 3714 1183 3774 Dei
1243 3712 1502 3772 viribus
1559 3713 1924 3788 restitutiS,
1983 3721 2052 3774 et
2097 3715 2443 3791 praedicto
2491 3731 2690 3791 opere
2740 3716 3094 3791 complet0,
3154 3717 3221 3775 in
3271 3714 3424 3776 aliis
3476 3705 3776 3785 solvendis

725 3828 1046 3900 quantum
1082 3835 1119 3879 a
1152 3832 1442 3894 superno
1477 3815 1865 3877 conceditur
1897 3818 2200 3892 arbitri0‚
2238 3817 2581 3879 efficacius
2615 3834 2887 3894 operam
2921 3819 3114 3879 dabo,

2142 4010 2294 4084 XX
2306 4012 2390 4083 V.

1873 4218 2183 4279 Guiberto
2230 4221 2445 4296 frater
2496 4222 2571 4281 R.
2622 4215 2670 4297 ³)

724 4411 1047 4482 congaudet
1083 4410 1357 4479 Binguiae
1403 4406 1797 4468 commoranti,
1839 4406 2160 4477 iterumque
2199 4405 2427 4463 refricat
2467 4407 2756 4463 solvendas
2794 4408 3151 4479 quaestiones
3188 4406 3623 4465 villarensium,
3656 4408 3768 4469 quae

799 4497 953 4554 hisce
981 4496 1192 4552 litteris
1219 4495 1626 4565 subjiciuntur.

2129 4661 2182 4698 a.
2234 4645 2407 4698 1178.

809 4826 1086 4886 Domino
1122 4832 1188 4884 et
1223 4825 1435 4883 amico
1472 4825 1646 4883 fideli
1682 4824 1754 4883 G.
1799 4823 1873 4882 fr.
1912 4822 1984 4881 R.
2027 4824 2090 4882 in
2126 4822 2394 4882 Christo
2429 4824 2657 4882 vivere
2690 4830 2755 4883 et
2793 4826 2857 4883 in
2893 4826 3037 4900 ipso
3074 4824 3262 4884 mori.

809 4931 1204 4990 Diuturnam
1264 4931 1474 4987 vestri
1535 4928 1811 5003 Bingiae
1871 4928 2349 4987 commorantis
2415 4928 2786 4987 absentiam
2811 4977 2824 5002 ,
2887 4931 2952 4988 in
3017 4929 3319 5004 partibus
3379 4926 3626 4987 nostris
3680 4907 3767 4989 qui

795 5118 836 5181 ¹)
866 5122 1113 5173 saturari
1139 5117 1257 5173 eod.
1283 5148 1342 5157 ---
1358 5118 1402 5180 ²)
1423 5121 1654 5172 incarne
1679 5123 1861 5172 nostra
1890 5116 2010 5170 cod.
2038 5115 2157 5180 --—³)
2185 5115 2261 5169 Ex
2283 5116 2461 5185 ejusd.
2487 5115 2606 5173 cod.
2629 5116 2722 5171 sol.
2747 5122 2861 5173 158.
2899 5117 2945 5173 is
2975 5117 3101 5174 fort.
3131 5124 3214 5173 est
3235 5116 3518 5173 Robertus
3545 5109 3758 5180 script&-
