4036 6117
749 462 883 527 274
1909 486 1960 531 s,
2012 482 2549 534 1111.n1·:GAnnts

679 602 805 671 vit,
858 618 987 661 non
1021 600 1308 675 Lucifer3
1360 602 1674 679 quoniam
1728 604 1837 663 ille
1886 620 1962 663 ex
2000 622 2132 681 quo
2183 607 2448 681 cecidit,
2486 607 2567 666 de
2605 608 2750 666 loco
2785 608 3175 682 gehennalis
3209 606 3604 685 perditionis
3638 620 3768 667 mo⁴

680 712 788 765 tus
824 723 953 766 non
986 709 1112 781 est,
1133 701 1178 784 ¹)
1216 708 1374 782 quia
1403 713 1587 766 tanta
1617 707 1937 769 fortitudo
1966 710 2264 769 malitiae
2295 711 2357 770 in
2388 712 2501 771 illo
2536 717 2663 786 est,
2695 713 2751 771 si
2778 712 3004 787 egredi
3039 713 3563 788 permitteretur,
3594 710 3765 787 quod

676 811 878 870 etiam
914 828 1137 871 aerem
1189 812 1252 870 in
1289 813 1514 888 aliqua
1562 819 1752 888 parte
1786 820 2139 873 everteret:
2178 815 2349 874 unde
2382 832 2501 891 per
2533 815 2828 876 divinam
2864 817 3227 890 potentiam
3264 818 3357 876 ita
3390 814 3764 889 comprimi-

676 920 814 989 tur,
867 931 947 974 ne
997 916 1407 976 voluntatem
1460 933 1651 976 suam
1702 918 1768 976 in
1816 917 2117 992 nequitia
2166 935 2287 977 sua
2337 935 2646 978 exercere
2695 920 2936 996 possit,
2989 920 3104 979 sed
3156 927 3415 980 tantum
3465 920 3633 979 alios
3682 917 3761 977 ad

674 1020 1142 1096 decipiendum
1177 1020 1479 1080 homines
1515 1022 1782 1081 emittit.

766 1125 847 1183 Et
883 1126 978 1182 ita
1028 1125 1204 1182 discit
1240 1125 1328 1192 ei,
1368 1124 1627 1183 scilicet
1662 1124 1951 1199 Christ0,
1992 1127 2436 1201 permissione
2461 1125 2511 1203 2)
2552 1127 2781 1202 ipsius:
2824 1128 2894 1188 Si
2930 1126 3143 1187 Filius
3174 1128 3295 1187 Dei
3322 1146 3411 1201 eS,
3451 1126 3763 1202 quoniam

671 1245 803 1286 non
842 1227 1007 1287 facis
1048 1234 1121 1287 ut
1155 1226 1378 1301 homo,
1415 1228 1635 1287 sciens
1668 1228 1874 1289 Deum
1908 1230 2147 1289 Filium
2187 1231 2571 1290 habiturum
2605 1247 2779 1306 esse,
2816 1236 2882 1292 et
2916 1232 3041 1291 hoc
3074 1232 3154 1290 de
3188 1231 3535 1307 prophetis
3569 1246 3767 1291 nove-

675 1335 815 1404 rat,
869 1331 1199 1408 quomodo
1233 1337 1455 1391 autem
1508 1332 1718 1405 fieret,
1755 1334 2130 1403 nesciebat,
2182 1336 2337 1409 quia
2376 1336 2685 1395 Christus
2736 1342 2808 1395 ut
2844 1338 3157 1412 spiritus,
3194 1341 3262 1394 et
3295 1352 3423 1395 non
3457 1342 3527 1396 ut
3565 1334 3762 1395 homo

671 1441 829 1494 tunc
882 1435 1061 1494 fecit.
1099 1435 1515 1510 Quapropter
1562 1435 1881 1496 Diabolus
1914 1438 2302 1513 dubitabat,
2356 1440 2514 1515 quia
2548 1440 2858 1515 quamvis
2892 1456 3043 1499 cum
3095 1443 3167 1500 ut
3216 1440 3550 1499 hominem
3587 1439 3765 1498 vide-

671 1545 809 1611 ret,
864 1545 1083 1597 tamen
1134 1538 1386 1596 nullum
1437 1545 1824 1613 peccatum,
1876 1556 1997 1599 nec
2046 1543 2316 1614 gustum
2365 1543 2622 1616 peccati
2675 1545 2738 1600 in
2787 1558 2865 1600 eo
2901 1543 3186 1617 reperit,
3240 1557 3360 1600 nec
3406 1547 3667 1616 patrem
3699 1540 3761 1599 ei

671 1644 947 1716 sciebat,
1001 1643 1115 1701 sed
1154 1648 1432 1701 matrem
1483 1642 1625 1715 eJus
1661 1642 1994 1717 Virginem
2046 1643 2335 1703 videbat.
2372 1644 2534 1703 Nam
2573 1645 2637 1703 in
2672 1646 3045 1704 subtilitate
3092 1651 3374 1704 naturae
3408 1660 3567 1704 suae
3618 1645 3760 1719 ipse

664 1746 984 1806 Diabolus
1036 1745 1313 1818 sciebat,
1354 1751 1424 1803 ut
1471 1743 1648 1804 Deus
1683 1744 2014 1805 hominem
2071 1747 2162 1805 ita
2197 1763 2617 1823 nequaquam
2668 1749 2888 1822 perire
2937 1748 3393 1824 permitteret,
3445 1749 3607 1823 quin
3641 1747 3761 1807 ali-

668 1850 843 1925 quod
895 1849 1249 1907 consilium
1298 1865 1420 1907 sua
1471 1849 1727 1907 ratione
1778 1848 1858 1908 ad
1907 1850 2325 1925 eripiendum
2392 1851 2578 1909 illum
2630 1852 3026 1927 quandoque
3075 1852 3433 1911 emitteret.
3484 1852 3564 1910 Et
3613 1850 3757 1908 ideo

670 1968 819 2011 cum
873 1953 936 2011 in
974 1953 1241 2011 Christo
1293 1957 1545 2011 tantam
1594 1953 1911 2011 virtutem
1966 1954 2270 2027 vidisset,
2308 1955 2587 2027 putabat
2632 1955 2839 2014 Deum
2876 1957 3093 2031 ipsum
3144 1971 3390 2015 novum
3424 1955 3756 2015 hominem

665 2057 889 2131 aliquo
939 2057 1107 2115 miro
1158 2058 1224 2115 et
1276 2061 1536 2115 secreto
1587 2056 1781 2115 modo
1831 2057 1912 2116 ad
1948 2057 2363 2117 liberandum
2414 2074 2623 2133 genus
2660 2058 3020 2118 humanum
3071 2060 3409 2134 genuisse,
3444 2063 3520 2117 ut
3552 2059 3753 2117 etiam

667 2164 878 2223 Adam
908 2164 1311 2223 mirabiliter
1360 2161 1788 2222 formaverat.
1839 2163 2125 2223 Putabat
2159 2165 2363 2231 enim,
2418 2165 2476 2223 si
2512 2163 2853 2223 Christum
2904 2164 3202 2237 vicisset,
3240 2164 3442 2222 etiam
3480 2178 3753 2238 regnum

663 2268 779 2325 Dei
829 2267 1054 2342 aliqua
1087 2273 1274 2341 parte
1324 2267 1673 2326 destruere
1707 2283 1930 2342 posse:
1983 2268 2139 2342 quia
2174 2267 2253 2325 de
2304 2268 2439 2327 illis
2475 2268 2826 2343 spiritibus
2864 2268 3010 2342 fuit,
3047 2269 3159 2344 qui
3196 2268 3581 2328 hominibus
3617 2273 3750 2326 ten·

665 2372 956 2429 tationes
991 2386 1148 2428 suas
1200 2371 1447 2430 acriter
1496 2371 1883 2430 immittunt.
1932 2370 2012 2429 Et
2046 2371 2231 2430 dixit:
2270 2372 2390 2431 Dic
2433 2372 2575 2430 solo
2624 2372 2853 2445 verb0,
2891 2377 2961 2430 ut
3000 2372 3254 2447 Iapides
3300 2373 3437 2445 isti,
3474 2372 3633 2446 quia
3667 2370 3753 2431 ibi

664 2480 1049 2550 praesentes
1097 2480 1309 2548 erant,
1343 2493 1553 2551 panes
1601 2474 1782 2553 fiant.
1819 2474 1960 2533 Non
2007 2475 2173 2533 dixit
2209 2476 2281 2535 ut
2324 2475 2404 2533 de
2440 2475 2648 2535 nihilo
2683 2492 2890 2551 panes
2930 2475 3200 2546 faceret,
3240 2475 3353 2534 sed
3391 2478 3461 2535 ut
3496 2480 3752 2534 creatu-

667 2595 807 2637 ram
846 2580 909 2637 in
945 2579 1149 2637 alium
1183 2579 1451 2637 modum
1488 2580 1802 2651 mutaret,
1838 2580 1912 2637 ut
1947 2585 2130 2637 tanto
2166 2579 2477 2638 veracius
2512 2584 2976 2654 cognosceret,
3016 2579 3073 2637 si
3115 2579 3254 2655 ipse
3285 2578 3458 2638 Deus
3494 2583 3751 2637 creatu·

670 2698 779 2742 rae
829 2685 1030 2740 esset.
1081 2683 1160 2741 Et
1209 2682 1384 2757 quod
1437 2682 1846 2740 contrarium
1889 2682 2194 2756 justitiae
2243 2683 2358 2741 Dei
2406 2689 2581 2756 erat,
2634 2683 2774 2743 fieri
2825 2684 3183 2757 persuasit,
3221 2683 3379 2757 quia
3428 2682 3750 2740 adversus

658 2788 993 2860 Justitiam
1040 2786 1155 2844 Dei
1192 2791 1396 2859 esset,
1450 2786 1507 2842 si
1542 2791 1916 2844 creaturam
1969 2786 2263 2861 aliquam
2300 2788 2365 2845 in
2415 2787 2621 2846 alium
2656 2787 2923 2846 modum
2975 2791 3287 2859 mutaret,
3334 2792 3403 2843 ut
3435 2784 3748 2843 Diabolus

664 2907 930 2967 semper
979 2891 1118 2949 fieri
1155 2890 1533 2965 persuadet.
1585 2891 1707 2949 Sed
1743 2890 1917 2966 quod
1953 2891 2159 2949 Filius
2194 2891 2309 2949 Dei
2346 2907 2588 2967 aquam
2626 2893 2686 2950 in
2738 2891 2965 2950 vinum
3001 2891 3361 2965 convertit,
3410 2890 3536 2949 hoc
3569 2893 3751 2949 natu-

664 3011 777 3053 rae
826 2995 1234 3054 contrarium
1268 3011 1396 3053 non
1446 2994 1592 3068 fuit,
1631 2995 1786 3070 quia
1835 2994 2064 3052 vinum
2100 2995 2273 3054 sicut
2319 3001 2386 3053 et
2420 3011 2595 3070 aqua
2644 2995 2980 3054 madidum
3014 3001 3117 3054 est
3152 3001 3219 3053 et
3262 2995 3436 3066 fluit,
3490 3001 3557 3052 et
3607 2994 3745 3052 ideo

664 3116 838 3175 aqua
889 3115 1196 3174 saporem
1237 3115 1432 3157 suum
1467 3103 1725 3156 tantum
1761 3098 2077 3170 mutavit;
2116 3099 2369 3173 lapides
2406 3101 2627 3158 autem
2665 3099 2721 3157 si
2756 3116 2962 3174 panes
3002 3098 3159 3158 facti
3196 3098 3506 3171 fuissent,
3545 3097 3746 3156 omni-

667 3222 750 3264 no
784 3210 1094 3264 naturam
1131 3219 1319 3263 suam
1356 3202 1826 3278 perdidissent:
1866 3202 1981 3260 sed
2017 3208 2085 3260 et
2119 3202 2367 3261 idcirco
2402 3219 2641 3277 paneS,
2690 3203 2845 3278 quia
2880 3204 3139 3278 primus
3173 3207 3239 3261 et
3283 3201 3520 3261 sortior
3561 3201 3744 3260 cibus

662 3308 1098 3368 esurientium
1138 3313 1260 3368 est.

753 3413 877 3484 Qui
926 3414 1329 3488 respondens
1363 3413 1562 3472 discit:
1603 3413 1938 3488 Scriptum
1973 3417 2105 3470 est:
2144 3413 2288 3471 Non
2323 3413 2395 3470 in
2444 3411 2576 3469 solo
2604 3429 2780 3487 pane
2815 3414 2967 3470 vivit
3003 3416 3209 3483 homa,
3246 3425 3483 3485 panem
3519 3424 3733 3468 corne-

665 3516 867 3587 denS‚
906 3517 1018 3574 sed
1051 3519 1122 3574 in
1150 3519 1328 3573 omni
1362 3516 1545 3574 verbo
1594 3516 1735 3588 Dei,
1772 3516 1948 3591 quod
1998 3531 2120 3589 ego
2157 3532 2335 3586 sum,
2376 3516 2547 3591 quod
2574 3516 2873 3591 procedit
2908 3517 2986 3573 de
3022 3533 3131 3573 ore
3167 3516 3310 3587 Dei,
3351 3514 3414 3571 id
3448 3519 3554 3572 est
3590 3528 3735 3571 cum

655 3618 944 3676 caeteris
979 3619 1182 3676 etiam
1220 3619 1575 3690 creaturis,
1614 3633 1783 3692 quae
1819 3633 1937 3692 per
1973 3617 2257 3674 Verbum
2292 3616 2409 3676 Dei
2444 3623 2709 3675 creatae
2747 3620 2922 3690 sunt,
2962 3632 3112 3674 cum
3147 3615 3313 3674 dixit
3345 3614 3542 3673 Deus:
3596 3613 3737 3672 Fiat

656 3725 787 3797 lux,
834 3729 900 3781 et
952 3723 1109 3781 siant
1144 3722 1524 3791 luminaria,
1561 3728 1627 3780 et
1663 3723 1960 3797 reliquae
2009 3728 2383 3794 creaturae,
2421 3722 2578 3796 quia
2612 3738 2762 3781 cum
2806 3721 2904 3780 eis
2939 3726 3006 3779 et
3040 3737 3190 3779 cum
3238 3719 3594 3778 elementis
3628 3716 3737 3775 ho-

660 3843 766 3885 mo
800 3827 988 3886 vivit.
1018 3825 1140 3884 Sed
1182 3826 1357 3901 quod
1385 3825 1797 3901 Scripturam
1821 3820 1870 3902 ³)
1911 3825 2184 3898 inducit,
2222 3841 2341 3900 per
2375 3825 2500 3884 hoc
2533 3825 2838 3884 homines
2873 3825 2955 3884 ad
2992 3823 3514 3883 rationalitatem
3551 3821 3736 3879 redu-

652 3931 765 3994 cit.
812 3930 971 4005 quia
997 3930 1420 3988 rationalitas
1462 3929 1524 3988 in
1553 3928 1935 3988 hominibus
1971 3929 2346 4002 scripturas
2374 3929 2648 4002 invenit,
2687 3934 2760 3987 ut
2789 3929 2879 3988 ita
2914 3944 3032 4004 per
3066 3927 3591 3987 rationalitatem
3623 3939 3731 3982 ve-

655 4038 750 4096 lut
777 4052 896 4112 per
931 4036 1305 4111 scripturas
1337 4033 1545 4092 Deum
1572 4040 1997 4108 cognoscant.
2028 4034 2192 4092 Nam
2218 4049 2679 4108 quaecumque
2710 4033 3030 4092 Diabolus
3067 4032 3366 4107 loquitur
3387 4078 3401 4105 ‚
3440 4047 3479 4089 a
3514 4030 3732 4104 seipso

649 4156 727 4199 ea
764 4140 1096 4216 loquitur,
1152 4154 1271 4197 nec
1305 4138 1389 4196 ab
1436 4139 1575 4198 ullo
1610 4138 1984 4214 exemplum
2035 4138 2340 4210 accipere
2373 4136 2710 4212 dignatur,
2748 4143 2819 4196 ut
2856 4138 2999 4212 ipse
3035 4136 3222 4195 solus
3256 4134 3479 4194 omnia
3516 4133 3729 4192 facere

650 4244 979 4303 videatur.

741 4350 921 4408 Tunc
969 4350 1321 4424 assumpsit
1361 4366 1512 4405 eum
1550 4346 1856 4407 Diabolus
1891 4349 1963 4405 in
1997 4352 2293 4405 sanctam
2328 4348 2657 4406 civitatem
2681 4392 2696 4419 ,
2750 4345 2841 4404 ita
2876 4345 3135 4404 scilicet
3176 4342 3352 4419 quod
3386 4340 3724 4410 DiaboluS‚

645 4454 1084 4528 permissione
1121 4453 1394 4526 Christi,
1432 4452 1624 4527 quasi
1676 4451 2007 4510 turbinem
2048 4467 2195 4509 cum
2236 4451 2664 4525 suggestione
2701 4466 2823 4508 sua
2857 4450 3036 4508 circa
3073 4448 3411 4508 Christum
3453 4444 3724 4516 fecerat,

644 4561 711 4614 et
745 4555 915 4614 hanc
956 4553 1000 4633 ⁴)
1036 4555 1356 4614 Diabolus
1392 4554 1635 4628 tetigit,
1673 4560 1738 4613 et
1775 4554 2118 4613 Christum
2152 4569 2376 4612 secum
2412 4569 2492 4613 ea
2525 4554 2799 4613 levitate
2834 4553 2977 4611 sine
3011 4551 3303 4627 pondere
3337 4547 3514 4622 tulit,
3554 4549 3726 4607 sicut

643 4661 847 4717 etiam
887 4660 1028 4734 ipse
1081 4659 1390 4728 Christus
1428 4659 1490 4716 in
1543 4661 1763 4717 monte
1799 4658 2316 4731 transfiguratus
2353 4663 2478 4730 est,
2514 4663 2580 4716 et
2613 4662 2686 4715 ut
2721 4657 2801 4715 ad
2838 4657 3063 4715 coelos
3098 4654 3419 4713 ascendit.
3464 4652 3545 4710 Et
3578 4665 3724 4709 eum

643 4778 870 4821 secum
919 4762 1106 4819 duxit
1153 4777 1354 4834 super
1405 4760 1526 4818 hoc
1577 4760 1752 4836 quod
1804 4760 1896 4818 ibi
1951 4760 2145 4835 quasi
2194 4759 2570 4817 aedificium
2621 4759 2950 4833 apparuit.
2988 4757 3110 4815 Sed
3148 4755 3487 4815 civitatem
3528 4753 3724 4810 istam

639 4867 1062 4940 Evangelista
1113 4882 1241 4924 non
1277 4865 1610 4937 nominat,
1666 4863 1780 4922 sed
1818 4865 2077 4922 tantum
2127 4870 2422 4920 sanctam
2457 4862 2637 4921 dicit.
2675 4863 2837 4920 Nam
2885 4877 3033 4920 cum
3087 4859 3396 4919 Christus
3433 4857 3722 4932 jejunas-

712 5054 753 5116 ¹)
781 5054 890 5108 Nec
922 5052 1089 5108 facite
1119 5051 1173 5106 id
1201 5056 1258 5105 et
1286 5049 1580 5119 sequentia
1608 5049 1743 5103 alibi
1775 5048 2039 5119 reperies,
2065 5078 2135 5088 ——
2289 5048 2333 5111 ⁴)
2361 5049 2521 5110 hanc,
2551 5048 2772 5104 scilicet
2797 5051 3064 5104 turbinem
3090 5061 3214 5114 gen.
3250 5044 3377 5100 sem.
3418 5041 3564 5114 apud
3592 5040 3715 5094 Hil-

636 5142 678 5204 2)
703 5143 1059 5212 promissione
1100 5152 1288 5207 apogr.
1332 5166 1400 5174 —
1437 5134 1480 5198 ³)
1524 5139 1796 5206 scriptura
1834 5149 2021 5204 apogr.
2067 5164 2135 5173 —-
2221 5133 2532 5201 degardcm.
2568 5133 2705 5187 Nota
2734 5148 2927 5187 rursus
2955 5147 3153 5186 novam
3183 5126 3639 5201 explicationem.
