4036 6117
591 377 725 439 214
1742 394 1796 441 s.
1857 393 2417 443 mumoanms

523 533 674 580 cum
724 515 948 578 omnia
981 514 1147 576 haec
1180 530 1333 576 cum
1383 531 1686 577 moerore
1736 517 2227 594 aggregaverit,
2281 517 2348 578 in
2382 516 2682 579 foramen
2730 518 3081 582 molestiae
3131 520 3309 582 sicut
3342 520 3628 583 coluber

525 636 600 682 se
646 619 1025 696 abscondit,
1087 619 1249 696 quia
1296 634 1525 679 omnes
1573 624 2081 696 praetereuntes
2130 627 2348 695 pavet.
2400 620 2722 682 Omnibus
2771 627 2996 683 autem
3054 623 3160 683 his
3197 624 3399 685 morti
3447 623 3627 684 assi-

523 724 822 799 milatur,
873 723 1189 800 quoniam
1236 737 1359 782 nec
1406 722 1491 782 ad
1540 723 1861 784 coelestia
1893 724 2187 800 anhelat,
2224 739 2346 784 nec
2394 723 2461 784 in
2502 725 2820 787 mundum
2870 727 3163 804 confidit,
3215 730 3283 789 et
3324 727 3473 789 ideo
3522 743 3626 787 ze-

529 828 634 888 lus
667 841 858 886 meus
892 840 1095 902 super
1127 840 1273 885 eam
1298 819 1344 904 ¹)
1382 824 1599 901 cadet,
1643 826 2207 903 quemadmodum
2243 828 2571 904 scripturn
2604 834 2729 889 est:

1986 1050 2165 1112 LXV.

1801 1243 2002 1306 Verba
2049 1245 2263 1307 David
2290 1243 2365 1325 ⁴¹).

622 1453 728 1516 84.
779 1455 961 1533 [qnia
1009 1472 1360 1516 succensus
1408 1458 1504 1515 est
1553 1457 1627 1515 in
1673 1457 1904 1534 furore
1952 1471 2120 1531 mec,
2170 1460 2234 1513 et
2282 1452 2536 1515 ardebit
2568 1472 2778 1533 usque
2825 1456 2913 1517 ad
2958 1457 3216 1535 inferni
3248 1457 3625 1516 novissima.

528 1559 716 1632 Quod
764 1561 969 1621 etiam
1001 1560 1102 1620 sic
1151 1559 1656 1636 intelligendum
1701 1561 1825 1620 est.
1860 1558 1997 1635 Ego
2047 1558 2166 1637 qui
2213 1559 2429 1620 solem
2473 1565 2542 1620 et
2575 1559 2803 1620 lunam
2849 1565 2918 1621 et
2949 1575 3181 1621 omnes
3230 1558 3401 1621 alias
3443 1573 3631 1619 crea·-

529 1668 721 1725 turas
754 1665 1005 1741 creavi,
1041 1664 1378 1724 hominem
1413 1664 1808 1725 rationalem
1858 1663 2008 1739 feci,
2047 1668 2380 1741 quatenus
2428 1679 2534 1724 me
2566 1668 3028 1741 cognosceret,
3063 1669 3133 1725 et
3163 1662 3630 1741 cognoscendo

531 1773 811 1844 amaret,
861 1773 931 1828 et
975 1766 1153 1844 quod
1199 1782 1320 1844 per
1364 1767 1900 1828 incredulitatem
1948 1771 2183 1829 contra
2231 1782 2336 1827 me
2382 1782 2516 1827 non
2561 1772 2925 1843 pugnaret,
2977 1767 3136 1843 quia
3195 1767 3443 1827 bonum
3492 1764 3625 1826 sibi

529 1870 765 1931 utilius
819 1875 926 1932 est
971 1887 1177 1947 quam
1223 1871 1497 1946 malurn,
1535 1871 1654 1932 sed
1704 1870 1848 1947 ipse
1894 1886 2002 1931 me
2035 1870 2339 1947 negligit,
2391 1873 2589 1947 quasi
2638 1869 2894 1932 nullam
2927 1871 3216 1931 salutem
3248 1870 3331 1930 de
3371 1885 3479 1930 me
3511 1868 3630 1929 ha·-

529 1973 706 2035 beat.
751 1972 937 2035 Unde
969 1973 1144 2051 ignis
1193 1974 1706 2036 examinationis
1754 1989 2125 2035 succensus
2157 1979 2264 2035 est
2298 1974 2368 2035 in
2398 1974 2542 2035 zelo
2576 1973 2991 2051 judiciorum
3022 1988 3347 2049 meorum,
3383 1972 3453 2032 in
3484 1971 3634 2049 qui-

529 2077 659 2138 bus
705 2078 929 2138 omnia
964 2078 1147 2155 juste
1194 2078 1510 2156 dijudico,
1561 2078 1680 2155 qui
1727 2078 1991 2140 ardebit
2038 2078 2122 2139 ad
2167 2078 2694 2156 profunditatem
2740 2078 3266 2140 novissimarum
3313 2078 3631 2154 iniquita-

530 2184 699 2255 tum,
733 2195 907 2258 quae
940 2182 1008 2240 in
1039 2181 1190 2257 igne
1236 2181 1672 2242 examinanda
1707 2187 1885 2259 sunt,
1920 2182 2238 2259 quoniam
2273 2183 2494 2242 omnia
2525 2180 2824 2258 perfecte
2871 2181 3228 2257 examinat3
3288 2180 3448 2258 quia
3493 2196 3629 2241 non

532 2287 640 2343 est
686 2289 998 2345 creatura
1045 2299 1217 2361 quae
1264 2299 1417 2345 eum
1465 2291 1842 2361 exsuperet,
1879 2288 1995 2348 aut
2036 2301 2208 2363 quae
2250 2301 2406 2347 eum
2452 2285 2842 2362 extinguere
2888 2285 3130 2362 possit,
3180 2284 3497 2363 quoniam
3545 2301 3626 2346 ea

530 2403 704 2464 quae
734 2387 871 2451 Deo
904 2390 1255 2465 resistunt,
1291 2390 1642 2467 perquirit.
1676 2390 1844 2451 Nam
1876 2406 2030 2451 cum
2056 2388 2311 2452 homini
2359 2391 2803 2452 salvationem
2850 2389 3154 2465 ostendo,
3191 2392 3260 2451 et
3307 2404 3460 2450 cum
3510 2389 3625 2450 ille

532 2507 685 2554 eam
730 2508 851 2570 per
896 2493 1433 2555 incredulitatem
1465 2494 1766 2572 negligit,
1800 2493 1984 2572 justo
2013 2494 2268 2572 judicio
2304 2497 2488 2557 zelus
2536 2509 2726 2557 meus
2761 2495 2953 2557 illum
3003 2494 3433 2571 examinabit,
3469 2495 3632 2572 quia

541 2595 789 2658 bonum
845 2597 1024 2675 quod
1070 2598 1133 2658 ei
1180 2597 1714 2660 demonstratum
1747 2602 1874 2677 est,
1911 2600 2259 2677 suscipere
2292 2600 2714 2678 contempsit.

1970 2819 2189 2884 LXVI.

1105 3015 1440 3080 Diabolica
1484 3016 1683 3079 turba
1729 3035 1880 3080 cum
1926 3019 2105 3081 vitiis
2153 3021 2383 3080 contra
2428 3019 2723 3081 homines
2763 3024 3042 3098 puqnat.

627 3224 734 3288 85.
783 3224 892 3286 Sic
922 3223 1255 3288 diabolica
1296 3226 1494 3288 turba
1527 3242 1679 3287 cum
1713 3225 2098 3304 hujusmodi
2130 3226 2341 3303 vitiis,
2376 3231 2453 3287 ut
2484 3224 2863 3304 praefatum
2894 3231 3024 3303 est,
3059 3229 3294 3288 contra
3325 3223 3630 3286 homines

540 3330 813 3407 pugnat,
865 3335 939 3390 ut
970 3345 1089 3392 eos
1137 3330 1205 3390 in
1237 3330 1551 3392 omnibus
1601 3331 1767 3392 locis
1800 3337 1869 3393 et
1902 3331 1970 3393 in
2001 3331 2313 3393 omnihus
2359 3331 2710 3393 elementis
2743 3346 2823 3391 ac
2858 3330 2926 3392 in
2956 3330 3267 3392 omnibus
3315 3328 3669 3406 operibus·

542 3433 687 3494 suis
734 3432 974 3495 laedat.
1000 3426 1051 3515 ³)

1961 3584 2202 3646 LXVII.

1354 3795 1535 3868 Quod
1582 3792 1753 3855 beati
1801 3796 2082 3873 spiritus
2129 3794 2499 3858 hominibus
2547 3797 2811 3856 adsunt.

631 4001 737 4064 86.
787 4001 912 4063 Sed
958 4019 997 4064 e
1029 4008 1263 4064 contra
1311 4004 1501 4064 acies
1550 4004 1906 4066 beatorum
1952 4005 2316 4083 spirituum
2350 4010 2508 4067 sunt
2539 4006 2657 4083 qui
2704 4003 3089 4066 hominihus
3120 3988 3385 4079 adsunt,
3421 4007 3489 4063 et
3521 4002 3636 4080 qui

545 4109 728 4170 vires
775 4108 983 4170 totius
1032 4113 1252 4168 terrae
1298 4113 1366 4168 et
1398 4109 1578 4169 vires
1628 4110 1926 4170 omnium
1970 4111 2458 4172 elementorum
2504 4125 2624 4187 per
2656 4114 3061 4187 potestatem
3106 4107 3225 4168 Dei
3267 4108 3631 4183 continent,

549 4216 621 4272 et
651 4211 767 4287 qui
800 4226 1004 4289 opera
1036 4213 1425 4273 sanctorum
1454 4218 1610 4274 ante
1644 4212 1960 4276 thronum
1991 4214 2111 4276 Dei
2146 4214 2457 4292 offerunt,
2493 4218 2825 4293 quatenus
2858 4213 2951 4275 ibi
2982 4213 3469 4281 discernantur.

1945 4452 2228 4519 LXVIII.

1516 4667 1763 4747 Corpus
1805 4685 1930 4747 pro
1971 4670 2263 4747 peccatis
2310 4669 2671 4750 affliyatur.

642 4867 747 4934 87.
798 4872 1213 4953 Quapropter
1261 4872 1457 4937 homo
1505 4876 1663 4938 dum
1712 4877 1781 4938 in
1817 4877 2087 4939 saeculo
2121 4877 2315 4955 vivit,
2352 4885 2420 4941 et
2466 4879 2623 4941 dum
2671 4878 2917 4941 bonum
2968 4884 3037 4942 et
3083 4877 3330 4944 malum
3380 4875 3646 4958 operari

630 5072 671 5141 Ι)
695 5091 856 5145 cuper
879 5092 943 5131 ea
968 5072 1017 5131 A
1043 5108 1107 5115 —
1135 5077 1179 5143 2)
1217 5074 1396 5133 Immo
1423 5076 1543 5147 lege
1572 5077 1975 5135 Deuteronomii
2000 5077 2247 5143 xxxn.
2274 5082 2361 5136 26.
2394 5113 2413 5120 -
2446 5112 2457 5118 -
2486 5078 2531 5149 ³)
2559 5079 2780 5137 laedam
2803 5077 2895 5136 W.
