<?xml version="1.0" encoding="UTF-8"?>
<!DOCTYPE html PUBLIC "-//W3C//DTD XHTML 1.0 Transitional//EN"
    "http://www.w3.org/TR/xhtml1/DTD/xhtml1-transitional.dtd">
<html xmlns="http://www.w3.org/1999/xhtml" xml:lang="en" lang="en">
 <head>
  <title>
</title>
<meta http-equiv="Content-Type" content="text/html;charset=utf-8" />
  <meta name='ocr-system' content='tesseract 3.04.00' />
  <meta name='ocr-capabilities' content='ocr_page ocr_carea ocr_par ocr_line ocrx_word'/>
</head>
<body>
  <div class='ocr_page' id='page_1' title='image "analectasacrasp05pitrgoog_0311.png"; bbox 0 0 4036 6117; ppageno 0'>
   <div class='ocr_carea' id='block_1_1' title="bbox 1351 499 3374 559">
    <p class='ocr_par' dir='ltr' id='par_1_1' title="bbox 1351 499 3374 559">
     <span class='ocr_line' id='line_1_1' title="bbox 1351 499 3374 559; baseline 0.001 -4"><span class='ocrx_word' id='word_1_1' title='bbox 1351 510 1766 556; x_wconf 67' lang='lat' dir='ltr'>exrosxrm</span> <span class='ocrx_word' id='word_1_2' title='bbox 1815 511 2486 559; x_wconf 67' lang='lat' dir='ltr'>m’ANcEonnuM.</span> <span class='ocrx_word' id='word_1_3' title='bbox 3247 499 3374 559; x_wconf 78' lang='lat'>273</span> 
     </span>
    </p>
   </div>
   <div class='ocr_carea' id='block_1_2' title="bbox 1798 798 2001 903">
    <p class='ocr_par' dir='ltr' id='par_1_2' title="bbox 1798 798 2001 903">
     <span class='ocr_line' id='line_1_2' title="bbox 1798 798 2001 903; baseline 0 0"><span class='ocrx_word' id='word_1_4' title='bbox 1798 798 2001 903; x_wconf 90' lang='lat' dir='ltr'>XI.</span> 
     </span>
    </p>
   </div>
   <div class='ocr_carea' id='block_1_3' title="bbox 1211 1034 2578 1112">
    <p class='ocr_par' dir='ltr' id='par_1_3' title="bbox 1211 1034 2578 1112">
     <span class='ocr_line' id='line_1_3' title="bbox 1211 1034 2578 1112; baseline 0.002 -21"><span class='ocrx_word' id='word_1_5' title='bbox 1211 1034 1288 1092; x_wconf 81' lang='lat' dir='ltr'>In</span> <span class='ocrx_word' id='word_1_6' title='bbox 1338 1038 1558 1112; x_wconf 82' lang='lat' dir='ltr'>prima</span> <span class='ocrx_word' id='word_1_7' title='bbox 1609 1038 1951 1097; x_wconf 81' lang='lat' dir='ltr'>Dominica</span> <span class='ocrx_word' id='word_1_8' title='bbox 2005 1037 2578 1112; x_wconf 73' lang='lat' dir='ltr'>Quadraqesimae.</span> 
     </span>
    </p>
   </div>
   <div class='ocr_carea' id='block_1_4' title="bbox 1875 1274 1919 1332">
    <p class='ocr_par' dir='ltr' id='par_1_4' title="bbox 1875 1274 1919 1332">
     <span class='ocr_line' id='line_1_4' title="bbox 1875 1274 1919 1332; baseline 0.023 -1"><span class='ocrx_word' id='word_1_9' title='bbox 1875 1274 1919 1332; x_wconf 94' lang='lat'>1.</span> 
     </span>
    </p>
   </div>
   <div class='ocr_carea' id='block_1_5' title="bbox 350 1490 3449 3338">
    <p class='ocr_par' dir='ltr' id='par_1_5' title="bbox 350 1490 3449 2401">
     <span class='ocr_line' id='line_1_5' title="bbox 447 1490 3441 1573; baseline 0.001 -23"><span class='ocrx_word' id='word_1_10' title='bbox 447 1492 699 1551; x_wconf 80' lang='lat' dir='ltr'><strong><em>Ductus</em></strong></span> <span class='ocrx_word' id='word_1_11' title='bbox 763 1499 858 1551; x_wconf 86' lang='lat' dir='ltr'>est</span> <span class='ocrx_word' id='word_1_12' title='bbox 912 1494 1102 1553; x_wconf 85' lang='lat' dir='ltr'>Jesus</span> <span class='ocrx_word' id='word_1_13' title='bbox 1150 1496 1225 1554; x_wconf 80' lang='lat' dir='ltr'>in</span> <span class='ocrx_word' id='word_1_14' title='bbox 1273 1495 1633 1570; x_wconf 79' lang='lat' dir='ltr'>desertum,</span> <span class='ocrx_word' id='word_1_15' title='bbox 1683 1490 1729 1573; x_wconf 88' lang='lat'>¹)</span> <span class='ocrx_word' id='word_1_16' title='bbox 1795 1495 1910 1555; x_wconf 90' lang='lat' dir='ltr'>ubi</span> <span class='ocrx_word' id='word_1_17' title='bbox 1967 1496 2151 1555; x_wconf 89' lang='lat' dir='ltr'>nulla</span> <span class='ocrx_word' id='word_1_18' title='bbox 2200 1495 2502 1572; x_wconf 88' lang='lat' dir='ltr'>operatio</span> <span class='ocrx_word' id='word_1_19' title='bbox 2553 1494 2846 1555; x_wconf 90' lang='lat' dir='ltr'>hominis</span> <span class='ocrx_word' id='word_1_20' title='bbox 2895 1495 3000 1555; x_wconf 92' lang='lat' dir='ltr'>vel</span> <span class='ocrx_word' id='word_1_21' title='bbox 3051 1494 3441 1554; x_wconf 88' lang='lat' dir='ltr'>animalium</span> 
     </span>
     <span class='ocr_line' id='line_1_6' title="bbox 358 1593 3449 1674; baseline 0.001 -21"><span class='ocrx_word' id='word_1_22' title='bbox 358 1593 512 1665; x_wconf 81' lang='lat' dir='ltr'>fuit,</span> <span class='ocrx_word' id='word_1_23' title='bbox 564 1601 633 1654; x_wconf 89' lang='lat' dir='ltr'>et</span> <span class='ocrx_word' id='word_1_24' title='bbox 686 1595 812 1655; x_wconf 89' lang='lat' dir='ltr'>hoc</span> <span class='ocrx_word' id='word_1_25' title='bbox 864 1595 1111 1656; x_wconf 84' lang='lat' dir='ltr'>factum</span> <span class='ocrx_word' id='word_1_26' title='bbox 1169 1603 1275 1657; x_wconf 90' lang='lat' dir='ltr'>est</span> <span class='ocrx_word' id='word_1_27' title='bbox 1322 1598 1546 1658; x_wconf 86' lang='lat' dir='ltr'>divino</span> <span class='ocrx_word' id='word_1_28' title='bbox 1602 1599 1909 1674; x_wconf 90' lang='lat' dir='ltr'>consilio,</span> <span class='ocrx_word' id='word_1_29' title='bbox 1946 1605 2021 1658; x_wconf 88' lang='lat' dir='ltr'>ut</span> <span class='ocrx_word' id='word_1_30' title='bbox 2055 1600 2388 1674; x_wconf 83' lang='lat' dir='ltr'>malignus</span> <span class='ocrx_word' id='word_1_31' title='bbox 2432 1600 2726 1659; x_wconf 88' lang='lat' dir='ltr'>tentator</span> <span class='ocrx_word' id='word_1_32' title='bbox 2773 1599 2955 1658; x_wconf 90' lang='lat' dir='ltr'>tanto</span> <span class='ocrx_word' id='word_1_33' title='bbox 3007 1598 3285 1657; x_wconf 90' lang='lat' dir='ltr'>liberius</span> <span class='ocrx_word' id='word_1_34' title='bbox 3333 1614 3449 1657; x_wconf 86' lang='lat' dir='ltr'>vo·</span> 
     </span>
     <span class='ocr_line' id='line_1_7' title="bbox 356 1698 3448 1779; baseline 0.001 -24"><span class='ocrx_word' id='word_1_35' title='bbox 356 1698 677 1758; x_wconf 89' lang='lat' dir='ltr'>luntatem</span> <span class='ocrx_word' id='word_1_36' title='bbox 728 1704 795 1759; x_wconf 89' lang='lat' dir='ltr'>et</span> <span class='ocrx_word' id='word_1_37' title='bbox 828 1701 1229 1760; x_wconf 81' lang='lat' dir='ltr'><strong>tentationes</strong></span> <span class='ocrx_word' id='word_1_38' title='bbox 1264 1718 1424 1761; x_wconf 90' lang='lat' dir='ltr'>suas</span> <span class='ocrx_word' id='word_1_39' title='bbox 1460 1702 1527 1761; x_wconf 93' lang='lat' dir='ltr'>in</span> <span class='ocrx_word' id='word_1_40' title='bbox 1561 1702 1829 1763; x_wconf 86' lang='lat' dir='ltr'>Christo</span> <span class='ocrx_word' id='word_1_41' title='bbox 1878 1701 2198 1779; x_wconf 86' lang='lat' dir='ltr'>perficere</span> <span class='ocrx_word' id='word_1_42' title='bbox 2231 1708 2499 1778; x_wconf 89' lang='lat' dir='ltr'>posset,</span> <span class='ocrx_word' id='word_1_43' title='bbox 2551 1717 2757 1778; x_wconf 88' lang='lat' dir='ltr'>quum</span> <span class='ocrx_word' id='word_1_44' title='bbox 2794 1702 3180 1760; x_wconf 82' lang='lat' dir='ltr'>multotiens</span> <span class='ocrx_word' id='word_1_45' title='bbox 3212 1698 3264 1779; x_wconf 82' lang='lat'>²)</span> <span class='ocrx_word' id='word_1_46' title='bbox 3315 1703 3448 1760; x_wconf 88' lang='lat' dir='ltr'>ter·-</span> 
     </span>
     <span class='ocr_line' id='line_1_8' title="bbox 354 1806 3443 1886; baseline 0.001 -22"><span class='ocrx_word' id='word_1_47' title='bbox 354 1807 543 1865; x_wconf 90' lang='lat' dir='ltr'>retur</span> <span class='ocrx_word' id='word_1_48' title='bbox 574 1806 657 1865; x_wconf 91' lang='lat' dir='ltr'>ab</span> <span class='ocrx_word' id='word_1_49' title='bbox 707 1823 906 1882; x_wconf 90' lang='lat' dir='ltr'>opere</span> <span class='ocrx_word' id='word_1_50' title='bbox 940 1815 1291 1869; x_wconf 84' lang='lat' dir='ltr'>creaturae</span> <span class='ocrx_word' id='word_1_51' title='bbox 1314 1857 1329 1879; x_wconf 82' lang='grc'>,</span> <span class='ocrx_word' id='word_1_52' title='bbox 1382 1809 1474 1869; x_wconf 88' lang='lat' dir='ltr'>ita</span> <span class='ocrx_word' id='word_1_53' title='bbox 1508 1814 1583 1868; x_wconf 88' lang='lat' dir='ltr'>ut</span> <span class='ocrx_word' id='word_1_54' title='bbox 1615 1809 1952 1886; x_wconf 82' lang='lat' dir='ltr'>nequitias</span> <span class='ocrx_word' id='word_1_55' title='bbox 1986 1826 2146 1869; x_wconf 90' lang='lat' dir='ltr'>suas</span> <span class='ocrx_word' id='word_1_56' title='bbox 2181 1810 2275 1869; x_wconf 89' lang='lat' dir='ltr'>ita</span> <span class='ocrx_word' id='word_1_57' title='bbox 2310 1809 2518 1869; x_wconf 91' lang='lat' dir='ltr'>libere</span> <span class='ocrx_word' id='word_1_58' title='bbox 2554 1808 2920 1883; x_wconf 87' lang='lat' dir='ltr'>adimplere</span> <span class='ocrx_word' id='word_1_59' title='bbox 2953 1823 3083 1866; x_wconf 91' lang='lat' dir='ltr'>non</span> <span class='ocrx_word' id='word_1_60' title='bbox 3117 1806 3351 1881; x_wconf 84' lang='lat' dir='ltr'>possit.</span> <span class='ocrx_word' id='word_1_61' title='bbox 3390 1808 3443 1866; x_wconf 87' lang='lat' dir='ltr'><strong><em>A</em></strong></span> 
     </span>
     <span class='ocr_line' id='line_1_9' title="bbox 357 1910 3446 1989; baseline 0 -19"><span class='ocrx_word' id='word_1_62' title='bbox 357 1910 642 1985; x_wconf 76' lang='lat' dir='ltr'>Spiritu,</span> <span class='ocrx_word' id='word_1_63' title='bbox 679 1911 939 1971; x_wconf 89' lang='lat' dir='ltr'>scilicet</span> <span class='ocrx_word' id='word_1_64' title='bbox 973 1928 1016 1971; x_wconf 88' lang='lat' dir='ltr'>a</span> <span class='ocrx_word' id='word_1_65' title='bbox 1043 1910 1293 1988; x_wconf 85' lang='lat' dir='ltr'>Spiritu</span> <span class='ocrx_word' id='word_1_66' title='bbox 1327 1912 1597 1984; x_wconf 83' lang='lat' dir='ltr'>SanctO,</span> <span class='ocrx_word' id='word_1_67' title='bbox 1626 1913 1708 1972; x_wconf 89' lang='lat' dir='ltr'>de</span> <span class='ocrx_word' id='word_1_68' title='bbox 1742 1929 1873 1989; x_wconf 90' lang='lat' dir='ltr'>quo</span> <span class='ocrx_word' id='word_1_69' title='bbox 1908 1914 2111 1973; x_wconf 89' lang='lat' dir='ltr'>etiam</span> <span class='ocrx_word' id='word_1_70' title='bbox 2139 1919 2501 1989; x_wconf 89' lang='lat' dir='ltr'>conceptus</span> <span class='ocrx_word' id='word_1_71' title='bbox 2534 1918 2664 1983; x_wconf 88' lang='lat' dir='ltr'>est;</span> <span class='ocrx_word' id='word_1_72' title='bbox 2701 1918 2773 1971; x_wconf 83' lang='lat' dir='ltr'>ut</span> <span class='ocrx_word' id='word_1_73' title='bbox 2809 1917 3185 1971; x_wconf 80' lang='lat' dir='ltr'>tentaretur</span> <span class='ocrx_word' id='word_1_74' title='bbox 3219 1930 3259 1970; x_wconf 85' lang='grc' dir='ltr'><em>α</em></span> <span class='ocrx_word' id='word_1_75' title='bbox 3293 1912 3446 1971; x_wconf 80' lang='lat' dir='ltr'>Dia-</span> 
     </span>
     <span class='ocr_line' id='line_1_10' title="bbox 350 2009 3445 2092; baseline 0.001 -23"><span class='ocrx_word' id='word_1_76' title='bbox 350 2009 527 2085; x_wconf 83' lang='lat' dir='ltr'>bolo,</span> <span class='ocrx_word' id='word_1_77' title='bbox 580 2013 723 2072; x_wconf 89' lang='lat' dir='ltr'>solo</span> <span class='ocrx_word' id='word_1_78' title='bbox 774 2014 1036 2073; x_wconf 90' lang='lat' dir='ltr'>scilicet</span> <span class='ocrx_word' id='word_1_79' title='bbox 1082 2015 1315 2075; x_wconf 88' lang='lat' dir='ltr'>auditu</span> <span class='ocrx_word' id='word_1_80' title='bbox 1365 2016 1642 2076; x_wconf 88' lang='lat' dir='ltr'>Diabolo</span> <span class='ocrx_word' id='word_1_81' title='bbox 1678 2017 1760 2076; x_wconf 88' lang='lat' dir='ltr'>ad</span> <span class='ocrx_word' id='word_1_82' title='bbox 1809 2032 1961 2076; x_wconf 88' lang='lat' dir='ltr'>eum</span> <span class='ocrx_word' id='word_1_83' title='bbox 2010 2017 2359 2092; x_wconf 81' lang='lat' dir='ltr'>loquente,</span> <span class='ocrx_word' id='word_1_84' title='bbox 2411 2032 2541 2075; x_wconf 90' lang='lat' dir='ltr'>non</span> <span class='ocrx_word' id='word_1_85' title='bbox 2575 2015 2705 2074; x_wconf 90' lang='lat' dir='ltr'>alio</span> <span class='ocrx_word' id='word_1_86' title='bbox 2756 2014 2969 2074; x_wconf 81' lang='lat' dir='ltr'>modo,</span> <span class='ocrx_word' id='word_1_87' title='bbox 3006 2013 3130 2074; x_wconf 89' lang='lat' dir='ltr'>Sed</span> <span class='ocrx_word' id='word_1_88' title='bbox 3180 2014 3445 2074; x_wconf 84' lang='lat' dir='ltr'>bonitas</span> 
     </span>
     <span class='ocr_line' id='line_1_11' title="bbox 355 2114 3443 2201; baseline 0 -27"><span class='ocrx_word' id='word_1_89' title='bbox 355 2114 571 2190; x_wconf 88' lang='lat' dir='ltr'>ipsius</span> <span class='ocrx_word' id='word_1_90' title='bbox 621 2116 810 2175; x_wconf 90' lang='lat' dir='ltr'>illum</span> <span class='ocrx_word' id='word_1_91' title='bbox 861 2118 950 2175; x_wconf 89' lang='lat' dir='ltr'>ita</span> <span class='ocrx_word' id='word_1_92' title='bbox 999 2118 1200 2192; x_wconf 85' lang='lat' dir='ltr'>vicit,</span> <span class='ocrx_word' id='word_1_93' title='bbox 1254 2123 1326 2178; x_wconf 91' lang='lat' dir='ltr'>ut</span> <span class='ocrx_word' id='word_1_94' title='bbox 1375 2134 1494 2177; x_wconf 91' lang='lat' dir='ltr'>nec</span> <span class='ocrx_word' id='word_1_95' title='bbox 1541 2118 1760 2195; x_wconf 83' lang='lat' dir='ltr'>priuS,</span> <span class='ocrx_word' id='word_1_96' title='bbox 1795 2134 1915 2178; x_wconf 90' lang='lat' dir='ltr'>nec</span> <span class='ocrx_word' id='word_1_97' title='bbox 1947 2124 2184 2201; x_wconf 85' lang='lat' dir='ltr'>postea</span> <span class='ocrx_word' id='word_1_98' title='bbox 2232 2118 2316 2178; x_wconf 86' lang='lat' dir='ltr'>ab</span> <span class='ocrx_word' id='word_1_99' title='bbox 2364 2118 2630 2177; x_wconf 89' lang='lat' dir='ltr'>homine</span> <span class='ocrx_word' id='word_1_100' title='bbox 2681 2118 2774 2176; x_wconf 88' lang='lat' dir='ltr'>ita</span> <span class='ocrx_word' id='word_1_101' title='bbox 2821 2118 3043 2176; x_wconf 85' lang='lat' dir='ltr'>victus</span> <span class='ocrx_word' id='word_1_102' title='bbox 3092 2116 3219 2190; x_wconf 88' lang='lat' dir='ltr'>sit,</span> <span class='ocrx_word' id='word_1_103' title='bbox 3272 2116 3443 2175; x_wconf 90' lang='lat' dir='ltr'>unde</span> 
     </span>
     <span class='ocr_line' id='line_1_12' title="bbox 353 2218 3448 2300; baseline 0.001 -23"><span class='ocrx_word' id='word_1_104' title='bbox 353 2218 558 2278; x_wconf 88' lang='lat' dir='ltr'>etiam</span> <span class='ocrx_word' id='word_1_105' title='bbox 606 2218 923 2279; x_wconf 89' lang='lat' dir='ltr'>Diabolus</span> <span class='ocrx_word' id='word_1_106' title='bbox 958 2220 1255 2281; x_wconf 88' lang='lat' dir='ltr'>incertus</span> <span class='ocrx_word' id='word_1_107' title='bbox 1302 2225 1536 2296; x_wconf 88' lang='lat' dir='ltr'>postea</span> <span class='ocrx_word' id='word_1_108' title='bbox 1568 2223 1650 2281; x_wconf 90' lang='lat' dir='ltr'>de</span> <span class='ocrx_word' id='word_1_109' title='bbox 1701 2221 1968 2284; x_wconf 89' lang='lat' dir='ltr'>Christo</span> <span class='ocrx_word' id='word_1_110' title='bbox 2005 2239 2271 2300; x_wconf 86' lang='lat' dir='ltr'>semper</span> <span class='ocrx_word' id='word_1_111' title='bbox 2322 2223 2476 2297; x_wconf 85' lang='lat' dir='ltr'>suit,</span> <span class='ocrx_word' id='word_1_112' title='bbox 2515 2223 2670 2298; x_wconf 89' lang='lat' dir='ltr'>quia</span> <span class='ocrx_word' id='word_1_113' title='bbox 2720 2222 2976 2282; x_wconf 89' lang='lat' dir='ltr'>nullum</span> <span class='ocrx_word' id='word_1_114' title='bbox 3010 2225 3278 2297; x_wconf 81' lang='lat' dir='ltr'>gustum</span> <span class='ocrx_word' id='word_1_115' title='bbox 3328 2221 3448 2279; x_wconf 89' lang='lat' dir='ltr'>hu-</span> 
     </span>
     <span class='ocr_line' id='line_1_13' title="bbox 356 2323 1426 2401; baseline 0.005 -20"><span class='ocrx_word' id='word_1_116' title='bbox 356 2323 537 2381; x_wconf 88' lang='lat' dir='ltr'>mani</span> <span class='ocrx_word' id='word_1_117' title='bbox 572 2323 829 2397; x_wconf 88' lang='lat' dir='ltr'>peccati</span> <span class='ocrx_word' id='word_1_118' title='bbox 866 2323 933 2383; x_wconf 91' lang='lat' dir='ltr'>in</span> <span class='ocrx_word' id='word_1_119' title='bbox 970 2324 1116 2401; x_wconf 90' lang='lat' dir='ltr'>ipso</span> <span class='ocrx_word' id='word_1_120' title='bbox 1148 2325 1426 2386; x_wconf 90' lang='lat' dir='ltr'>invenit.</span> 
     </span>
    </p>

    <p class='ocr_par' dir='ltr' id='par_1_6' title="bbox 351 2424 3449 3338">
     <span class='ocr_line' id='line_1_14' title="bbox 445 2424 3443 2506; baseline 0 -21"><span class='ocrx_word' id='word_1_121' title='bbox 445 2427 528 2485; x_wconf 85' lang='lat' dir='ltr'>Et</span> <span class='ocrx_word' id='word_1_122' title='bbox 577 2446 726 2487; x_wconf 84' lang='lat' dir='ltr'>eum</span> <span class='ocrx_word' id='word_1_123' title='bbox 756 2424 1128 2502; x_wconf 79' lang='lat' dir='ltr'>jejunasset</span> <span class='ocrx_word' id='word_1_124' title='bbox 1178 2429 1246 2488; x_wconf 91' lang='lat' dir='ltr'>in</span> <span class='ocrx_word' id='word_1_125' title='bbox 1293 2429 1546 2490; x_wconf 86' lang='lat' dir='ltr'>virtute</span> <span class='ocrx_word' id='word_1_126' title='bbox 1594 2429 1883 2506; x_wconf 87' lang='lat' dir='ltr'>Spiritus</span> <span class='ocrx_word' id='word_1_127' title='bbox 1931 2430 2182 2501; x_wconf 85' lang='lat' dir='ltr'>Sancti,</span> <span class='ocrx_word' id='word_1_128' title='bbox 2229 2431 2321 2490; x_wconf 91' lang='lat' dir='ltr'>ita</span> <span class='ocrx_word' id='word_1_129' title='bbox 2354 2435 2429 2490; x_wconf 88' lang='lat' dir='ltr'>ut</span> <span class='ocrx_word' id='word_1_130' title='bbox 2475 2430 2642 2490; x_wconf 91' lang='lat' dir='ltr'>nihil</span> <span class='ocrx_word' id='word_1_131' title='bbox 2692 2428 3108 2502; x_wconf 85' lang='lat' dir='ltr'>comederet,</span> <span class='ocrx_word' id='word_1_132' title='bbox 3159 2428 3443 2500; x_wconf 88' lang='lat' dir='ltr'>biberet,</span> 
     </span>
     <span class='ocr_line' id='line_1_15' title="bbox 355 2529 3449 2611; baseline 0.001 -23"><span class='ocrx_word' id='word_1_133' title='bbox 355 2529 717 2604; x_wconf 88' lang='lat' dir='ltr'>dormiret,</span> <span class='ocrx_word' id='word_1_134' title='bbox 768 2546 892 2590; x_wconf 89' lang='lat' dir='ltr'>nec</span> <span class='ocrx_word' id='word_1_135' title='bbox 937 2531 1151 2590; x_wconf 90' lang='lat' dir='ltr'>ullum</span> <span class='ocrx_word' id='word_1_136' title='bbox 1200 2549 1369 2608; x_wconf 91' lang='lat' dir='ltr'>opus</span> <span class='ocrx_word' id='word_1_137' title='bbox 1403 2532 1694 2593; x_wconf 88' lang='lat' dir='ltr'>hominis</span> <span class='ocrx_word' id='word_1_138' title='bbox 1745 2534 1813 2592; x_wconf 91' lang='lat' dir='ltr'>in</span> <span class='ocrx_word' id='word_1_139' title='bbox 1854 2551 1925 2593; x_wconf 92' lang='lat' dir='ltr'>se</span> <span class='ocrx_word' id='word_1_140' title='bbox 1973 2533 2395 2608; x_wconf 89' lang='lat' dir='ltr'>ostenderet,</span> <span class='ocrx_word' id='word_1_141' title='bbox 2447 2534 2892 2611; x_wconf 71' lang='lat' dir='ltr'>quadraqinta</span> <span class='ocrx_word' id='word_1_142' title='bbox 2922 2532 3145 2592; x_wconf 82' lang='lat' dir='ltr'>diebus</span> <span class='ocrx_word' id='word_1_143' title='bbox 3194 2541 3257 2590; x_wconf 85' lang='lat' dir='ltr'>et</span> <span class='ocrx_word' id='word_1_144' title='bbox 3289 2550 3449 2608; x_wconf 74' lang='lat' dir='ltr'>qua-</span> 
     </span>
     <span class='ocr_line' id='line_1_16' title="bbox 351 2634 3445 2711; baseline 0 -18"><span class='ocrx_word' id='word_1_145' title='bbox 351 2634 663 2711; x_wconf 75' lang='lat' dir='ltr'>drayinta</span> <span class='ocrx_word' id='word_1_146' title='bbox 707 2635 1037 2710; x_wconf 82' lang='lat' dir='ltr'>noctibus,</span> <span class='ocrx_word' id='word_1_147' title='bbox 1090 2637 1206 2695; x_wconf 90' lang='lat' dir='ltr'>ubi</span> <span class='ocrx_word' id='word_1_148' title='bbox 1255 2638 1548 2696; x_wconf 91' lang='lat' dir='ltr'>ostendit</span> <span class='ocrx_word' id='word_1_149' title='bbox 1596 2639 1912 2698; x_wconf 87' lang='lat' dir='ltr'>virtutem</span> <span class='ocrx_word' id='word_1_150' title='bbox 1966 2655 2157 2699; x_wconf 90' lang='lat' dir='ltr'>suam</span> <span class='ocrx_word' id='word_1_151' title='bbox 2206 2644 2273 2697; x_wconf 93' lang='lat' dir='ltr'>et</span> <span class='ocrx_word' id='word_1_152' title='bbox 2321 2654 2556 2697; x_wconf 89' lang='lat' dir='ltr'>novam</span> <span class='ocrx_word' id='word_1_153' title='bbox 2613 2638 3101 2697; x_wconf 85' lang='lat' dir='ltr'>institutionem</span> <span class='ocrx_word' id='word_1_154' title='bbox 3150 2636 3445 2696; x_wconf 85' lang='lat' dir='ltr'>fidelium</span> 
     </span>
     <span class='ocr_line' id='line_1_17' title="bbox 355 2737 3446 2819; baseline 0.001 -22"><span class='ocrx_word' id='word_1_155' title='bbox 355 2737 562 2798; x_wconf 84' lang='lat' dir='ltr'>futuri</span> <span class='ocrx_word' id='word_1_156' title='bbox 611 2740 861 2815; x_wconf 90' lang='lat' dir='ltr'>populi:</span> <span class='ocrx_word' id='word_1_157' title='bbox 898 2741 1056 2816; x_wconf 91' lang='lat' dir='ltr'>quia</span> <span class='ocrx_word' id='word_1_158' title='bbox 1107 2741 1281 2801; x_wconf 91' lang='lat' dir='ltr'>sicut</span> <span class='ocrx_word' id='word_1_159' title='bbox 1313 2741 1486 2801; x_wconf 86' lang='lat' dir='ltr'>Deus</span> <span class='ocrx_word' id='word_1_160' title='bbox 1538 2744 1603 2802; x_wconf 91' lang='lat' dir='ltr'>in</span> <span class='ocrx_word' id='word_1_161' title='bbox 1636 2743 1889 2803; x_wconf 89' lang='lat' dir='ltr'>diluvio</span> <span class='ocrx_word' id='word_1_162' title='bbox 1924 2759 2045 2819; x_wconf 90' lang='lat' dir='ltr'>per</span> <span class='ocrx_word' id='word_1_163' title='bbox 2092 2743 2536 2818; x_wconf 86' lang='lat' dir='ltr'>quadraginta</span> <span class='ocrx_word' id='word_1_164' title='bbox 2568 2743 2713 2802; x_wconf 90' lang='lat' dir='ltr'>dies</span> <span class='ocrx_word' id='word_1_165' title='bbox 2762 2744 2830 2802; x_wconf 92' lang='lat' dir='ltr'>et</span> <span class='ocrx_word' id='word_1_166' title='bbox 2860 2749 3091 2802; x_wconf 90' lang='lat' dir='ltr'>noctes</span> <span class='ocrx_word' id='word_1_167' title='bbox 3127 2742 3446 2801; x_wconf 88' lang='lat' dir='ltr'>virtutem</span> 
     </span>
     <span class='ocr_line' id='line_1_18' title="bbox 354 2843 3445 2922; baseline 0.001 -22"><span class='ocrx_word' id='word_1_168' title='bbox 354 2858 543 2900; x_wconf 88' lang='lat' dir='ltr'>suam</span> <span class='ocrx_word' id='word_1_169' title='bbox 593 2843 1117 2918; x_wconf 88' lang='lat' dir='ltr'>demonstravit,</span> <span class='ocrx_word' id='word_1_170' title='bbox 1169 2850 1236 2903; x_wconf 91' lang='lat' dir='ltr'>et</span> <span class='ocrx_word' id='word_1_171' title='bbox 1285 2846 1650 2920; x_wconf 81' lang='lat' dir='ltr'>malignum</span> <span class='ocrx_word' id='word_1_172' title='bbox 1700 2847 2021 2922; x_wconf 85' lang='lat' dir='ltr'>populum</span> <span class='ocrx_word' id='word_1_173' title='bbox 2072 2846 2342 2921; x_wconf 90' lang='lat' dir='ltr'>delevit,</span> <span class='ocrx_word' id='word_1_174' title='bbox 2378 2847 2471 2906; x_wconf 90' lang='lat' dir='ltr'>ita</span> <span class='ocrx_word' id='word_1_175' title='bbox 2507 2852 2579 2906; x_wconf 89' lang='lat' dir='ltr'>ut</span> <span class='ocrx_word' id='word_1_176' title='bbox 2627 2852 2863 2922; x_wconf 91' lang='lat' dir='ltr'>postea</span> <span class='ocrx_word' id='word_1_177' title='bbox 2913 2861 3126 2905; x_wconf 85' lang='lat' dir='ltr'>novus</span> <span class='ocrx_word' id='word_1_178' title='bbox 3158 2846 3445 2921; x_wconf 91' lang='lat' dir='ltr'>populus</span> 
     </span>
     <span class='ocr_line' id='line_1_19' title="bbox 355 2947 3448 3025; baseline 0.001 -19"><span class='ocrx_word' id='word_1_179' title='bbox 355 2947 421 3006; x_wconf 89' lang='lat' dir='ltr'>in</span> <span class='ocrx_word' id='word_1_180' title='bbox 455 2948 881 3009; x_wconf 86' lang='lat' dir='ltr'>mundatione</span> <span class='ocrx_word' id='word_1_181' title='bbox 930 2955 1200 3008; x_wconf 86' lang='lat' dir='ltr'>exortus</span> <span class='ocrx_word' id='word_1_182' title='bbox 1235 2950 1346 3025; x_wconf 90' lang='lat' dir='ltr'>sit,</span> <span class='ocrx_word' id='word_1_183' title='bbox 1383 2952 1482 3010; x_wconf 91' lang='lat' dir='ltr'>sic</span> <span class='ocrx_word' id='word_1_184' title='bbox 1515 2952 1715 3011; x_wconf 88' lang='lat' dir='ltr'>etiam</span> <span class='ocrx_word' id='word_1_185' title='bbox 1757 2951 2068 3012; x_wconf 88' lang='lat' dir='ltr'>Christus</span> <span class='ocrx_word' id='word_1_186' title='bbox 2102 2953 2421 3012; x_wconf 88' lang='lat' dir='ltr'>virtutem</span> <span class='ocrx_word' id='word_1_187' title='bbox 2457 2968 2647 3013; x_wconf 89' lang='lat' dir='ltr'>suam</span> <span class='ocrx_word' id='word_1_188' title='bbox 2683 2951 3163 3025; x_wconf 83' lang='lat' dir='ltr'>manifestavit,</span> <span class='ocrx_word' id='word_1_189' title='bbox 3199 2956 3266 3010; x_wconf 89' lang='lat' dir='ltr'>et</span> <span class='ocrx_word' id='word_1_190' title='bbox 3296 2950 3448 3009; x_wconf 88' lang='lat' dir='ltr'>Dia-</span> 
     </span>
     <span class='ocr_line' id='line_1_20' title="bbox 352 3051 3449 3130; baseline 0 -19"><span class='ocrx_word' id='word_1_191' title='bbox 352 3051 576 3112; x_wconf 90' lang='lat' dir='ltr'>bolum</span> <span class='ocrx_word' id='word_1_192' title='bbox 626 3052 826 3128; x_wconf 89' lang='lat' dir='ltr'>vicit,</span> <span class='ocrx_word' id='word_1_193' title='bbox 878 3060 946 3112; x_wconf 91' lang='lat' dir='ltr'>et</span> <span class='ocrx_word' id='word_1_194' title='bbox 994 3070 1237 3114; x_wconf 86' lang='lat' dir='ltr'>novum</span> <span class='ocrx_word' id='word_1_195' title='bbox 1289 3055 1610 3130; x_wconf 90' lang='lat' dir='ltr'>populum</span> <span class='ocrx_word' id='word_1_196' title='bbox 1659 3056 1724 3114; x_wconf 94' lang='lat' dir='ltr'>in</span> <span class='ocrx_word' id='word_1_197' title='bbox 1759 3056 2286 3117; x_wconf 87' lang='lat' dir='ltr'>sanctificatione</span> <span class='ocrx_word' id='word_1_198' title='bbox 2333 3056 2484 3116; x_wconf 87' lang='lat' dir='ltr'>fidei</span> <span class='ocrx_word' id='word_1_199' title='bbox 2534 3070 2896 3130; x_wconf 86' lang='lat' dir='ltr'>exsurgere</span> <span class='ocrx_word' id='word_1_200' title='bbox 2945 3053 3125 3129; x_wconf 80' lang='lat' dir='ltr'>fecit3</span> <span class='ocrx_word' id='word_1_201' title='bbox 3174 3055 3242 3113; x_wconf 92' lang='lat' dir='ltr'>et</span> <span class='ocrx_word' id='word_1_202' title='bbox 3290 3053 3449 3129; x_wconf 90' lang='lat' dir='ltr'>quia</span> 
     </span>
     <span class='ocr_line' id='line_1_21' title="bbox 354 3155 3447 3236; baseline -0.001 -21"><span class='ocrx_word' id='word_1_203' title='bbox 354 3157 561 3216; x_wconf 87' lang='lat' dir='ltr'>etiarn</span> <span class='ocrx_word' id='word_1_204' title='bbox 610 3162 850 3233; x_wconf 86' lang='lat' dir='ltr'>quater</span> <span class='ocrx_word' id='word_1_205' title='bbox 882 3158 1111 3216; x_wconf 90' lang='lat' dir='ltr'>decem</span> <span class='ocrx_word' id='word_1_206' title='bbox 1160 3158 1604 3234; x_wconf 82' lang='lat' dir='ltr'>quadraginta</span> <span class='ocrx_word' id='word_1_207' title='bbox 1639 3164 1817 3234; x_wconf 90' lang='lat' dir='ltr'>sunt,</span> <span class='ocrx_word' id='word_1_208' title='bbox 1866 3164 1943 3219; x_wconf 91' lang='lat' dir='ltr'>ut</span> <span class='ocrx_word' id='word_1_209' title='bbox 1976 3160 2046 3219; x_wconf 90' lang='lat' dir='ltr'>in</span> <span class='ocrx_word' id='word_1_210' title='bbox 2078 3166 2396 3236; x_wconf 88' lang='lat' dir='ltr'>quatuor,</span> <span class='ocrx_word' id='word_1_211' title='bbox 2434 3161 2763 3219; x_wconf 86' lang='lat' dir='ltr'>elementa</span> <span class='ocrx_word' id='word_1_212' title='bbox 2795 3162 3084 3234; x_wconf 90' lang='lat' dir='ltr'>quatuor</span> <span class='ocrx_word' id='word_1_213' title='bbox 3120 3155 3447 3230; x_wconf 83' lang='lat' dir='ltr'>intellige-</span> 
     </span>
     <span class='ocr_line' id='line_1_22' title="bbox 355 3260 3446 3338; baseline -0.001 -18"><span class='ocrx_word' id='word_1_214' title='bbox 355 3276 615 3334; x_wconf 88' lang='lat' dir='ltr'>remus,</span> <span class='ocrx_word' id='word_1_215' title='bbox 667 3267 734 3320; x_wconf 93' lang='lat' dir='ltr'>et</span> <span class='ocrx_word' id='word_1_216' title='bbox 784 3263 849 3320; x_wconf 90' lang='lat' dir='ltr'>in</span> <span class='ocrx_word' id='word_1_217' title='bbox 896 3261 1164 3336; x_wconf 88' lang='lat' dir='ltr'>decem,</span> <span class='ocrx_word' id='word_1_218' title='bbox 1219 3262 1388 3336; x_wconf 83' lang='lat' dir='ltr'>legis</span> <span class='ocrx_word' id='word_1_219' title='bbox 1438 3263 1668 3322; x_wconf 88' lang='lat' dir='ltr'>decem</span> <span class='ocrx_word' id='word_1_220' title='bbox 1717 3269 2076 3338; x_wconf 88' lang='lat' dir='ltr'>praecepta</span> <span class='ocrx_word' id='word_1_221' title='bbox 2123 3269 2543 3337; x_wconf 83' lang='lat' dir='ltr'>notaremuS,</span> <span class='ocrx_word' id='word_1_222' title='bbox 2581 3263 2674 3322; x_wconf 91' lang='lat' dir='ltr'>ita</span> <span class='ocrx_word' id='word_1_223' title='bbox 2720 3268 2798 3322; x_wconf 91' lang='lat' dir='ltr'>ut</span> <span class='ocrx_word' id='word_1_224' title='bbox 2830 3260 3006 3338; x_wconf 90' lang='lat' dir='ltr'>quod</span> <span class='ocrx_word' id='word_1_225' title='bbox 3057 3261 3123 3319; x_wconf 91' lang='lat' dir='ltr'>in</span> <span class='ocrx_word' id='word_1_226' title='bbox 3156 3264 3446 3335; x_wconf 87' lang='lat' dir='ltr'>quatuor</span> 
     </span>
    </p>
   </div>
   <div class='ocr_carea' id='block_1_6' title="bbox 351 3355 3559 3442">
    <p class='ocr_par' dir='ltr' id='par_1_7' title="bbox 351 3355 3559 3442">
     <span class='ocr_line' id='line_1_23' title="bbox 351 3355 3559 3442; baseline -0.001 -20"><span class='ocrx_word' id='word_1_227' title='bbox 351 3363 699 3423; x_wconf 90' lang='lat' dir='ltr'>elementis</span> <span class='ocrx_word' id='word_1_228' title='bbox 731 3364 1293 3440; x_wconf 78' lang='lat' dir='ltr'>delinqueremuS‚</span> <span class='ocrx_word' id='word_1_229' title='bbox 1333 3365 1400 3423; x_wconf 91' lang='lat' dir='ltr'>in</span> <span class='ocrx_word' id='word_1_230' title='bbox 1433 3364 1663 3423; x_wconf 89' lang='lat' dir='ltr'>decem</span> <span class='ocrx_word' id='word_1_231' title='bbox 1696 3366 2074 3442; x_wconf 85' lang='lat' dir='ltr'>praeceptis</span> <span class='ocrx_word' id='word_1_232' title='bbox 2122 3364 2515 3441; x_wconf 83' lang='lat' dir='ltr'>corrigendo</span> <span class='ocrx_word' id='word_1_233' title='bbox 2560 3363 3094 3424; x_wconf 81' lang='lat' dir='ltr'>emendaremus,</span> <span class='ocrx_word' id='word_1_234' title='bbox 3121 3355 3171 3441; x_wconf 76' lang='lat'>⁸)</span> <span class='ocrx_word' id='word_1_235' title='bbox 3220 3361 3301 3421; x_wconf 87' lang='lat' dir='ltr'>Et</span> <span class='ocrx_word' id='word_1_236' title='bbox 3333 3378 3446 3420; x_wconf 89' lang='lat' dir='ltr'>an-</span> <span class='ocrx_word' id='word_1_237' title='bbox 3554 3358 3559 3362; x_wconf 80' lang='grc'><strong>’</strong></span> 
     </span>
    </p>
   </div>
   <div class='ocr_carea' id='block_1_7' title="bbox 349 3465 3445 4898">
    <p class='ocr_par' dir='ltr' id='par_1_8' title="bbox 349 3465 3445 4065">
     <span class='ocr_line' id='line_1_24' title="bbox 353 3465 3443 3544; baseline -0.001 -19"><span class='ocrx_word' id='word_1_238' title='bbox 353 3472 624 3542; x_wconf 89' lang='lat' dir='ltr'>tequam</span> <span class='ocrx_word' id='word_1_239' title='bbox 674 3469 1065 3541; x_wconf 85' lang='lat' dir='ltr'>tentaretur,</span> <span class='ocrx_word' id='word_1_240' title='bbox 1099 3466 1456 3543; x_wconf 87' lang='lat' dir='ltr'>jejunavit,</span> <span class='ocrx_word' id='word_1_241' title='bbox 1494 3472 1568 3527; x_wconf 90' lang='lat' dir='ltr'>ut</span> <span class='ocrx_word' id='word_1_242' title='bbox 1599 3468 1816 3528; x_wconf 86' lang='lat' dir='ltr'>virtus</span> <span class='ocrx_word' id='word_1_243' title='bbox 1850 3467 2234 3528; x_wconf 88' lang='lat' dir='ltr'>Divinitatis</span> <span class='ocrx_word' id='word_1_244' title='bbox 2270 3469 2336 3528; x_wconf 89' lang='lat' dir='ltr'>in</span> <span class='ocrx_word' id='word_1_245' title='bbox 2370 3469 2513 3544; x_wconf 89' lang='lat' dir='ltr'>ipso</span> <span class='ocrx_word' id='word_1_246' title='bbox 2547 3467 2911 3541; x_wconf 80' lang='lat' dir='ltr'>videretur3</span> <span class='ocrx_word' id='word_1_247' title='bbox 2947 3471 3015 3525; x_wconf 91' lang='lat' dir='ltr'>et</span> <span class='ocrx_word' id='word_1_248' title='bbox 3049 3467 3120 3525; x_wconf 86' lang='lat' dir='ltr'>ut</span> <span class='ocrx_word' id='word_1_249' title='bbox 3153 3480 3273 3541; x_wconf 92' lang='lat' dir='ltr'>per</span> <span class='ocrx_word' id='word_1_250' title='bbox 3315 3465 3443 3524; x_wconf 92' lang='lat' dir='ltr'>hoc</span> 
     </span>
     <span class='ocr_line' id='line_1_25' title="bbox 349 3568 3445 3648; baseline 0 -20"><span class='ocrx_word' id='word_1_251' title='bbox 349 3568 666 3629; x_wconf 86' lang='lat' dir='ltr'>Diabolus</span> <span class='ocrx_word' id='word_1_252' title='bbox 716 3569 796 3629; x_wconf 89' lang='lat' dir='ltr'>ad</span> <span class='ocrx_word' id='word_1_253' title='bbox 832 3571 1222 3630; x_wconf 89' lang='lat' dir='ltr'>tentandum</span> <span class='ocrx_word' id='word_1_254' title='bbox 1268 3587 1421 3631; x_wconf 90' lang='lat' dir='ltr'>eum</span> <span class='ocrx_word' id='word_1_255' title='bbox 1471 3571 1898 3647; x_wconf 86' lang='lat' dir='ltr'>incitaretur,</span> <span class='ocrx_word' id='word_1_256' title='bbox 1936 3573 2093 3631; x_wconf 92' lang='lat' dir='ltr'>dum</span> <span class='ocrx_word' id='word_1_257' title='bbox 2127 3572 2477 3647; x_wconf 83' lang='lat' dir='ltr'>cogitaret,</span> <span class='ocrx_word' id='word_1_258' title='bbox 2517 3572 2670 3648; x_wconf 87' lang='lat' dir='ltr'>quis</span> <span class='ocrx_word' id='word_1_259' title='bbox 2706 3570 2903 3631; x_wconf 89' lang='lat' dir='ltr'>homo</span> <span class='ocrx_word' id='word_1_260' title='bbox 2940 3570 3050 3630; x_wconf 89' lang='lat' dir='ltr'>ille</span> <span class='ocrx_word' id='word_1_261' title='bbox 3085 3575 3289 3644; x_wconf 88' lang='lat' dir='ltr'>esset,</span> <span class='ocrx_word' id='word_1_262' title='bbox 3328 3570 3445 3646; x_wconf 89' lang='lat' dir='ltr'>qui</span> 
     </span>
     <span class='ocr_line' id='line_1_26' title="bbox 353 3673 3444 3752; baseline 0 -21"><span class='ocrx_word' id='word_1_263' title='bbox 353 3679 609 3733; x_wconf 88' lang='lat' dir='ltr'>tantam</span> <span class='ocrx_word' id='word_1_264' title='bbox 658 3673 1118 3734; x_wconf 81' lang='lat' dir='ltr'>fortitudinem</span> <span class='ocrx_word' id='word_1_265' title='bbox 1152 3675 1219 3734; x_wconf 90' lang='lat' dir='ltr'>in</span> <span class='ocrx_word' id='word_1_266' title='bbox 1269 3691 1341 3734; x_wconf 91' lang='lat' dir='ltr'>se</span> <span class='ocrx_word' id='word_1_267' title='bbox 1376 3675 1691 3751; x_wconf 88' lang='lat' dir='ltr'>haberet,</span> <span class='ocrx_word' id='word_1_268' title='bbox 1745 3677 1941 3752; x_wconf 89' lang='lat' dir='ltr'>quasi</span> <span class='ocrx_word' id='word_1_269' title='bbox 1975 3676 2252 3751; x_wconf 89' lang='lat' dir='ltr'>diceret,</span> <span class='ocrx_word' id='word_1_270' title='bbox 2291 3674 2451 3752; x_wconf 92' lang='lat' dir='ltr'>quid</span> <span class='ocrx_word' id='word_1_271' title='bbox 2502 3676 2614 3734; x_wconf 90' lang='lat' dir='ltr'>ille</span> <span class='ocrx_word' id='word_1_272' title='bbox 2663 3675 2839 3735; x_wconf 88' lang='lat' dir='ltr'>alius</span> <span class='ocrx_word' id='word_1_273' title='bbox 2871 3674 3081 3734; x_wconf 86' lang='lat' dir='ltr'>Adam</span> <span class='ocrx_word' id='word_1_274' title='bbox 3125 3673 3340 3733; x_wconf 73' lang='lat' dir='ltr'>esset?</span> <span class='ocrx_word' id='word_1_275' title='bbox 3371 3675 3444 3733; x_wconf 88' lang='lat' dir='ltr'>In</span> 
     </span>
     <span class='ocr_line' id='line_1_27' title="bbox 352 3777 3444 3855; baseline 0 -19"><span class='ocrx_word' id='word_1_276' title='bbox 352 3777 457 3837; x_wconf 89' lang='lat' dir='ltr'>his</span> <span class='ocrx_word' id='word_1_277' title='bbox 507 3785 729 3837; x_wconf 88' lang='lat' dir='ltr'>autem</span> <span class='ocrx_word' id='word_1_278' title='bbox 779 3779 1222 3855; x_wconf 83' lang='lat' dir='ltr'>quadraginta</span> <span class='ocrx_word' id='word_1_279' title='bbox 1255 3780 1491 3839; x_wconf 88' lang='lat' dir='ltr'>diebus</span> <span class='ocrx_word' id='word_1_280' title='bbox 1526 3784 1593 3839; x_wconf 88' lang='lat' dir='ltr'>et</span> <span class='ocrx_word' id='word_1_281' title='bbox 1627 3781 1936 3840; x_wconf 89' lang='lat' dir='ltr'>noctibus</span> <span class='ocrx_word' id='word_1_282' title='bbox 1967 3780 2286 3841; x_wconf 88' lang='lat' dir='ltr'>Diabolus</span> <span class='ocrx_word' id='word_1_283' title='bbox 2320 3781 2402 3840; x_wconf 92' lang='lat' dir='ltr'>ad</span> <span class='ocrx_word' id='word_1_284' title='bbox 2438 3779 2780 3841; x_wconf 85' lang='lat' dir='ltr'>Christum</span> <span class='ocrx_word' id='word_1_285' title='bbox 2815 3778 3087 3854; x_wconf 89' lang='lat' dir='ltr'>saepius</span> <span class='ocrx_word' id='word_1_286' title='bbox 3135 3778 3340 3852; x_wconf 88' lang='lat' dir='ltr'>venit,</span> <span class='ocrx_word' id='word_1_287' title='bbox 3377 3785 3444 3837; x_wconf 92' lang='lat' dir='ltr'>et</span> 
     </span>
     <span class='ocr_line' id='line_1_28' title="bbox 354 3880 3440 3963; baseline -0.001 -19"><span class='ocrx_word' id='word_1_288' title='bbox 354 3886 658 3959; x_wconf 90' lang='lat' dir='ltr'>recessit,</span> <span class='ocrx_word' id='word_1_289' title='bbox 683 3880 732 3963; x_wconf 81' lang='lat'>⁴)</span> <span class='ocrx_word' id='word_1_290' title='bbox 768 3901 889 3944; x_wconf 89' lang='lat' dir='ltr'>nec</span> <span class='ocrx_word' id='word_1_291' title='bbox 922 3901 1074 3945; x_wconf 92' lang='lat' dir='ltr'>eum</span> <span class='ocrx_word' id='word_1_292' title='bbox 1124 3886 1410 3962; x_wconf 91' lang='lat' dir='ltr'>pleniter</span> <span class='ocrx_word' id='word_1_293' title='bbox 1468 3888 1725 3945; x_wconf 89' lang='lat' dir='ltr'>tentare</span> <span class='ocrx_word' id='word_1_294' title='bbox 1775 3886 2266 3963; x_wconf 89' lang='lat' dir='ltr'>praesumpsit,</span> <span class='ocrx_word' id='word_1_295' title='bbox 2317 3891 2392 3946; x_wconf 90' lang='lat' dir='ltr'>ut</span> <span class='ocrx_word' id='word_1_296' title='bbox 2440 3886 2586 3945; x_wconf 85' lang='lat' dir='ltr'>avis</span> <span class='ocrx_word' id='word_1_297' title='bbox 2622 3900 2793 3961; x_wconf 88' lang='lat' dir='ltr'>quae</span> <span class='ocrx_word' id='word_1_298' title='bbox 2826 3883 2907 3943; x_wconf 90' lang='lat' dir='ltr'>ad</span> <span class='ocrx_word' id='word_1_299' title='bbox 2957 3884 3250 3959; x_wconf 88' lang='lat' dir='ltr'>aliquam</span> <span class='ocrx_word' id='word_1_300' title='bbox 3301 3899 3440 3943; x_wconf 92' lang='lat' dir='ltr'>rem</span> 
     </span>
     <span class='ocr_line' id='line_1_29' title="bbox 354 3989 2877 4065; baseline -0 -17"><span class='ocrx_word' id='word_1_301' title='bbox 354 3989 622 4064; x_wconf 87' lang='lat' dir='ltr'>saepius</span> <span class='ocrx_word' id='word_1_302' title='bbox 656 3989 860 4063; x_wconf 87' lang='lat' dir='ltr'>volat,</span> <span class='ocrx_word' id='word_1_303' title='bbox 896 3995 964 4049; x_wconf 89' lang='lat' dir='ltr'>et</span> <span class='ocrx_word' id='word_1_304' title='bbox 999 3990 1243 4049; x_wconf 91' lang='lat' dir='ltr'>iterum</span> <span class='ocrx_word' id='word_1_305' title='bbox 1281 3990 1565 4060; x_wconf 87' lang='lat' dir='ltr'>revolat,</span> <span class='ocrx_word' id='word_1_306' title='bbox 1603 4007 1804 4065; x_wconf 90' lang='lat' dir='ltr'>quam</span> <span class='ocrx_word' id='word_1_307' title='bbox 1840 3991 2125 4052; x_wconf 89' lang='lat' dir='ltr'>libenter</span> <span class='ocrx_word' id='word_1_308' title='bbox 2158 3995 2449 4065; x_wconf 86' lang='lat' dir='ltr'>caperet,</span> <span class='ocrx_word' id='word_1_309' title='bbox 2489 3990 2545 4049; x_wconf 91' lang='lat' dir='ltr'>si</span> <span class='ocrx_word' id='word_1_310' title='bbox 2582 3989 2877 4048; x_wconf 88' lang='lat' dir='ltr'>auderet.</span> 
     </span>
    </p>

    <p class='ocr_par' dir='ltr' id='par_1_9' title="bbox 362 4089 3444 4274">
     <span class='ocr_line' id='line_1_30' title="bbox 445 4089 3444 4171; baseline -0.002 -17"><span class='ocrx_word' id='word_1_311' title='bbox 445 4093 573 4154; x_wconf 78' lang='lat' dir='ltr'>Sed</span> <span class='ocrx_word' id='word_1_312' title='bbox 599 4098 828 4171; x_wconf 83' lang='lat' dir='ltr'>postea</span> <span class='ocrx_word' id='word_1_313' title='bbox 861 4095 1121 4166; x_wconf 82' lang='lat' dir='ltr'>esuriit,</span> <span class='ocrx_word' id='word_1_314' title='bbox 1159 4092 1317 4169; x_wconf 90' lang='lat' dir='ltr'>quia</span> <span class='ocrx_word' id='word_1_315' title='bbox 1349 4094 1506 4152; x_wconf 90' lang='lat' dir='ltr'>tunc</span> <span class='ocrx_word' id='word_1_316' title='bbox 1556 4108 1630 4151; x_wconf 88' lang='lat' dir='ltr'>se</span> <span class='ocrx_word' id='word_1_317' title='bbox 1663 4093 1745 4152; x_wconf 87' lang='lat' dir='ltr'>ad</span> <span class='ocrx_word' id='word_1_318' title='bbox 1799 4093 2145 4168; x_wconf 84' lang='lat' dir='ltr'>fatigatam</span> <span class='ocrx_word' id='word_1_319' title='bbox 2179 4093 2663 4152; x_wconf 87' lang='lat' dir='ltr'>humanitatem</span> <span class='ocrx_word' id='word_1_320' title='bbox 2700 4090 3068 4164; x_wconf 89' lang='lat' dir='ltr'>inclinavit,</span> <span class='ocrx_word' id='word_1_321' title='bbox 3107 4092 3172 4149; x_wconf 89' lang='lat' dir='ltr'>et</span> <span class='ocrx_word' id='word_1_322' title='bbox 3204 4089 3444 4149; x_wconf 88' lang='lat' dir='ltr'>Diabo-</span> 
     </span>
     <span class='ocr_line' id='line_1_31' title="bbox 362 4197 2081 4274; baseline 0 -17"><span class='ocrx_word' id='word_1_323' title='bbox 362 4198 423 4258; x_wconf 95' lang='lat' dir='ltr'>lo</span> <span class='ocrx_word' id='word_1_324' title='bbox 457 4199 651 4274; x_wconf 90' lang='lat' dir='ltr'>quasi</span> <span class='ocrx_word' id='word_1_325' title='bbox 687 4199 967 4258; x_wconf 90' lang='lat' dir='ltr'>liberam</span> <span class='ocrx_word' id='word_1_326' title='bbox 1001 4201 1402 4274; x_wconf 88' lang='lat' dir='ltr'>potestatem</span> <span class='ocrx_word' id='word_1_327' title='bbox 1439 4212 1511 4256; x_wconf 89' lang='lat' dir='ltr'>se</span> <span class='ocrx_word' id='word_1_328' title='bbox 1545 4197 1845 4256; x_wconf 89' lang='lat' dir='ltr'>tentandi</span> <span class='ocrx_word' id='word_1_329' title='bbox 1880 4198 2081 4258; x_wconf 90' lang='lat' dir='ltr'>dedit.</span> 
     </span>
    </p>

    <p class='ocr_par' dir='ltr' id='par_1_10' title="bbox 352 4297 3442 4898">
     <span class='ocr_line' id='line_1_32' title="bbox 443 4297 3441 4377; baseline -0.003 -14"><span class='ocrx_word' id='word_1_330' title='bbox 443 4303 524 4363; x_wconf 87' lang='lat' dir='ltr'>Et</span> <span class='ocrx_word' id='word_1_331' title='bbox 574 4302 889 4363; x_wconf 76' lang='lat' dir='ltr'>accedens</span> <span class='ocrx_word' id='word_1_332' title='bbox 936 4306 1226 4361; x_wconf 80' lang='lat' dir='ltr'>tentator</span> <span class='ocrx_word' id='word_1_333' title='bbox 1273 4301 1716 4376; x_wconf 89' lang='lat' dir='ltr'>permissione</span> <span class='ocrx_word' id='word_1_334' title='bbox 1766 4300 2055 4375; x_wconf 87' lang='lat' dir='ltr'>Christi,</span> <span class='ocrx_word' id='word_1_335' title='bbox 2108 4301 2265 4377; x_wconf 90' lang='lat' dir='ltr'>quia</span> <span class='ocrx_word' id='word_1_336' title='bbox 2330 4302 2545 4377; x_wconf 89' lang='lat' dir='ltr'>ipsum</span> <span class='ocrx_word' id='word_1_337' title='bbox 2597 4299 2766 4360; x_wconf 86' lang='lat' dir='ltr'>vidit</span> <span class='ocrx_word' id='word_1_338' title='bbox 2814 4297 3147 4373; x_wconf 87' lang='lat' dir='ltr'>spiritalia</span> <span class='ocrx_word' id='word_1_339' title='bbox 3195 4302 3262 4356; x_wconf 90' lang='lat' dir='ltr'>et</span> <span class='ocrx_word' id='word_1_340' title='bbox 3310 4313 3441 4356; x_wconf 87' lang='lat' dir='ltr'>non</span> 
     </span>
     <span class='ocr_line' id='line_1_33' title="bbox 355 4403 3440 4479; baseline -0.001 -17"><span class='ocrx_word' id='word_1_341' title='bbox 355 4405 650 4463; x_wconf 89' lang='lat' dir='ltr'>carnalia</span> <span class='ocrx_word' id='word_1_342' title='bbox 699 4410 1108 4478; x_wconf 84' lang='lat' dir='ltr'>operantem3</span> <span class='ocrx_word' id='word_1_343' title='bbox 1145 4409 1212 4462; x_wconf 91' lang='lat' dir='ltr'>et</span> <span class='ocrx_word' id='word_1_344' title='bbox 1248 4403 1494 4462; x_wconf 89' lang='lat' dir='ltr'>idcirco</span> <span class='ocrx_word' id='word_1_345' title='bbox 1531 4403 1822 4463; x_wconf 89' lang='lat' dir='ltr'>accessit</span> <span class='ocrx_word' id='word_1_346' title='bbox 1855 4404 1937 4462; x_wconf 91' lang='lat' dir='ltr'>ad</span> <span class='ocrx_word' id='word_1_347' title='bbox 1970 4419 2160 4479; x_wconf 89' lang='lat' dir='ltr'>eum,</span> <span class='ocrx_word' id='word_1_348' title='bbox 2202 4409 2272 4463; x_wconf 88' lang='lat' dir='ltr'>ut</span> <span class='ocrx_word' id='word_1_349' title='bbox 2310 4403 2435 4462; x_wconf 88' lang='lat' dir='ltr'>fuit</span> <span class='ocrx_word' id='word_1_350' title='bbox 2470 4403 2773 4479; x_wconf 89' lang='lat' dir='ltr'>spiritus,</span> <span class='ocrx_word' id='word_1_351' title='bbox 2814 4418 2943 4461; x_wconf 92' lang='lat' dir='ltr'>non</span> <span class='ocrx_word' id='word_1_352' title='bbox 2978 4415 3248 4460; x_wconf 90' lang='lat' dir='ltr'>aereum</span> <span class='ocrx_word' id='word_1_353' title='bbox 3294 4415 3440 4459; x_wconf 87' lang='lat' dir='ltr'>cor-</span> 
     </span>
     <span class='ocr_line' id='line_1_34' title="bbox 352 4503 3439 4587; baseline -0.002 -18"><span class='ocrx_word' id='word_1_354' title='bbox 352 4526 478 4586; x_wconf 89' lang='lat' dir='ltr'>pus</span> <span class='ocrx_word' id='word_1_355' title='bbox 513 4524 807 4583; x_wconf 89' lang='lat' dir='ltr'>sumens,</span> <span class='ocrx_word' id='word_1_356' title='bbox 845 4524 965 4567; x_wconf 88' lang='lat' dir='ltr'>nec</span> <span class='ocrx_word' id='word_1_357' title='bbox 999 4516 1064 4567; x_wconf 83' lang='lat' dir='ltr'>ln</span> <span class='ocrx_word' id='word_1_358' title='bbox 1087 4503 1134 4587; x_wconf 82' lang='lat'>⁵)</span> <span class='ocrx_word' id='word_1_359' title='bbox 1172 4508 1469 4584; x_wconf 89' lang='lat' dir='ltr'>aliquam</span> <span class='ocrx_word' id='word_1_360' title='bbox 1494 4508 1694 4567; x_wconf 89' lang='lat' dir='ltr'>aliam</span> <span class='ocrx_word' id='word_1_361' title='bbox 1727 4507 2007 4567; x_wconf 88' lang='lat' dir='ltr'>formam</span> <span class='ocrx_word' id='word_1_362' title='bbox 2043 4508 2245 4567; x_wconf 89' lang='lat' dir='ltr'>ullius</span> <span class='ocrx_word' id='word_1_363' title='bbox 2280 4514 2630 4567; x_wconf 89' lang='lat' dir='ltr'>creaturae</span> <span class='ocrx_word' id='word_1_364' title='bbox 2664 4523 2737 4566; x_wconf 90' lang='lat' dir='ltr'>se</span> <span class='ocrx_word' id='word_1_365' title='bbox 2770 4506 3281 4581; x_wconf 82' lang='lat' dir='ltr'>transfigurans,</span> <span class='ocrx_word' id='word_1_366' title='bbox 3320 4505 3439 4564; x_wconf 90' lang='lat' dir='ltr'>sed</span> 
     </span>
     <span class='ocr_line' id='line_1_35' title="bbox 362 4611 3436 4688; baseline -0.001 -15"><span class='ocrx_word' id='word_1_367' title='bbox 362 4614 577 4673; x_wconf 90' lang='lat' dir='ltr'>solum</span> <span class='ocrx_word' id='word_1_368' title='bbox 627 4615 700 4673; x_wconf 91' lang='lat' dir='ltr'>ut</span> <span class='ocrx_word' id='word_1_369' title='bbox 732 4616 873 4687; x_wconf 87' lang='lat' dir='ltr'>est,</span> <span class='ocrx_word' id='word_1_370' title='bbox 926 4613 1017 4672; x_wconf 89' lang='lat' dir='ltr'>ita</span> <span class='ocrx_word' id='word_1_371' title='bbox 1052 4628 1486 4688; x_wconf 77' lang='lat' dir='ltr'>permanenS,</span> <span class='ocrx_word' id='word_1_372' title='bbox 1538 4628 1610 4672; x_wconf 91' lang='lat' dir='ltr'>se</span> <span class='ocrx_word' id='word_1_373' title='bbox 1649 4612 1718 4671; x_wconf 93' lang='lat' dir='ltr'>in</span> <span class='ocrx_word' id='word_1_374' title='bbox 1768 4612 1980 4672; x_wconf 85' lang='lat' dir='ltr'>forma</span> <span class='ocrx_word' id='word_1_375' title='bbox 2014 4630 2137 4672; x_wconf 90' lang='lat' dir='ltr'>sua</span> <span class='ocrx_word' id='word_1_376' title='bbox 2184 4618 2260 4672; x_wconf 91' lang='lat' dir='ltr'>ut</span> <span class='ocrx_word' id='word_1_377' title='bbox 2292 4613 2722 4688; x_wconf 83' lang='lat' dir='ltr'>nigerrimam</span> <span class='ocrx_word' id='word_1_378' title='bbox 2773 4612 3076 4672; x_wconf 91' lang='lat' dir='ltr'>umbram</span> <span class='ocrx_word' id='word_1_379' title='bbox 3126 4611 3436 4672; x_wconf 90' lang='lat' dir='ltr'>ostendit:</span> 
     </span>
     <span class='ocr_line' id='line_1_36' title="bbox 353 4716 3441 4798; baseline -0.001 -20"><span class='ocrx_word' id='word_1_380' title='bbox 353 4721 510 4798; x_wconf 85' lang='lat' dir='ltr'>quia</span> <span class='ocrx_word' id='word_1_381' title='bbox 559 4721 809 4780; x_wconf 89' lang='lat' dir='ltr'>tantam</span> <span class='ocrx_word' id='word_1_382' title='bbox 858 4720 1176 4778; x_wconf 86' lang='lat' dir='ltr'>virtutem</span> <span class='ocrx_word' id='word_1_383' title='bbox 1227 4719 1293 4777; x_wconf 91' lang='lat' dir='ltr'>in</span> <span class='ocrx_word' id='word_1_384' title='bbox 1343 4718 1606 4778; x_wconf 89' lang='lat' dir='ltr'>Christo</span> <span class='ocrx_word' id='word_1_385' title='bbox 1654 4718 1946 4792; x_wconf 85' lang='lat' dir='ltr'>videbat,</span> <span class='ocrx_word' id='word_1_386' title='bbox 1998 4718 2175 4794; x_wconf 91' lang='lat' dir='ltr'>quod</span> <span class='ocrx_word' id='word_1_387' title='bbox 2226 4734 2297 4778; x_wconf 90' lang='lat' dir='ltr'>se</span> <span class='ocrx_word' id='word_1_388' title='bbox 2342 4719 2405 4776; x_wconf 89' lang='lat' dir='ltr'>in</span> <span class='ocrx_word' id='word_1_389' title='bbox 2456 4718 2652 4777; x_wconf 88' lang='lat' dir='ltr'>aliam</span> <span class='ocrx_word' id='word_1_390' title='bbox 2706 4717 2989 4777; x_wconf 81' lang='lat' dir='ltr'>sormam</span> <span class='ocrx_word' id='word_1_391' title='bbox 3037 4716 3441 4792; x_wconf 89' lang='lat' dir='ltr'>deceptuose</span> 
     </span>
     <span class='ocr_line' id='line_1_37' title="bbox 356 4819 3442 4898; baseline -0.002 -15"><span class='ocrx_word' id='word_1_392' title='bbox 356 4822 841 4883; x_wconf 84' lang='lat' dir='ltr'>transformare</span> <span class='ocrx_word' id='word_1_393' title='bbox 888 4838 1019 4881; x_wconf 90' lang='lat' dir='ltr'>non</span> <span class='ocrx_word' id='word_1_394' title='bbox 1055 4821 1361 4882; x_wconf 88' lang='lat' dir='ltr'>audebat.</span> <span class='ocrx_word' id='word_1_395' title='bbox 1409 4821 1490 4883; x_wconf 89' lang='lat' dir='ltr'>Et</span> <span class='ocrx_word' id='word_1_396' title='bbox 1525 4821 1670 4880; x_wconf 93' lang='lat' dir='ltr'>ideo</span> <span class='ocrx_word' id='word_1_397' title='bbox 1707 4827 1999 4881; x_wconf 89' lang='lat' dir='ltr'>tentator</span> <span class='ocrx_word' id='word_1_398' title='bbox 2032 4821 2302 4897; x_wconf 90' lang='lat' dir='ltr'>dicitur,</span> <span class='ocrx_word' id='word_1_399' title='bbox 2340 4823 2497 4898; x_wconf 87' lang='lat' dir='ltr'>quia</span> <span class='ocrx_word' id='word_1_400' title='bbox 2533 4822 2644 4881; x_wconf 92' lang='lat' dir='ltr'>ille</span> <span class='ocrx_word' id='word_1_401' title='bbox 2680 4820 2805 4880; x_wconf 80' lang='lat' dir='ltr'>fuit</span> <span class='ocrx_word' id='word_1_402' title='bbox 2839 4820 2952 4896; x_wconf 90' lang='lat' dir='ltr'>qui</span> <span class='ocrx_word' id='word_1_403' title='bbox 2986 4819 3196 4878; x_wconf 88' lang='lat' dir='ltr'>Adam</span> <span class='ocrx_word' id='word_1_404' title='bbox 3231 4821 3442 4877; x_wconf 88' lang='lat' dir='ltr'>tenta-</span> 
     </span>
    </p>
   </div>
   <div class='ocr_carea' id='block_1_8' title="bbox 361 5050 3482 5211">
    <p class='ocr_par' dir='ltr' id='par_1_11' title="bbox 361 5050 3482 5211">
     <span class='ocr_line' id='line_1_38' title="bbox 428 5050 3439 5130; baseline -0.001 -20"><span class='ocrx_word' id='word_1_405' title='bbox 428 5054 473 5116; x_wconf 93' lang='lat'>¹)</span> <span class='ocrx_word' id='word_1_406' title='bbox 511 5054 714 5110; x_wconf 81' lang='lat' dir='ltr'>Matth.</span> <span class='ocrx_word' id='word_1_407' title='bbox 762 5053 864 5117; x_wconf 81' lang='lat' dir='ltr'>IV.</span> <span class='ocrx_word' id='word_1_408' title='bbox 909 5061 956 5111; x_wconf 84' lang='lat'>1.</span> <span class='ocrx_word' id='word_1_409' title='bbox 988 5088 1008 5096; x_wconf 92' lang='lat'>-</span> <span class='ocrx_word' id='word_1_410' title='bbox 1037 5061 1121 5112; x_wconf 80' lang='lat'>¹1:</span> <span class='ocrx_word' id='word_1_411' title='bbox 1153 5086 1221 5096; x_wconf 91' lang='lat'>—</span> <span class='ocrx_word' id='word_1_412' title='bbox 1245 5057 1289 5121; x_wconf 75' lang='lat'>²)</span> <span class='ocrx_word' id='word_1_413' title='bbox 1327 5074 1482 5130; x_wconf 79' lang='lat' dir='ltr'>quem</span> <span class='ocrx_word' id='word_1_414' title='bbox 1516 5057 1857 5119; x_wconf 63' lang='lat' dir='ltr'>multaciam.</span> <span class='ocrx_word' id='word_1_415' title='bbox 1948 5056 2141 5114; x_wconf 83' lang='lat' dir='ltr'>eadem</span> <span class='ocrx_word' id='word_1_416' title='bbox 2169 5055 2415 5125; x_wconf 78' lang='lat' dir='ltr'>eleganti</span> <span class='ocrx_word' id='word_1_417' title='bbox 2443 5054 2786 5111; x_wconf 78' lang='lat' dir='ltr'>subtilitate.</span> <span class='ocrx_word' id='word_1_418' title='bbox 2817 5085 2885 5096; x_wconf 88' lang='lat'><em>-</em></span> <span class='ocrx_word' id='word_1_419' title='bbox 2911 5053 2954 5118; x_wconf 80' lang='lat'>⁴)</span> <span class='ocrx_word' id='word_1_420' title='bbox 2979 5053 3059 5108; x_wconf 86' lang='lat' dir='ltr'>De</span> <span class='ocrx_word' id='word_1_421' title='bbox 3084 5067 3191 5122; x_wconf 85' lang='lat' dir='ltr'>qua</span> <span class='ocrx_word' id='word_1_422' title='bbox 3213 5067 3272 5106; x_wconf 82' lang='lat' dir='ltr'>re</span> <span class='ocrx_word' id='word_1_423' title='bbox 3297 5050 3439 5107; x_wconf 85' lang='lat' dir='ltr'>alibi</span> 
     </span>
     <span class='ocr_line' id='line_1_39' title="bbox 361 5137 3482 5211; baseline 0 -17"><span class='ocrx_word' id='word_1_424' title='bbox 361 5139 440 5194; x_wconf 86' lang='lat' dir='ltr'>sic</span> <span class='ocrx_word' id='word_1_425' title='bbox 466 5155 654 5211; x_wconf 79' lang='lat' dir='ltr'>apogr.</span> <span class='ocrx_word' id='word_1_426' title='bbox 698 5171 766 5179; x_wconf 91' lang='lat'><em>—</em></span> <span class='ocrx_word' id='word_1_427' title='bbox 792 5139 839 5204; x_wconf 72' lang='grc'>8)</span> <span class='ocrx_word' id='word_1_428' title='bbox 872 5141 1041 5196; x_wconf 84' lang='lat' dir='ltr'>Plane</span> <span class='ocrx_word' id='word_1_429' title='bbox 1078 5155 1234 5196; x_wconf 86' lang='lat' dir='ltr'>more</span> <span class='ocrx_word' id='word_1_430' title='bbox 1271 5141 1604 5210; x_wconf 77' lang='lat' dir='ltr'>Augustini,</span> <span class='ocrx_word' id='word_1_431' title='bbox 1633 5149 1690 5199; x_wconf 83' lang='lat' dir='ltr'>ct</span> <span class='ocrx_word' id='word_1_432' title='bbox 1728 5159 1856 5199; x_wconf 86' lang='lat' dir='ltr'>cum</span> <span class='ocrx_word' id='word_1_433' title='bbox 1948 5142 2171 5197; x_wconf 85' lang='lat' dir='ltr'>siletur.</span> <span class='ocrx_word' id='word_1_434' title='bbox 2202 5173 2266 5182; x_wconf 95' lang='lat'>—</span> <span class='ocrx_word' id='word_1_435' title='bbox 2298 5144 2340 5206; x_wconf 88' lang='lat'>⁵)</span> <span class='ocrx_word' id='word_1_436' title='bbox 2368 5145 2578 5197; x_wconf 81' lang='lat' dir='ltr'>aerium</span> <span class='ocrx_word' id='word_1_437' title='bbox 2603 5157 2796 5210; x_wconf 73' lang='lat' dir='ltr'>corpus</span> <span class='ocrx_word' id='word_1_438' title='bbox 2820 5155 3050 5200; x_wconf 72' lang='lat' dir='ltr'>sumens,</span> <span class='ocrx_word' id='word_1_439' title='bbox 3075 5154 3169 5192; x_wconf 78' lang='lat' dir='ltr'>nec</span> <span class='ocrx_word' id='word_1_440' title='bbox 3190 5137 3328 5209; x_wconf 81' lang='lat' dir='ltr'>aliq.</span> <span class='ocrx_word' id='word_1_441' title='bbox 3359 5137 3482 5194; x_wconf 85' lang='lat' dir='ltr'>cod.</span> 
     </span>
    </p>
   </div>
   <div class='ocr_carea' id='block_1_9' title="bbox 555 5245 1373 5304">
    <p class='ocr_par' dir='ltr' id='par_1_12' title="bbox 555 5245 1373 5304">
     <span class='ocr_line' id='line_1_40' title="bbox 555 5245 1373 5304; baseline 0.004 -2"><span class='ocrx_word' id='word_1_442' title='bbox 555 5248 902 5304; x_wconf 77' lang='lat' dir='ltr'>ANALEc‘r.</span> <span class='ocrx_word' id='word_1_443' title='bbox 954 5246 1022 5304; x_wconf 93' lang='lat' dir='ltr'>T.</span> <span class='ocrx_word' id='word_1_444' title='bbox 1075 5246 1235 5304; x_wconf 90' lang='lat' dir='ltr'>VIII.</span> <span class='ocrx_word' id='word_1_445' title='bbox 1289 5245 1373 5304; x_wconf 83' lang='lat'>18</span> 
     </span>
    </p>
   </div>
  </div>
 </body>
</html>
