4036 6117
645 480 734 541 20
1806 493 1862 539 s.
1910 490 2452 541 untione-Anum

574 614 813 690 sancti,
865 611 1118 690 absque
1166 626 1503 673 venenoso
1552 610 1807 671 semine
1854 610 2009 686 viri,
2061 625 2333 671 carnem
2366 608 2659 684 collegit3
2696 613 2766 668 et
2798 608 2898 669 sic
2930 607 3130 670 homo
3165 606 3407 684 factae,
3442 622 3688 671 omnes

568 735 942 781 venenosas
970 717 1334 796 spurcitias
1360 716 1620 776 Diaboli
1649 715 1732 776 ab
1766 714 2152 796 hominibus
2185 714 2514 791 tergebat,
2542 713 2700 791 quia
2728 713 2872 790 ipse
2906 712 3161 790 absque
3186 717 3462 791 peccato
3489 727 3692 772 muu-

574 824 723 901 duS,
760 828 1151 901 peccatores
1184 840 1223 881 a
1256 820 1553 898 peccatis
1586 820 1983 880 emundatos
2017 819 2246 879 salvos
2273 817 2452 878 fecit.

1999 1026 2244 1089 XXVII.

1199 1236 1526 1297 Miracula
1559 1237 1836 1313 antiqua
1869 1239 2005 1293 tam
2038 1234 2401 1312 manifesta
2432 1250 2632 1311 quam
2663 1230 3058 1292 obnubilata.

667 1444 779 1504 39.
806 1443 991 1516 Quod
1020 1447 1245 1502 autem
1277 1442 1361 1502 ab
1394 1440 1693 1501 humeris
1726 1440 2041 1500 deorsum
2076 1439 2158 1499 ad
2188 1438 2439 1499 femora
2473 1454 2619 1514 sua,
2650 1439 2775 1499 sub
2806 1437 3062 1499 eisdem
3093 1437 3414 1514 nubibuS,
3442 1438 3510 1497 in
3543 1438 3684 1497 alia

576 1546 866 1622 quadam
913 1543 1193 1604 candida
1239 1544 1415 1603 nube
1462 1549 1591 1618 est,
1642 1543 1769 1603 hoc
1815 1550 1923 1603 est
1967 1541 2147 1619 quod
2204 1542 2287 1602 ab
2334 1548 2490 1602 ortu
2535 1548 2999 1601 creaturarum
3042 1540 3125 1600 ad
3159 1556 3395 1601 verum
3427 1545 3682 1615 ortum,

573 1665 725 1709 cum
780 1669 812 1709 <1
842 1649 1098 1708 veritas
1143 1648 1225 1707 de
1260 1653 1440 1707 terra
1472 1654 1620 1708 orta
1656 1653 1793 1717 est,
1828 1665 1860 1704 ι
1897 1643 1943 1725 ¹)
1987 1648 2058 1706 in
2089 1653 2352 1706 secreto
2387 1646 2773 1706 Divinitatis
2808 1653 2970 1706 'suae
3002 1646 3215 1706 multa
3248 1646 3576 1705 miracula
3609 1646 3682 1706 in

575 1752 863 1812 candore
889 1750 1434 1811 honorificentiae
1458 1748 1509 1830 ²)
1547 1750 1803 1825 habuit;
1833 1766 1914 1810 ex
1940 1751 2191 1827 quibus
2212 1750 2542 1827 quaedam
2575 1748 3055 1825 manifestavit,
3091 1748 3420 1827 quaedam
3452 1754 3684 1809 autem

579 1857 1022 1919 obnubilavit:
1069 1856 1227 1933 quia
1277 1856 1482 1916 etiam
1526 1855 1842 1915 voluntas
1887 1854 2034 1931 Dei,
2077 1856 2144 1915 in
2176 1854 2594 1916 ordinatione
2641 1860 2709 1914 et
2750 1855 3262 1915 conservatione
3293 1858 3685 1914 sanctarum

581 1965 979 2037 animarum,
1030 1960 1213 2021 clara
1260 1965 1329 2019 et
1375 1958 1657 2020 candida
1699 1959 1766 2019 in
1798 1959 2063 2020 occulta
2094 1965 2164 2020 et
2196 1958 2534 2036 spirituali
2568 1959 2708 2021 vita
2739 1964 2868 2034 est,
2905 1973 3076 2036 quae
3109 1964 3336 2020 tamen
3367 1956 3690 2034 impossi÷

576 2067 738 2127 bilia
772 2070 930 2126 sunt
962 2063 1294 2124 humanae
1326 2062 1652 2124 scientiae
1684 2062 2131 2123 manifestari.

1983 2270 2266 2331 XXVIII.

1695 2478 1887 2538 Vetus
1939 2479 2081 2539 Lex
2130 2495 2327 2539 sonus
2384 2478 2623 2540 Verbi.v

672 2692 779 2752 40.
830 2689 955 2750 Sed
1004 2695 1229 2750 tamen
1275 2686 1440 2764 ipse
1466 2689 1653 2748 velut
1685 2687 1811 2749 sub
1844 2688 2147 2749 humeris
2181 2688 2328 2749 suis
2359 2689 2428 2748 in
2458 2688 2729 2750 homine
2759 2688 3119 2766 quamdam
3150 2688 3462 2749 militiam
3495 2688 3695 2749 insti-

585 2798 736 2871 tuit,
775 2811 927 2855 cum
960 2795 1025 2854 ei
1055 2799 1286 2854 vetera
1320 2793 1562 2868 legalia
1595 2793 1902 2869 injunxit,
1939 2809 2113 2870 quae
2147 2800 2221 2855 ut
2254 2810 2460 2854 sonus
2493 2794 2715 2869 Verbi,
2744 2799 2813 2854 et
2843 2810 2975 2854 non
3005 2793 3295 2874 Verbum
3326 2796 3537 2852 erant.
3572 2790 3699 2852 So·

573 2919 700 2961 nus
747 2901 926 2960 enim
963 2899 1155 2959 verbi
1195 2899 1488 2975 primum
1520 2899 1811 2975 auditur,
1847 2905 1915 2960 et
1946 2906 2185 2975 postea
2215 2900 2497 2960 verbum
2529 2900 2979 2975 cognoscitur.
3014 2898 3124 2959 Sic
3154 2912 3443 2975 namque
3473 2901 3686 2958 vetus

580 3008 710 3067 Lex
756 3021 963 3067 sonus
994 3011 1063 3066 et
1094 3004 1559 3066 umbraculum
1591 3005 1790 3066 Verbi
1825 3004 1972 3081 fuit3
2007 3010 2164 3082 post
2194 3021 2394 3082 quem
2425 3004 2664 3067 deinde
2696 3005 3010 3081 Verbum,
3047 3004 3312 3067 scilicet
3342 3001 3690 3076 chrisme,

586 3113 924 3189 apparuit.

1976 3321 2288 3383 XXVIIII.

1658 3533 1712 3591 A
1762 3533 1895 3593 Deo
1942 3537 2182 3592 cuncta
2219 3537 2603 3610 portantur,

681 3736 785 3799 41.
819 3737 900 3798 Et
933 3756 983 3822 a·
1008 3736 1375 3807 femoribus
1411 3737 1495 3798 ad
1527 3754 1741 3815 genua
1777 3755 1899 3799 sua
1934 3740 2003 3799 in
2036 3745 2300 3800 terreno
2328 3755 2482 3800 aere
2515 3746 2643 3816 est,
2679 3740 2997 3817 quoniam
3023 3744 3098 3799 ut
3129 3738 3354 3799 omnia
3385 3737 3687 3797 carnalia

584 3843 666 3902 de
715 3841 967 3902 femore
1012 3841 1402 3918 procedunt,
1452 3847 1520 3901 et
1567 3848 1641 3902 ut
1688 3859 1728 3903 a
1773 3843 2057 3919 genibus
2105 3849 2571 3904 sustentantur
2615 3848 2684 3902 et
2715 3841 3071 3916 vehuntur,
3109 3841 3208 3900 sic
3241 3840 3445 3900 etiam
3479 3856 3518 3899 a
3548 3837 3686 3899 Deo

591 3951 832 4006 cuncta
878 3950 1107 4006 creata
1154 3950 1541 4022 portantur,
1589 3962 1668 4006 ac
1717 3947 1784 4007 in
1831 3947 2024 4023 igneo
2072 3948 2298 4007 calore
2342 3954 2413 4007 et
2454 3947 2732 4007 humore
2766 3947 2968 4022 aeriS‚
3006 3947 3073 4007 in
3105 3962 3237 4022 quo
3273 3951 3506 4022 aperta
3537 3944 3686 4004 vita

584 4049 1035 4126 corporalium
1082 4055 1209 4125 est,
1259 4051 1668 4127 nutriuntur3
1719 4051 2282 4128 quemadmodum
2329 4059 2396 4111 et
2443 4069 2658 4112 novus
2705 4052 3017 4129 populna,
3052 4051 3135 4111 de
3165 4066 3327 4110 vera
3359 4048 3682 4110 castitate

576 4168 881 4228 surgenS,
933 4156 1002 4212 et
1033 4152 1116 4212 ad
1151 4153 1534 4213 vectibilem
1565 4153 2146 4231 confortationem,
2185 4156 2282 4215 uti
2316 4156 2627 4216 omnibus
2659 4160 2867 4231 patet,
2902 4154 3324 4231 pervenienS,
3362 4152 3681 4227 quamvis

584 4256 650 4315 in
697 4256 985 4315 terrenis
1027 4262 1367 4333 appareat,
1404 4257 1614 4318 multa
1647 4264 1871 4319 tamen
1902 4259 2383 4319 miraculorum
2413 4264 2481 4318 et
2510 4259 2839 4318 virtutum
2872 4258 3210 4317 suavitate
3242 4259 3684 4330 temperatur.

588 4359 753 4418 Cum
799 4359 977 4418 enim
1022 4359 1353 4420 Divinitas
1399 4362 1655 4438 Virgini
1704 4378 1777 4423 se
1824 4363 2147 4439 adjunxit,
2198 4379 2318 4440 per
2365 4359 2876 4439 inspirationem
2907 4361 3197 4439 Spiritus
3229 4359 3476 4435 Sancti,
3524 4359 3687 4421 Ver-

583 4464 742 4523 bum
789 4464 854 4523 in
889 4463 1302 4526 humanitate
1335 4482 1457 4526 sua
1490 4468 2043 4543 cognoscebatur,
2080 4468 2255 4544 quod
2287 4483 2530 4528 novam
2561 4467 2803 4544 Legem
2834 4483 2955 4544 per
2989 4466 3427 4542 semetipsum
3459 4468 3686 4525 osten-

582 4569 700 4629 dit.
747 4568 829 4629 Et
864 4569 955 4628 ibi
991 4585 1197 4629 sonus
1239 4577 1307 4629 et
1337 4571 1625 4631 Verbum
1661 4572 1728 4633 in
1760 4589 1965 4633 unum
1997 4578 2474 4647 convenerunt,
2521 4572 2635 4632 ubi
2667 4578 2865 4633 vetus
2897 4578 2966 4632 et
2996 4588 3169 4632 nova
3200 4571 3331 4631 Lex
3363 4567 3494 4629 sibi
3526 4583 3689 4629 con-

587 4681 960 4734 senserunt.

657 4867 700 4928 ¹)
727 4867 817 4922 ps.
849 4865 1168 4933 Lxxx1v.
1203 4875 1283 4925 ιε.
1817 4932 1820 4934 Α
2127 4874 2137 4942 ι
2200 4873 2245 4938 2>
2273 4872 2565 4943 honorifice
2590 4870 2682 4926 w.
