4036 6117
1343 533 1758 580 EXPOSI'I'IO
1811 534 2465 580 EVANGELIORUM.
3242 522 3372 582 ‘289

335 666 637 735 terrena,
680 657 740 719 id
778 665 883 720 est
917 660 1214 721 visibilia
1248 679 1422 739 quae
1459 680 1580 723 vos
1613 663 1800 739 estiS,
1839 664 1986 724 diaei
2022 663 2193 724 vobis
2219 663 2761 739 demonstrando,
2799 672 2858 724 et
2889 684 3018 726 non
3055 668 3323 728 creditis
3358 684 3437 729 ea

336 763 728 837 nesciendo,
782 767 1099 842 quomodo
1155 768 1210 825 si
1257 769 1491 827 diaeero
1522 768 1689 839 vobis
1726 769 2055 843 coelestia,
2106 784 2279 846 quae
2326 769 2553 829 videre
2602 786 2733 829 non
2782 772 3067 845 potestis
3117 775 3436 836 credetis?

337 868 402 926 id
440 873 553 926 est
585 868 920 942 quomodo
956 870 1132 929 scire
1165 871 1476 946 poteritis
1526 873 1702 946 quod
1738 888 1860 948 ego
1898 873 2083 932 sum‘?
2131 874 2214 933 Et
2247 890 2439 931 nemo
2472 874 2769 933 aseendit
2813 875 2886 934 in
2920 877 3195 951 coelum,
3233 876 3298 936 id
3333 883 3439 938 est

331 973 526 1032 nulla
579 971 937 1033 tenebrosa
988 975 1271 1034 scientia
1319 992 1669 1035 ascensum
1725 976 1923 1036 habet
1977 977 2043 1035 in
2076 978 2357 1051 coelum,
2410 979 2542 1036 nisi
2584 978 2810 1054 quide
2846 981 3019 1039 coelo
3069 981 3433 1058 descendit,

330 1076 606 1136 scilicet
640 1077 812 1152 quod
853 1078 1201 1137 intinctum
1238 1081 1343 1137 est
1373 1075 1419 1158 ¹)
1459 1079 1572 1138 illo
1608 1079 1783 1155 quod
1819 1080 1960 1139 vita
1987 1079 2365 1140 aedificavit
2402 1080 2466 1139 in
2500 1081 2682 1141 clara
2723 1080 2957 1158 forma,
2991 1083 3204 1144 Filius
3236 1087 3440 1146 homi-

330 1182 444 1239 nis
482 1182 598 1256 qui
632 1186 726 1239 est
762 1183 834 1239 in
871 1182 1066 1256 coele,
1113 1182 1269 1258 quia
1306 1181 1608 1241 homines
1645 1184 1901 1242 animas
1935 1183 2016 1242 de
2051 1185 2237 1243 coelo
2288 1184 2647 1259 accipiunt,
2684 1200 2856 1261 quae
2908 1184 2988 1245 ad
3026 1187 3283 1245 coelum
3319 1204 3438 1264 per

337 1283 520 1342 bona
552 1300 756 1358 opera
792 1284 1091 1360 redeunt,
1128 1301 1280 1345 cum
1314 1286 1520 1345 etiam
1555 1285 1854 1346 membra
1889 1287 2039 1347 Filii
2075 1286 2190 1346 Dei
2229 1290 2401 1347 sunt.

432 1388 520 1447 Et
570 1391 738 1448 sicut
789 1389 1060 1467 MoyseS,
1112 1390 1371 1449 scilicet
1419 1389 1787 1466 Scriptura,
1839 1407 2010 1466 quae
2059 1390 2140 1449 de
2175 1390 2428 1466 Spiritu
2474 1390 2713 1452 Sancto
2759 1398 3028 1468 sumpta
3076 1399 3203 1466 est,
3255 1395 3439 1453 exal-

331 1495 529 1567 tavit,
564 1490 614 1571 2)
669 1492 733 1551 id
766 1500 868 1552 est
916 1492 1209 1553 ostendit
1258 1493 1665 1554 denudatum
1701 1495 1763 1553 in
1813 1494 2217 1554 exaltatione
2268 1495 2532 1568 salutiS,
2585 1502 2985 1573 serpentem,
3038 1497 3298 1557 scilicet
3333 1514 3444 1556 ne-

333 1595 628 1671 quitiam
666 1597 1031 1672 hominum,
1084 1600 1155 1657 in
1189 1598 1467 1673 deserte,
1514 1597 1774 1658 scilicet
1806 1598 1886 1657 de
1921 1599 2292 1674 perditione
2326 1600 2586 1673 mortiS,
2638 1601 2733 1658 ita
2766 1601 3059 1660 eaealtari
3092 1608 3342 1679 oportet
3379 1603 3446 1660 in

332 1699 681 1758 erectione
732 1699 984 1759 Filium
1017 1702 1321 1774 homini-5,
1360 1700 1622 1776 quando
1658 1701 2070 1776 spiraculum
2109 1701 2283 1760 vitae
2322 1702 2385 1760 in
2419 1700 2723 1761 homines
2759 1702 2839 1761 ad
2878 1704 3086 1762 vitam
3122 1704 3437 1778 mittitur,

335 1809 412 1865 ut
441 1800 494 1883 ³)
547 1805 894 1865 credentes
939 1807 1305 1881 salventur,
1356 1813 1428 1865 ut
1465 1809 1674 1866 omnis
1726 1807 1968 1881 anima,
2005 1809 2120 1884 qui
2168 1808 2375 1867 credit
2412 1809 2484 1866 in
2530 1809 2671 1883 ipso
2708 1807 2997 1881 homine,
3043 1825 3175 1866 non
3203 1814 3436 1884 pereat

336 1910 711 1985 adnullata,
751 1911 866 1971 sed
914 1917 988 1972 ut
1020 1913 1362 1971 salventur
1410 1913 1523 1988 qui
1561 1912 1623 1971 in
1675 1911 1882 1972 Deum
1917 1912 2219 1987 credunt,
2272 1913 2383 1970 sed
2417 1910 2641 1973 habeat
2678 1914 2876 1971 vitam
2911 1919 3276 1988 aeternam,
3316 1915 3444 1971 sci-

338 2015 502 2075 licet
534 2020 610 2075 ut
640 2016 779 2076 vita
815 2023 1281 2092 cognoscatur,
1333 2033 1504 2092 quae
1541 2018 1607 2076 in
1640 2017 2103 2091 superioribus
2136 2016 2424 2090 videtur,
2461 2017 2614 2091 quia
2661 2033 2903 2093 corpus
2938 2032 3056 2092 per
3090 2018 3263 2093 quod
3300 2018 3439 2076 vita

337 2123 795 2198 cognoscitur,
848 2124 1117 2196 arescit,
1155 2125 1220 2182 et
1257 2122 1392 2182 vita
1428 2124 1490 2181 in
1524 2122 1657 2181 Deo
1693 2125 1934 2183 manet.

1849 2317 1922 2374 11.

1697 2495 1844 2554 Alio
1893 2496 2100 2553 mode.

431 2672 625 2742 Erat,
665 2672 725 2732 id
761 2677 866 2732 est
899 2672 1236 2749 cognitum
1265 2677 1391 2749 est,
1421 2677 1628 2746 homo,
1669 2673 1930 2733 scilicet
1964 2674 2237 2747 malum,
2273 2692 2355 2731 eae
2386 2673 2797 2742 Pharisaei&
2834 2672 3094 2733 scilicet
3118 2673 3199 2732 de
3228 2682 3433 2745 recto,

339 2776 500 2850 quia
553 2778 797 2835 malum
834 2776 915 2835 de
963 2777 1134 2836 bono
1169 2778 1614 2851 cognoscitur.
1671 2777 2064 2836 Nicodemus
2106 2779 2400 2847 nomine,
2437 2776 2611 2852 quod
2648 2779 2752 2836 est
2784 2776 2973 2850 nihil,
3011 2777 3171 2853 quia
3205 2794 3327 2855 per
3364 2779 3440 2839 il-

344 2880 458 2939 lud
494 2896 575 2940 ea
610 2896 779 2956 quae
815 2886 970 2940 sunt
1004 2882 1175 2941 bona
1210 2887 1277 2941 et
1305 2882 1488 2957 justa
1523 2889 2021 2957 cognoscuntur
2053 2888 2119 2941 et
2152 2882 2542 2958 probantur.

428 2986 553 3045 Hie
600 2987 778 3045 venit¹
813 2987 899 3045 ad
947 2985 1197 3060 Jesum,
1237 2986 1549 3046 videlicet
1596 2984 1678 3046 ad
1715 3002 2051 3045 summum
2101 2986 2370 3061 bonum,
2406 2991 2618 3061 noete,
2671 2984 2933 3045 scilicet
2969 2984 3034 3042 in
3083 2984 3234 3044 odio
3269 2991 3337 3045 et
3371 2986 3436 3044 in

338 3089 622 3164 invidia,
673 3098 734 3149 et
771 3091 943 3149 dixit
992 3092 1053 3150 ei
1103 3091 1434 3152 tentando:
1488 3090 1711 3166 Rabbi‚
1750 3091 1904 3168 quia
1939 3091 2164 3150 omnia
2210 3091 2535 3166 disponiS‚
2574 3093 2817 3150 seimus
2866 3088 3172 3164 vidend0,
3208 3094 3365 3168 quia
3396 3110 3435 3150 a

338 3196 474 3255 Deo
520 3198 760 3256 venisti
791 3197 1140 3274 maqister,
1195 3195 1290 3255 ita
1324 3201 1395 3254 ut
1444 3196 1626 3255 nulla
1659 3201 1961 3271 potestas
2012 3196 2102 3254 sit
2135 3201 2404 3271 praeter
2451 3202 2535 3254 te.
2573 3195 2778 3254 Nemo
2810 3196 2991 3252 enim
3018 3200 3237 3270 potest
3274 3199 3433 3255 haec

339 3302 530 3378 siqna
558 3301 781 3378 facere
829 3318 994 3377 quae
1029 3306 1104 3359 tu
1149 3303 1340 3378 faciS,
1379 3300 1443 3359 id
1476 3302 1582 3360 est
1614 3301 1777 3359 nulli
1812 3305 2135 3376 potestas»,
2173 3287 2459 3359 victoria
2492 3305 2559 3358 et
2591 3314 2795 3375 opera
2832 3297 3262 3375 famulantur,
3300 3303 3433 3362 nisi

336 3407 549 3482 suerit
585 3407 762 3465 Deus
798 3425 948 3466 cum
980 3423 1079 3476 ee,
1115 3405 1245 3465 nisi
1282 3403 1403 3465 tibi
1438 3405 1567 3464 soli
1602 3405 1717 3480 qui
1750 3403 1926 3462 Deus
1959 3419 2054 3463 es.

428 3512 793 3588 Respondit
844 3512 1059 3584 Jesus,
1096 3516 1158 3569 et
1208 3512 1378 3570 dimit
1418 3512 1477 3568 ei
1511 3526 1630 3585 per
1663 3509 2138 3568 ostensionem:
2176 3510 2412 3583 Amen,
2450 3526 2643 3567 amen
2678 3507 2828 3568 dico
2868 3505 2982 3567 tibi
3020 3509 3084 3567 in
3130 3523 3289 3568 vera
3323 3509 3434 3569 de-

340 3615 845 3675 monstratione:
896 3616 1043 3676 Nisi
1078 3617 1223 3693 quis
1271 3607 1472 3674 {zatus
1519 3615 1729 3692 fuerit
1779 3613 2031 3688 denuo,
2087 3612 2150 3671 id
2199 3615 2305 3671 est
2350 3612 2483 3670 nisi
2531 3618 2842 3672 creatura
2898 3619 3209 3673 exerceat
3264 3630 3433 3691 opus

338 3736 535 3780 suum
583 3720 1032 3781 vivificatione
1068 3721 1180 3780 illa
1229 3736 1399 3795 quae
1432 3735 1647 3778 vacua
1695 3733 1846 3778 esse
1881 3735 2006 3778 non
2055 3717 2275 3792 debet,
2322 3716 2496 3793 quod
2534 3718 2606 3776 tu
2637 3733 2769 3776 non
2818 3716 3004 3792 facis»,
3059 3719 3215 3794 quia
3265 3719 3431 3778 nihil

336 3841 433 3897 OS,
484 3842 619 3883 non
647 3831 860 3901 potest
908 3826 1130 3884 videre
1181 3842 1459 3901 reqnum
1495 3824 1639 3892 Dei,
1692 3822 2005 3898 quoniam
2040 3821 2121 3881 ad
2173 3821 2690 3880 vivificationem
2743 3821 2924 3880 illam
2959 3838 3089 3881 non
3122 3830 3434 3898 exsurget

335 3945 508 4004 quae
542 3929 765 3988 omnia
814 3930 1065 4005 implet,
1102 3929 1261 4004 quia
1308 3944 1612 4004 quaeque
1649 3934 1912 3987 terrena
1961 3933 2029 3986 et
2061 3927 2312 3985 caduca
2347 3931 2653 3984 creatura
2693 3925 2758 3983 in
2792 3931 2945 3983 ortu
2982 3926 3151 3985 initii
3186 3926 3294 3985 sui
3330 3942 3430 3986 re-

341 4033 677 4092 nascendo
713 4017 1023 4109 resurgit.

429 4140 602 4199 Dicit
653 4139 736 4197 ad
784 4157 936 4197 eum
984 4138 1406 4210 NicodemuS,
1459 4136 1719 4195 scilicet
1769 4138 2017 4196 malum
2068 4134 2243 4212 quod
2293 4134 2459 4195 nihil
2508 4141 2632 4194 est:
2688 4136 3016 4207 Quomodo
3056 4141 3270 4211 potest
3322 4140 3430 4196 ho-

338 4267 440 4308 mo
473 4252 694 4310 nasci?
730 4250 793 4308 id
827 4255 952 4323 est,
991 4251 1171 4325 quali
1207 4248 1401 4308 modo
1440 4249 1618 4307 valet
1653 4253 1961 4307 creatura
1998 4263 2071 4306 se
2106 4246 2171 4306 in
2205 4263 2406 4322 opere
2456 4261 2575 4305 suo
2624 4260 2963 4314 exercere,
3016 4262 3163 4304 cum
3213 4246 3294 4302 sit
3331 4263 3429 4303 se-

339 4371 494 4421 nem,
534 4353 794 4412 scilicet
843 4369 993 4412 cum
1037 4353 1157 4412 tibi
1208 4353 1297 4412 sit
1332 4352 1750 4411 inobediens?
1785 4352 2125 4428 Numquid
2168 4356 2376 4428 potest
2411 4353 2484 4409 in
2518 4358 2817 4408 ventrem
2847 4352 3082 4408 matris
3118 4367 3275 4408 suae
3309 4351 3429 4408 ite-

338 4475 486 4514 rum
523 4460 824 4531 introire,
866 4458 957 4517 ita
989 4464 1063 4517 ut
1102 4458 1339 4516 iterum
1374 4456 1603 4516 audiat
1639 4454 1798 4515 illud
1833 4457 2121 4530 primum
2156 4455 2324 4529 Fiat,
2353 4457 2419 4514 et
2452 4454 2652 4514 aliam
2705 4455 3059 4531 sphaeram
3096 4461 3423 4529 assumat,

341 4564 398 4615 et
435 4561 643 4633 nasci,
680 4558 814 4619 ubi:
850 4557 1026 4619 Dixit
1055 4554 1102 4637 ⁴)
1139 4566 1205 4618 et
1243 4559 1418 4618 facta
1453 4558 1642 4617 sunt?

427 4664 789 4740 Respondit
840 4662 1050 4735 Jeme,
1105 4678 1439 4722 summum
1491 4663 1764 4722 bonum:
1817 4664 2052 4736 Amen,
2103 4681 2297 4721 amen
2333 4663 2475 4722 dieo
2523 4661 2639 4721 tibi
2673 4677 2843 4738 quae
2894 4661 3068 4721 scire
3118 4678 3246 4721 non
3293 4662 3420 4722 vis:

340 4757 482 4827 Nis'i
516 4769 662 4845 quis
710 4773 983 4826 renatus
1030 4768 1266 4843 fuerit,
1306 4767 1370 4826 id
1419 4773 1522 4825 est
1557 4768 1736 4826 nulla
1790 4765 2001 4825 forma
2052 4769 2509 4826 creaturarum
2563 4767 2883 4839 ambulat,
2938 4782 3055 4826 nec
3107 4773 3264 4836 stat,
3302 4784 3423 4826 nec

341 4871 554 4930 videri
602 4875 844 4946 potest,
897 4871 1026 4929 nisi
1076 4874 1302 4931 creata
1351 4878 1418 4930 et
1469 4871 1826 4945 vivificata,
1864 4891 1948 4930 eae
1997 4890 2173 4947 aqua
2206 4861 2593 4931 incrementi
2643 4879 2702 4929 et
2741 4873 2983 4947 spiritu
3034 4870 3427 4929 vivificatio-

342 4977 466 5050 ni3‚
501 4995 635 5036 non
658 4983 871 5053 potest
905 4977 1181 5034 introire
1216 4979 1289 5036 in
1324 4996 1602 5055 reynum
1637 4977 1779 5051 Dei,
1818 4976 1881 5035 id
1917 4984 2040 5051 est,
2079 4977 2207 5038 nisi
2243 4983 2388 5036 rota
2421 4993 2592 5052 quae
2626 4977 2763 5035 vita
2797 4979 2923 5051 est,
2961 4991 3108 5034 eam
3142 4976 3425 5034 circum-

414 5117 455 5176 1)
496 5116 696 5173 Nescio
734 5132 806 5170 an
833 5114 1129 5185 legendum
1168 5122 1482 5174 instinctum
1520 5119 1605 5173 vcl
1634 5121 1836 5174 imtru·
1921 5120 1967 5182 2)
2004 5118 2271 5174 exaltavit
2308 5133 2418 5174 om.
2462 5118 2583 5174 cod.
2622 5149 2673 5158 -—
2721 5117 2764 5178 ³)
2791 5122 2851 5174 in
2888 5119 3150 5173 credentes
3184 5116 3304 5172 cod.
3349 5147 3418 5157 —-

343 5210 480 5257 ctum
506 5209 613 5266 est,
640 5203 695 5257 in
719 5206 821 5260 hac
847 5203 1192 5260 obscuritate
1218 5220 1320 5259 vox
1348 5206 1433 5260 via
1466 5210 1734 5260 tentatur.
1773 5238 1834 5245 —
1923 5207 1966 5271 f)
1994 5207 2192 5260 dixisti
2217 5203 2336 5259 cod.
2370 5205 2458 5258 Ps.
2491 5202 2732 5258 xxxn.
2767 5206 2815 5256 9.

519 5315 864 5373 ANALECT.
918 5313 986 5371 T.
1041 5312 1200 5372 VIII.
1256 5312 1338 5371 19
