4036 6117
733 495 861 555 136
1888 515 1937 556 s,
1992 511 2524 561 nimmeanms

2093 733 2317 797 LXIII.

1630 942 1827 1001 Verba
1881 944 2092 1003 David
2142 946 2226 1002 ad
2276 945 2577 1004 eamdem
2626 963 2787 1003 rem.

749 1157 853 1216 79.
893 1152 1216 1215 Decidant
1267 1169 1308 1210 α
1356 1150 1850 1228 coyitationibus
1885 1154 2045 1219 suis,
2099 1153 2463 1211 secundum
2496 1152 3005 1212 multitudinem
3040 1154 3463 1229 impietatum
3495 1169 3757 1223 eorum;

655 1260 922 1338 empelle
956 1276 1089 1327 eos,
1126 1257 1439 1335 quoniam
1473 1257 1913 1315 irritaverunt
1947 1261 2035 1330 te,
2075 1257 2374 1316 Domine.
2408 1250 2453 1332 ¹)
2492 1255 2673 1327 Quod
2710 1256 2915 1316 etiarn
2951 1257 3051 1316 sic
3088 1256 3588 1332 intelligendum
3624 1262 3754 1315 est.

651 1363 981 1435 Perversi,
1034 1363 1100 1422 in
1132 1360 1434 1436 nequitia
1480 1359 1948 1434 perversitatis
1999 1375 2162 1419 suae
2198 1361 2452 1434 inanes,
2504 1359 2764 1433 cadent,
2802 1376 2956 1420 cum
2991 1361 3245 1438 absque
3288 1362 3751 1422 consolatione

649 1475 717 1529 et
749 1468 1004 1544 absque
1039 1467 1257 1525 salute
1293 1463 1510 1523 laudis
1542 1468 1609 1522 et
1641 1464 1895 1538 gloriae
1930 1481 1967 1522 a
2001 1463 2525 1538 cogitationibus
2559 1466 2703 1524 suis
2734 1461 2786 1545 ²)
2824 1465 3017 1524 vacui
3054 1473 3417 1526 remanent.
3453 1465 3637 1526 Unde
3673 1472 3749 1525 tu

651 1572 769 1649 qui
802 1570 1025 1630 omnia
1051 1569 1231 1645 juste
1264 1568 1638 1644 dispensaS,
1671 1567 1859 1642 juxta
1895 1567 2465 1641 multiplicitatem
2499 1569 2811 1643 ponderis
2849 1570 3268 1644 impietatum
3299 1586 3555 1645 eorum,
3591 1571 3757 1646 quia

653 1674 984 1750 plurimae
1011 1678 1187 1748 sunt,
1216 1672 1471 1746 expelle
1497 1687 1613 1730 eos
1635 1664 1685 1751 ⁸)
1722 1687 1760 1729 a
1786 1675 1873 1745 te,
1912 1672 2027 1747 qui
2061 1677 2125 1729 te
2160 1671 2527 1746 irritantes,
2562 1672 2990 1748 projecerunt
3016 1678 3081 1733 te
3107 1691 3146 1734 a
3180 1690 3272 1735 se.
3301 1675 3534 1750 Magna
3560 1690 3752 1734 nam-

655 1793 787 1855 que
837 1777 1146 1852 impietas
1181 1776 1246 1835 in
1295 1774 1678 1834 hominibus
1713 1775 1848 1834 illis
1896 1781 2023 1849 est,
2060 1775 2173 1851 qui
2224 1774 2350 1833 hoc
2382 1775 2556 1851 quod
2600 1776 2779 1851 juste
2829 1778 3005 1836 scire
3036 1782 3104 1837 et
3151 1794 3471 1854 prospere
3522 1778 3749 1838 facere

651 1887 950 1960 possent,
988 1881 1164 1941 scire
1197 1887 1266 1940 et
1301 1879 1519 1939 facere
1554 1885 1897 1954 spernunt,
1937 1878 2053 1938 sed
2089 1879 2171 1939 ad
2205 1880 2491 1939 alienam
2527 1896 2691 1955 rem,
2728 1898 2899 1958 quae
2934 1882 3015 1941 ad
3049 1898 3167 1942 eos
3200 1900 3330 1942 nou
3374 1883 3661 1958 pertinet
3693 1879 3749 1960 ⁴)

650 1993 723 2047 et
754 2002 954 2064 quam
988 1999 1201 2062 neque
1248 1984 1500 2058 vident,
1536 1999 1751 2060 neque
1784 1984 2029 2057 sciunt,
2067 1999 2140 2043 se
2192 1990 2481 2059 vertunt;
2517 1991 2585 2045 et
2618 1985 2743 2046 hoc
2776 2001 2927 2045 esse
2959 1991 3369 2063 computant,
3406 1985 3583 2063 quod
3616 2002 3755 2046 non

650 2097 778 2152 est.
815 2092 966 2167 Ipsa
1015 2104 1280 2166 quoque
1329 2089 1641 2163 impietas
1693 2088 2108 2148 infidelitatis
2157 2088 2314 2148 talis
2347 2094 2474 2164 est,
2513 2089 2687 2166 quod
2726 2106 3262 2168 unamquamque
3313 2107 3454 2151 rem
3500 2093 3757 2152 consti-

653 2196 816 2270 tuit,
866 2200 934 2255 et
981 2193 1299 2269 disponit,
1351 2192 1546 2268 quasi
1596 2191 1887 2250 creatrix
1934 2190 2233 2266 ejusdem
2284 2193 2380 2250 rei
2431 2193 2541 2267 sit,
2577 2198 2646 2252 et
2693 2194 2902 2253 multa
2950 2193 3103 2255 odio
3154 2193 3377 2269 habet,
3429 2195 3753 2270 quoniam

650 2317 916 2376 semper
949 2300 1031 2360 ad
1066 2300 1282 2359 aliena
1315 2297 1611 2372 respicit.
1647 2296 1827 2356 Unde
1854 2297 1967 2372 qui
2004 2297 2189 2356 illam
2219 2297 2347 2357 sibi
2386 2300 2748 2374 associant,
2778 2299 2945 2359 nihil
2980 2305 3158 2375 sunt,
3195 2301 3508 2377 quoniam
3535 2300 3753 2360 Deum

647 2408 1012 2478 irritanteS,
1065 2404 1148 2463 ad
1184 2402 1467 2463 nihilum
1517 2401 1930 2476 rediguntur3
1984 2402 2143 2478 quia
2177 2403 2459 2477 gloriam
2494 2402 2609 2462 Dei
2645 2408 2716 2462 et
2747 2404 3063 2479 gaudium
3114 2403 3289 2480 quod
3327 2404 3393 2462 in
3425 2403 3558 2463 Deo
3606 2409 3742 2478 est,

650 2515 956 2583 renuunt;
994 2513 1061 2567 et
1094 2508 1254 2583 quia
1285 2506 1493 2567 Deum
1541 2522 1672 2565 non
1704 2512 2132 2581 venerantur,
2171 2507 2732 2582 quemadmodum
2767 2525 2887 2566 nec
2922 2507 3118 2568 homo
3165 2509 3432 2589 inimico
3467 2525 3589 2568 suo
3625 2508 3750 2569 ho-

647 2630 875 2674 norem
907 2611 1196 2672 exhibet.
1232 2610 1356 2670 Sed
1391 2611 1593 2685 beati,
1631 2610 1747 2685 qui
1777 2608 1986 2669 Deum
2020 2609 2330 2684 diligunt!
2364 2609 2785 2671 Infidelitatis
2819 2627 3022 2687 opera
3052 2612 3331 2689 fugiant,
3361 2617 3428 2672 et
3462 2611 3749 2672 fidelita-

646 2724 780 2778 tem
814 2717 897 2776 ad
945 2718 1185 2776 cuncta
1218 2716 1392 2776 bona
1442 2717 1764 2788 tenentes,
1798 2712 1931 2773 Deo
1969 2729 2043 2772 se
2076 2715 2503 2791 conjungant,
2555 2715 2870 2792 quoniam
2904 2717 3117 2792 magis
3152 2733 3306 2777 cum
3348 2718 3495 2793 ipso
3533 2733 3746 2792 quam

641 2839 795 2885 cum
828 2821 1103 2883 Diabolo
1138 2837 1288 2881 esse
1324 2821 1597 2880 malunt.
1628 2818 1807 2879 Haec
1843 2824 2068 2878 autem
2102 2819 2182 2878 de
2218 2820 2700 2894 poenitentium
2733 2821 3086 2881 animabus
3112 2822 3477 2898 purgandis
3509 2827 3579 2881 et
3611 2823 3752 2882 sal-

649 2929 889 2990 vandis
923 2928 1102 2988 dicta
1136 2931 1314 3002 sunt,
1352 2928 1417 2985 et
1450 2924 1672 2985 fidelia
1706 2929 1885 2998 sunt,
1918 2927 1987 2982 et
2021 2923 2235 2984 fidelis
2284 2923 2390 2984 his
2423 2925 2745 3000 attendat,
2782 2931 2849 2985 et
2879 2941 2956 2986 ea
2994 2927 3060 2985 in
3109 2927 3501 2986 memoriam
3549 2942 3746 2986 suam

642 3035 855 3095 bonae
888 3032 1209 3095 scientiae
1244 3035 1618 3108 componat.

738 3138 847 3200 80.
899 3138 1024 3199 Sed
1059 3144 1126 3198 et
1173 3139 1346 3199 alios
1379 3136 1682 3212 ejusdem
1729 3136 2181 3197 multitudinis
2224 3136 2361 3196 vidi
2412 3138 2712 3214 spiritus,
2756 3139 2871 3215 qui
2903 3140 3243 3213 etiamlsic
3288 3139 3743 3202 vociferantes

639 3241 1036 3302 clamabant:
1071 3240 1516 3314 FestinemuS,
1570 3243 1643 3298 ut
1676 3238 1941 3299 Lucifer
1988 3240 2402 3300 voluntatem
2453 3256 2647 3300 suam
2694 3241 3017 3316 perficiat.
3057 3242 3135 3302 Et
3179 3241 3247 3301 hi
3298 3242 3603 3303 homines
3652 3245 3739 3304 ad

638 3344 1176 3421 desperationem
1211 3344 1554 3418 instigant,
1591 3349 1659 3403 et
1693 3359 1774 3401 ne
1809 3358 1996 3418 spem
2032 3358 2224 3404 suam
2261 3344 2327 3403 in
2360 3344 2550 3404 illum
2582 3344 2695 3420 qui
2730 3358 2847 3404 eos
2881 3346 3161 3419 creavit,
3197 3351 3466 3421 ponant.

2061 3568 2303 3629 LXIIII.

1536 3760 2032 3839 Desperationis
2083 3779 2335 3838 poenae
2388 3767 2834 3842 puryatoriae.

727 3976 833 4037 81.
885 3975 965 4035 Et
998 3988 1152 4033 ecce
1191 3970 1442 4032 fossam
1477 3969 1724 4029 multae
1751 3969 2128 4030 latitudinis
2164 3971 2323 4046 vidi,
2354 3989 2523 4049 quae
2557 3974 2761 4033 etiam
2788 3977 3011 4032 tantae
3047 3970 3524 4045 profunditatis
3551 3978 3722 4045 erat,

635 4082 811 4159 quod
859 4081 1053 4141 finem
1089 4075 1389 4153 ejusdem
1438 4072 1915 4150 profunditatis
1965 4075 2391 4136 considerare
2440 4093 2568 4136 non
2613 4083 2938 4153 poteram,
2990 4076 3157 4134 etin
3205 4092 3338 4152 qua
3389 4078 3718 4136 maximus

636 4186 810 4261 ignis
843 4184 1084 4244 ardens
1133 4181 1496 4240 maximum
1532 4177 1852 4238 foetorem
1900 4193 1980 4238 ex
2015 4195 2085 4239 se
2123 4180 2458 4241 reddebat.
2510 4182 2784 4242 Animae
2832 4187 3057 4241 autem
3101 4181 3371 4241 illorum
3423 4182 3489 4242 in
3540 4182 3721 4242 fossa

638 4292 770 4350 ista
801 4293 1013 4361 erant,
1051 4288 1165 4364 qui
1199 4287 1280 4346 de
1313 4285 1531 4362 gratia
1564 4286 1630 4344 et
1670 4284 1753 4344 de
1788 4285 2255 4346 misericordia
2287 4287 2401 4347 Dei
2437 4288 2978 4364 desperaverant,
3029 4287 3185 4348 dum
3223 4288 3288 4347 in
3321 4289 3717 4364 corporibus

634 4394 777 4454 suis
812 4392 1114 4453 fuissent.
1150 4391 1317 4463 Quia
1350 4392 1528 4450 enim
1561 4405 1750 4466 spem
1783 4391 2179 4451 salvationis
2213 4392 2447 4453 deesse
2479 4393 2886 4468 abjecerant,
2924 4393 2990 4452 in
3024 4392 3208 4452 fossa
3241 4392 3366 4451 hac
3399 4398 3611 4465 erant;
3652 4399 3719 4452 et

631 4499 790 4575 quia
840 4498 968 4557 hoc
1015 4495 1210 4556 modo
1261 4495 1550 4570 plurima
1599 4499 1876 4568 peccata
1925 4496 2426 4577 commiserant,
2464 4497 2530 4556 in
2578 4498 2728 4572 igne
2768 4497 2915 4572 ejus
2964 4494 3310 4570 ardebant;
3345 4500 3415 4554 et
3462 4495 3617 4571 quia
3657 4496 3721 4554 in

628 4601 884 4663 eisdem
914 4599 1212 4677 peccatis
1249 4598 1769 4658 moderationem
1803 4614 1933 4659 non
1967 4599 2363 4675 habuerant,
2403 4600 2724 4661 foetorem
2757 4600 3060 4677 ejusdem
3111 4600 3285 4687 ignis
3321 4600 3716 4661 sentiebant.

627 4708 708 4768 Et
740 4706 880 4768 vidi
916 4710 984 4765 et
1019 4704 1315 4765 intellexi
1352 4703 1537 4763 haec.

705 4910 746 4973 1)
775 4911 863 4966 rs.
895 4909 968 4971 v,
1001 4913 1083 4963 ιι.
1117 4940 1184 4948 -
1207 4909 1252 4975 2)
1278 4912 1369 4964 sm·
1393 4906 1462 4970 Α,
1491 4908 1584 4962 w.
1620 4938 1686 4946 -
1711 4906 1754 4973 3)
1781 4909 1910 4965 ειιω
1937 4908 2031 4969 w,
2060 4938 2129 4947 -
2155 4907 2198 4974 ⁴)
2221 4912 2489 4981 pertinent
2514 4908 2604 4964 w,
