4036 6117
738 471 869 531 360
1893 491 1946 534 S.
2000 487 2549 536 nxnnscAnms

756 603 959 680 Unde,
1009 622 1050 665 o
1084 603 1448 681 Sapientia,
1502 605 1761 665 coelum
1809 613 1876 666 et
1919 608 2139 683 angeli
2188 613 2252 666 te
2287 607 2587 680 adorant,
2622 608 2840 682 atque
2888 605 3108 666 omnis
3158 607 3478 668 coelestis
3527 607 3787 667 militia

673 714 960 773 miratur
991 711 1072 771 de
1109 718 1196 786 te,
1236 712 1484 771 dicens:

755 816 858 878 Oil
899 816 1001 877 Oil
1040 814 1136 876 De
1174 816 1334 875 limo
1372 822 1590 875 terrae
1626 815 1848 874 omnia
1893 819 2131 875 ornata
2168 819 2493 876 miracula
2528 816 2645 875 Dei
2681 824 3143 886 surrexerunt,
3188 818 3279 876 ita
3313 823 3386 876 ut
3420 831 3636 877 novus
3668 816 3784 875 sol

664 925 1080 1002 procederet,
1118 931 1185 985 et
1216 941 1469 985 novum
1507 925 1731 1008 lumen
1768 926 2159 1001 refulgeret,
2196 930 2262 987 et
2297 944 2544 987 novum
2579 944 2848 987 carmen
2885 929 2950 987 in
2982 946 3105 989 nos
3141 936 3431 990 sonaret.

753 1028 1193 1105 Quapropter,
1246 1045 1284 1087 o
1335 1027 1701 1104 Sapientia,
1754 1029 1904 1088 laus
1956 1030 2078 1088 tibi
2129 1030 2245 1102 sit,
2309 1032 2469 1105 quia
2520 1031 2721 1089 aliam
2775 1031 3123 1090 mulierem
3184 1032 3526 1100 invenisti,
3566 1045 3781 1107 quam

663 1151 943 1212 serpens
990 1135 1305 1195 deludere
1352 1150 1487 1194 non
1520 1135 1767 1211 potuit,
1823 1149 1995 1210 quae
2029 1140 2134 1194 est
2185 1135 2385 1209 Virgo
2434 1136 2664 1208 Maria,
2716 1136 2875 1210 quia
2910 1151 3105 1194 omne
3154 1151 3365 1210 genus
3400 1135 3774 1195 humanum

663 1240 1033 1313 coronavit,
1071 1245 1147 1298 ut
1181 1238 1502 1298 Diabolus
1540 1238 1734 1297 modo
1774 1238 2113 1298 hominem
2161 1240 2474 1297 deludere
2509 1256 2638 1298 non
2670 1245 2926 1315 posset,
2980 1245 3053 1299 ut
3086 1241 3275 1315 prius
3312 1239 3580 1300 fecerat.
3628 1239 3775 1300 Eva

667 1346 847 1406 enim
903 1346 970 1406 in
1016 1345 1318 1406 dolorem
1376 1357 1641 1404 omnem
1690 1345 1919 1404 fletum
1966 1352 2386 1419 conceperam
2443 1345 2508 1404 in
2556 1346 2763 1404 Maria
2813 1351 3037 1404 autem
3086 1346 3436 1421 gaudium,
3488 1344 3774 1420 cythara

663 1456 731 1510 et
764 1448 1156 1527 symphonia
1192 1450 1436 1510 sonuit.
1472 1449 1626 1525 Ipsa
1653 1448 1831 1507 enim
1865 1448 1945 1507 ad
1983 1448 2227 1508 Filium
2263 1465 2458 1508 suum
2492 1450 2593 1507 sic
2626 1449 2707 1506 de
2743 1449 3133 1524 virginitate
3168 1449 3357 1508 dixit:

2164 1666 2261 1737 II.

764 1930 794 1971 ox
833 1911 884 1972 O
916 1911 1042 1971 Fili
1093 1910 1554 1986 dilectissime,
1608 1926 1807 1987 quern
1856 1912 2055 1986 genui
2086 1905 2131 1989 ¹)
2186 1910 2253 1970 in
2284 1909 2664 1971 visceribus
2699 1911 2869 1972 meis
2901 1911 2984 1971 de
3017 1912 3084 1971 vi
3132 1911 3612 1971 circumeuntis
3659 1927 3769 1971 ro-

665 2020 771 2075 tae
818 2019 1088 2076 sanctae
1142 2013 1550 2087 DivinitatiS‚
1610 2027 1783 2089 quae
1833 2028 1937 2071 me
1985 2015 2275 2087 creavit,
2336 2019 2402 2074 et
2450 2015 2671 2074 omnia
2720 2015 3019 2074 membra
3070 2031 3212 2073 mea
3263 2014 3618 2089 ordinavit,
3677 2022 3753 2075 et

665 2120 732 2180 in
777 2119 1154 2181 visceribus
1189 2119 1358 2179 meis
1406 2133 1602 2178 omne
1645 2132 1855 2193 genus
1907 2118 2318 2177 musicorum
2365 2118 2431 2177 in
2465 2118 2772 2179 omnibus
2823 2119 3100 2178 floribus
3142 2120 3454 2178 tonorum
3502 2121 3753 2179 consti-

666 2226 819 2300 tuit,
870 2240 1043 2284 nunc
1092 2239 1197 2284 me
1243 2226 1314 2284 et
1346 2227 1432 2298 te,
1485 2241 1524 2284 o
1573 2223 1697 2282 Fili
1746 2222 2161 2297 dulcissime,
2217 2225 2426 2284 multa
2473 2225 2670 2284 turba
2701 2225 3041 2301 virginum
3076 2227 3404 2303 sequitur,
3441 2242 3611 2302 quas
3642 2241 3768 2301 per

665 2327 1074 2404 adjutorium
1110 2333 1300 2387 tuum
1332 2327 1596 2388 salvare
1631 2326 1932 2402 dignare,
1979 2326 2298 2388 dicentes:
2349 2328 2424 2388 In
2470 2328 2605 2387 Deo
2654 2329 3102 2405 ambulamuS,
3154 2332 3221 2391 et
3269 2347 3498 2390 omnes
3544 2333 3610 2391 te
3659 2347 3764 2390 se-

664 2430 955 2508 quimur,
1006 2432 1383 2506 angelicum
1431 2430 1733 2492 ordinem
1785 2432 2101 2492 colentes
2154 2432 2244 2490 De
2302 2440 2480 2492 terra
2530 2433 2944 2510 sudavimus»,
2995 2440 3062 2494 et
3110 2439 3176 2494 te
3221 2434 3465 2509 ipsum,
3517 2451 3554 2494 o
3607 2435 3756 2508 Fili,

671 2537 944 2595 sanctae
992 2533 1546 2612 desponsationiS,
1598 2536 2091 2611 amplectimur,
2144 2535 2337 2596 unde:

1790 2640 1841 2699 Ο
1871 2640 2265 2702 dulcissime
2302 2648 2630 2702 amator..
2666 2640 2717 2720 ²)

1769 2740 1934 2802 (inter
1957 2739 2259 2794 cantilenas
2280 2757 2335 2794 n.
2369 2739 2475 2793 LX
2480 2738 2661 2806 VIII).

757 2825 883 2887 Sed
929 2833 997 2888 et
1031 2827 1206 2901 illas,
1257 2842 1429 2903 quae
1463 2835 1616 2903 post
1665 2830 2003 2889 carnalem
2054 2832 2365 2906 copulam
2397 2834 2461 2891 te
2493 2831 2563 2891 in
2598 2833 3060 2894 amantissimo
3098 2850 3325 2895 amore
3361 2841 3751 2912 sequuntur,

669 2934 754 2994 ab
785 2933 966 2994 omni
1000 2934 1275 2993 incursu
1309 2932 1440 2993 sibi
1475 2933 1934 2994 insidiantium
1966 2934 2372 2995 descendere
2407 2935 2706 3012 dignare,
2744 2936 2827 2996 ad
2862 2940 2927 2998 te
2960 2939 3060 2999 sic
3094 2940 3482 2999 clamantes:
3517 2932 3566 3017 3)

1889 3039 1939 3100 Ο
1981 3056 2218 3118 magne
2258 3048 2539 3117 pater....

2029 3146 2188 3207 (ibid.
2218 3162 2273 3200 n.
2306 3143 2413 3201 ΙΙ.)

759 3234 841 3295 Et
874 3234 1120 3294 iterum
1143 3250 1270 3293 vox
1303 3232 1384 3293 de
1420 3234 1606 3294 coelo
1641 3233 1927 3295 dicebat:

756 3338 809 3399 Ο
859 3337 1121 3399 factura
1166 3338 1306 3414 Dei,
1359 3355 1529 3415 quae
1563 3356 1636 3399 es
1685 3341 1906 3417 homo,
1958 3341 2027 3400 in
2072 3357 2310 3417 magna
2360 3342 2718 3401 sanctitate
2767 3340 3119 3400 aedificata
3166 3354 3264 3414 eS,
3318 3338 3476 3415 quia
3526 3343 3754 3399 sancta

668 3446 1000 3508 Divinitas
1026 3446 1094 3506 in
1128 3447 1507 3507 humilitate
1541 3449 1764 3509 coelos
1798 3450 2195 3525 penetravit.

761 3552 814 3613 Ο
863 3567 1067 3629 quam
1113 3567 1355 3627 magna
1403 3553 1620 3628 pietas
1664 3558 1788 3627 est,
1842 3553 2018 3629 quod
2058 3554 2123 3612 in
2171 3553 2329 3612 limo
2378 3555 2598 3613 terrae
2644 3552 2872 3612 Deitas
2906 3553 3171 3628 claruit,
3221 3553 3289 3613 et
3319 3552 3495 3630 quod
3545 3551 3755 3627 angeli

669 3654 804 3715 Deo
839 3655 1302 3715 ministrantes
1334 3654 1543 3713 Deum
1581 3655 1646 3713 in
1681 3656 2098 3716 humanitate
2130 3655 2378 3716 vident.
2758 3708 2765 3714 .

763 3759 890 3820 Sed
924 3777 962 3821 o
1014 3775 1217 3836 quam
1266 3760 1437 3819 mira
1486 3774 1596 3818 res
1628 3765 1754 3833 est,
1807 3761 1984 3836 quod
2034 3761 2205 3821 cinis
2257 3761 2322 3820 in
2368 3760 2742 3837 putredine,
2793 3761 2962 3820 etin
3010 3775 3252 3836 magna
3299 3759 3575 3820 miseria
3618 3762 3757 3821 vul·

675 3881 910 3926 nerum
946 3864 1301 3923 criminum
1351 3878 1628 3922 suorum
1661 3862 1745 3922 ad
1775 3862 1983 3923 Deum
2035 3864 2337 3939 aspicere
2372 3880 2502 3923 non
2534 3863 2703 3923 vult!
2761 3863 3051 3923 Verbum
3100 3869 3322 3923 autem
3355 3862 3576 3923 Patris
3608 3880 3755 3939 pro-

672 3982 822 4051 pter
853 3972 1191 4033 bominem
1223 3988 1378 4032 caro
1419 3971 1668 4031 factum
1703 3976 1827 4030 est.
3641 3954 3661 3970 ‘

756 4078 939 4139 Unde
971 4093 1202 4137 omnes
1237 4076 1538 4135 homines
1582 4074 1894 4150 gaudent,
1931 4077 1998 4135 et
2035 4076 2102 4134 in
2136 4073 2539 4135 lacrimabili
2585 4088 2750 4134 voce
2784 4074 3069 4134 crimina
3103 4090 3227 4133 sua
3274 4062 3618 4150 plangunt,
3671 4074 3749 4134 ad

672 4187 862 4248 illum
897 4201 969 4245 se
1003 4185 1491 4256 convertentes,
1544 4182 1659 4258 qui
1694 4183 1839 4241 sine
1885 4187 2158 4256 peccato
2194 4196 2464 4270 carnem
2512 4180 2762 4240 idcirco
2799 4180 3033 4256 induit,
3086 4182 3159 4240 ut
3192 4180 3475 4240 crimina
3521 4195 3752 4240 eorum

681 4295 1117 4369 abstergeret.

759 4396 946 4456 Nunc
993 4399 1218 4457 autem
1253 4413 1395 4471 νοις,
1448 4412 1486 4455 o
1519 4395 1988 4469 dilectissimi,
2024 4395 2197 4454 hunc
2244 4395 2740 4456 nobilissimum
2784 4394 3097 4470 juvenem
3132 4392 3636 4469 amplectimini,
3685 4396 3748 4450 et

673 4500 738 4557 in
786 4512 1027 4574 magna
1076 4501 1456 4561 reverentiav
1499 4500 1688 4559 illum
1737 4504 1992 4573 amate,
2045 4500 2161 4575 qui
2210 4516 2330 4559 vos
2381 4499 2447 4558 in
2497 4499 2819 4574 sanguine
2868 4514 2991 4558 suo
3040 4497 3228 4569 lavit,
3278 4503 3346 4556 et
3394 4496 3509 4572 qui
3559 4496 3747 4555 vobis

671 4607 1149 4682 poenitentiam
1182 4610 1608 4683 peccatorum
1642 4613 1710 4667 et
1745 4607 2141 4667 medicinam
2174 4607 2525 4666 vulnerum
2558 4612 2935 4666 vestrorum
2971 4604 3283 4666 ostendit.

744 4865 787 4931 ¹)
819 4864 974 4932 Quae
996 4868 1163 4936 qenui
1187 4864 1261 4918 W
1289 4863 1347 4919 in
1386 4877 1573 4933 apogr.
1606 4892 1671 4902 -
1695 4864 1741 4926 ²)
1771 4862 1835 4916 ln
1862 4877 2035 4931 marg.
2071 4862 2160 4918 W.
2195 4862 2530 4934 Symphonia
2554 4863 2849 4932 virginum.
