<?xml version="1.0" encoding="UTF-8"?>
<!DOCTYPE html PUBLIC "-//W3C//DTD XHTML 1.0 Transitional//EN"
    "http://www.w3.org/TR/xhtml1/DTD/xhtml1-transitional.dtd">
<html xmlns="http://www.w3.org/1999/xhtml" xml:lang="en" lang="en">
 <head>
  <title>
</title>
<meta http-equiv="Content-Type" content="text/html;charset=utf-8" />
  <meta name='ocr-system' content='tesseract 3.04.00' />
  <meta name='ocr-capabilities' content='ocr_page ocr_carea ocr_par ocr_line ocrx_word'/>
</head>
<body>
  <div class='ocr_page' id='page_1' title='image "analectasacrasp05pitrgoog_0438.png"; bbox 0 0 4036 6117; ppageno 0'>
   <div class='ocr_carea' id='block_1_1' title="bbox 748 487 883 552">
    <p class='ocr_par' dir='ltr' id='par_1_1' title="bbox 748 487 883 552">
     <span class='ocr_line' id='line_1_1' title="bbox 748 487 883 552; baseline -0.015 0"><span class='ocrx_word' id='word_1_1' title='bbox 748 487 883 552; x_wconf 76' lang='lat'>390</span> 
     </span>
    </p>
   </div>
   <div class='ocr_carea' id='block_1_2' title="bbox 668 628 3771 3863">
    <p class='ocr_par' dir='ltr' id='par_1_2' title="bbox 668 628 3754 1024">
     <span class='ocr_line' id='line_1_2' title="bbox 766 628 3754 718; baseline 0.004 -28"><span class='ocrx_word' id='word_1_2' title='bbox 766 628 861 690; x_wconf 88' lang='lat' dir='ltr'>Ne</span> <span class='ocrx_word' id='word_1_3' title='bbox 907 643 1067 689; x_wconf 78' lang='lat' dir='ltr'>vero</span> <span class='ocrx_word' id='word_1_4' title='bbox 1102 631 1343 690; x_wconf 87' lang='lat' dir='ltr'>iterato</span> <span class='ocrx_word' id='word_1_5' title='bbox 1391 632 1626 692; x_wconf 91' lang='lat' dir='ltr'>eadem</span> <span class='ocrx_word' id='word_1_6' title='bbox 1659 633 1834 707; x_wconf 80' lang='lat' dir='ltr'>stylo</span> <span class='ocrx_word' id='word_1_7' title='bbox 1882 641 2187 710; x_wconf 91' lang='lat' dir='ltr'>repetere</span> <span class='ocrx_word' id='word_1_8' title='bbox 2222 637 2580 696; x_wconf 89' lang='lat' dir='ltr'>molestum</span> <span class='ocrx_word' id='word_1_9' title='bbox 2629 636 2742 710; x_wconf 90' lang='lat' dir='ltr'>sit,</span> <span class='ocrx_word' id='word_1_10' title='bbox 2780 637 2839 696; x_wconf 90' lang='lat' dir='ltr'>si</span> <span class='ocrx_word' id='word_1_11' title='bbox 2887 654 3089 714; x_wconf 89' lang='lat' dir='ltr'>quam</span> <span class='ocrx_word' id='word_1_12' title='bbox 3131 638 3519 700; x_wconf 90' lang='lat' dir='ltr'>earumdem</span> <span class='ocrx_word' id='word_1_13' title='bbox 3566 655 3754 718; x_wconf 89' lang='lat' dir='ltr'>quae-</span> 
     </span>
     <span class='ocr_line' id='line_1_3' title="bbox 676 735 3747 822; baseline 0.004 -28"><span class='ocrx_word' id='word_1_14' title='bbox 676 735 975 796; x_wconf 82' lang='lat' dir='ltr'>stionum</span> <span class='ocrx_word' id='word_1_15' title='bbox 1023 737 1089 796; x_wconf 92' lang='lat' dir='ltr'>in</span> <span class='ocrx_word' id='word_1_16' title='bbox 1135 737 1363 814; x_wconf 88' lang='lat' dir='ltr'>aliquo</span> <span class='ocrx_word' id='word_1_17' title='bbox 1410 753 1686 812; x_wconf 90' lang='lat' dir='ltr'>operum</span> <span class='ocrx_word' id='word_1_18' title='bbox 1738 745 2005 800; x_wconf 88' lang='lat' dir='ltr'>tuorum</span> <span class='ocrx_word' id='word_1_19' title='bbox 2053 742 2341 800; x_wconf 86' lang='lat' dir='ltr'>solvisse</span> <span class='ocrx_word' id='word_1_20' title='bbox 2390 748 2457 801; x_wconf 90' lang='lat' dir='ltr'>te</span> <span class='ocrx_word' id='word_1_21' title='bbox 2506 743 2772 819; x_wconf 76' lang='lat' dir='ltr'>recoliS,</span> <span class='ocrx_word' id='word_1_22' title='bbox 2825 744 2939 804; x_wconf 90' lang='lat' dir='ltr'>ubi</span> <span class='ocrx_word' id='word_1_23' title='bbox 2989 745 3239 808; x_wconf 88' lang='lat' dir='ltr'>solutio</span> <span class='ocrx_word' id='word_1_24' title='bbox 3287 746 3435 822; x_wconf 90' lang='lat' dir='ltr'>ipsa</span> <span class='ocrx_word' id='word_1_25' title='bbox 3481 748 3747 807; x_wconf 86' lang='lat' dir='ltr'>inveniri</span> 
     </span>
     <span class='ocr_line' id='line_1_4' title="bbox 668 839 3749 924; baseline 0.004 -26"><span class='ocrx_word' id='word_1_26' title='bbox 668 839 927 915; x_wconf 76' lang='lat' dir='ltr'>possit,</span> <span class='ocrx_word' id='word_1_27' title='bbox 979 839 1274 900; x_wconf 89' lang='lat' dir='ltr'>indicare</span> <span class='ocrx_word' id='word_1_28' title='bbox 1309 841 1623 915; x_wconf 75' lang='lat' dir='ltr'>studeaS,</span> <span class='ocrx_word' id='word_1_29' title='bbox 1675 850 1792 903; x_wconf 89' lang='lat' dir='ltr'>aut</span> <span class='ocrx_word' id='word_1_30' title='bbox 1823 845 2000 920; x_wconf 91' lang='lat' dir='ltr'>quod</span> <span class='ocrx_word' id='word_1_31' title='bbox 2051 846 2267 920; x_wconf 83' lang='lat' dir='ltr'>magis</span> <span class='ocrx_word' id='word_1_32' title='bbox 2300 852 2480 922; x_wconf 90' lang='lat' dir='ltr'>opt0,</span> <span class='ocrx_word' id='word_1_33' title='bbox 2534 846 2643 906; x_wconf 90' lang='lat' dir='ltr'>hic</span> <span class='ocrx_word' id='word_1_34' title='bbox 2674 863 2754 906; x_wconf 84' lang='lat' dir='ltr'>ex</span> <span class='ocrx_word' id='word_1_35' title='bbox 2804 848 3088 924; x_wconf 82' lang='lat' dir='ltr'>integr0,</span> <span class='ocrx_word' id='word_1_36' title='bbox 3125 850 3301 909; x_wconf 90' lang='lat' dir='ltr'>sicut</span> <span class='ocrx_word' id='word_1_37' title='bbox 3352 850 3418 909; x_wconf 93' lang='lat' dir='ltr'>in</span> <span class='ocrx_word' id='word_1_38' title='bbox 3452 867 3572 910; x_wconf 91' lang='lat' dir='ltr'>suo</span> <span class='ocrx_word' id='word_1_39' title='bbox 3621 851 3749 910; x_wconf 89' lang='lat' dir='ltr'>loco</span> 
     </span>
     <span class='ocr_line' id='line_1_5' title="bbox 675 943 2064 1024; baseline 0.004 -21"><span class='ocrx_word' id='word_1_40' title='bbox 675 943 900 1018; x_wconf 87' lang='lat' dir='ltr'>posita</span> <span class='ocrx_word' id='word_1_41' title='bbox 930 950 1059 1020; x_wconf 90' lang='lat' dir='ltr'>est,</span> <span class='ocrx_word' id='word_1_42' title='bbox 1095 947 1547 1006; x_wconf 82' lang='lat' dir='ltr'>transcribere</span> <span class='ocrx_word' id='word_1_43' title='bbox 1581 964 1710 1006; x_wconf 83' lang='lat' dir='ltr'>non</span> <span class='ocrx_word' id='word_1_44' title='bbox 1742 949 2064 1024; x_wconf 84' lang='lat' dir='ltr'>negligas.</span> 
     </span>
    </p>

    <p class='ocr_par' dir='ltr' id='par_1_3' title="bbox 677 1046 3766 2704">
     <span class='ocr_line' id='line_1_6' title="bbox 767 1046 3753 1133; baseline 0.004 -26"><span class='ocrx_word' id='word_1_45' title='bbox 767 1046 993 1123; x_wconf 84' lang='lat' dir='ltr'>Nuper</span> <span class='ocrx_word' id='word_1_46' title='bbox 1036 1065 1305 1124; x_wconf 90' lang='lat' dir='ltr'>quoque</span> <span class='ocrx_word' id='word_1_47' title='bbox 1333 1050 1506 1125; x_wconf 85' lang='lat' dir='ltr'>jam,</span> <span class='ocrx_word' id='word_1_48' title='bbox 1558 1052 1819 1111; x_wconf 90' lang='lat' dir='ltr'>scilicet</span> <span class='ocrx_word' id='word_1_49' title='bbox 1851 1061 2004 1129; x_wconf 91' lang='lat' dir='ltr'>post</span> <span class='ocrx_word' id='word_1_50' title='bbox 2051 1054 2593 1117; x_wconf 78' lang='lat' dir='ltr'>purificationem</span> <span class='ocrx_word' id='word_1_51' title='bbox 2625 1064 2900 1118; x_wconf 87' lang='lat' dir='ltr'>sanctae</span> <span class='ocrx_word' id='word_1_52' title='bbox 2948 1058 3218 1133; x_wconf 78' lang='lat' dir='ltr'>Mariae,</span> <span class='ocrx_word' id='word_1_53' title='bbox 3253 1074 3408 1118; x_wconf 89' lang='lat' dir='ltr'>cum</span> <span class='ocrx_word' id='word_1_54' title='bbox 3436 1059 3651 1118; x_wconf 91' lang='lat' dir='ltr'>denuo</span> <span class='ocrx_word' id='word_1_55' title='bbox 3681 1058 3753 1118; x_wconf 89' lang='lat' dir='ltr'>ad</span> 
     </span>
     <span class='ocr_line' id='line_1_7' title="bbox 677 1150 3751 1237; baseline 0.004 -27"><span class='ocrx_word' id='word_1_56' title='bbox 677 1150 998 1212; x_wconf 76' lang='lat' dir='ltr'>visendos</span> <span class='ocrx_word' id='word_1_57' title='bbox 1044 1152 1222 1212; x_wconf 80' lang='lat' dir='ltr'>tilios</span> <span class='ocrx_word' id='word_1_58' title='bbox 1270 1159 1424 1213; x_wconf 89' lang='lat' dir='ltr'>tuos</span> <span class='ocrx_word' id='word_1_59' title='bbox 1471 1154 1776 1229; x_wconf 82' lang='lat' dir='ltr'>Sigerum</span> <span class='ocrx_word' id='word_1_60' title='bbox 1820 1163 1889 1218; x_wconf 93' lang='lat' dir='ltr'>et</span> <span class='ocrx_word' id='word_1_61' title='bbox 1936 1158 2353 1234; x_wconf 77' lang='lat' dir='ltr'>Anselmum,</span> <span class='ocrx_word' id='word_1_62' title='bbox 2413 1163 2530 1237; x_wconf 90' lang='lat' dir='ltr'>qui</span> <span class='ocrx_word' id='word_1_63' title='bbox 2580 1161 2646 1221; x_wconf 93' lang='lat' dir='ltr'>in</span> <span class='ocrx_word' id='word_1_64' title='bbox 2694 1161 2945 1224; x_wconf 83' lang='lat' dir='ltr'>Christi</span> <span class='ocrx_word' id='word_1_65' title='bbox 2992 1164 3304 1224; x_wconf 87' lang='lat' dir='ltr'>tirocinio</span> <span class='ocrx_word' id='word_1_66' title='bbox 3351 1170 3751 1236; x_wconf 80' lang='lat' dir='ltr'>exercentur,</span> 
     </span>
     <span class='ocr_line' id='line_1_8' title="bbox 680 1251 3756 1342; baseline 0.004 -29"><span class='ocrx_word' id='word_1_67' title='bbox 680 1251 918 1314; x_wconf 89' lang='lat' dir='ltr'>Villari</span> <span class='ocrx_word' id='word_1_68' title='bbox 942 1253 1388 1331; x_wconf 80' lang='lat' dir='ltr'>devenissem,</span> <span class='ocrx_word' id='word_1_69' title='bbox 1416 1257 1845 1319; x_wconf 87' lang='lat' dir='ltr'>vehementer</span> <span class='ocrx_word' id='word_1_70' title='bbox 1867 1275 1907 1321; x_wconf 88' lang='lat' dir='ltr'>a</span> <span class='ocrx_word' id='word_1_71' title='bbox 1936 1261 2259 1322; x_wconf 84' lang='lat' dir='ltr'>fratribus</span> <span class='ocrx_word' id='word_1_72' title='bbox 2291 1271 2567 1323; x_wconf 86' lang='lat' dir='ltr'>exactus</span> <span class='ocrx_word' id='word_1_73' title='bbox 2601 1279 2775 1339; x_wconf 90' lang='lat' dir='ltr'>sum,</span> <span class='ocrx_word' id='word_1_74' title='bbox 2814 1271 3040 1326; x_wconf 92' lang='lat' dir='ltr'>utrum</span> <span class='ocrx_word' id='word_1_75' title='bbox 3071 1282 3195 1326; x_wconf 90' lang='lat' dir='ltr'>nec</span> <span class='ocrx_word' id='word_1_76' title='bbox 3225 1282 3308 1325; x_wconf 91' lang='lat' dir='ltr'>ne</span> <span class='ocrx_word' id='word_1_77' title='bbox 3342 1267 3756 1342; x_wconf 79' lang='lat' dir='ltr'>quaestiones</span> 
     </span>
     <span class='ocr_line' id='line_1_9' title="bbox 678 1360 3755 1449; baseline 0.002 -26"><span class='ocrx_word' id='word_1_78' title='bbox 678 1360 764 1424; x_wconf 87' lang='lat' dir='ltr'>de</span> <span class='ocrx_word' id='word_1_79' title='bbox 809 1363 1057 1437; x_wconf 89' lang='lat' dir='ltr'>quibus</span> <span class='ocrx_word' id='word_1_80' title='bbox 1093 1365 1384 1440; x_wconf 78' lang='lat' dir='ltr'>agimus,</span> <span class='ocrx_word' id='word_1_81' title='bbox 1433 1365 1654 1426; x_wconf 92' lang='lat' dir='ltr'>adhuc</span> <span class='ocrx_word' id='word_1_82' title='bbox 1684 1366 1768 1426; x_wconf 94' lang='lat' dir='ltr'>ad</span> <span class='ocrx_word' id='word_1_83' title='bbox 1799 1373 1864 1427; x_wconf 90' lang='lat' dir='ltr'>te</span> <span class='ocrx_word' id='word_1_84' title='bbox 1910 1368 2331 1431; x_wconf 84' lang='lat' dir='ltr'>direxissem.</span> <span class='ocrx_word' id='word_1_85' title='bbox 2383 1372 2683 1449; x_wconf 81' lang='lat' dir='ltr'>Cumque</span> <span class='ocrx_word' id='word_1_86' title='bbox 2730 1389 2838 1432; x_wconf 91' lang='lat' dir='ltr'>me</span> <span class='ocrx_word' id='word_1_87' title='bbox 2868 1374 2952 1433; x_wconf 92' lang='lat' dir='ltr'>de</span> <span class='ocrx_word' id='word_1_88' title='bbox 3001 1374 3227 1449; x_wconf 84' lang='lat' dir='ltr'>inopia</span> <span class='ocrx_word' id='word_1_89' title='bbox 3262 1372 3376 1433; x_wconf 83' lang='lat' dir='ltr'>ndi</span> <span class='ocrx_word' id='word_1_90' title='bbox 3424 1371 3755 1449; x_wconf 87' lang='lat' dir='ltr'>portitoris</span> 
     </span>
     <span class='ocr_line' id='line_1_10' title="bbox 681 1471 3761 1551; baseline 0.002 -25"><span class='ocrx_word' id='word_1_91' title='bbox 681 1482 1007 1530; x_wconf 83' lang='lat' dir='ltr'>excusare</span> <span class='ocrx_word' id='word_1_92' title='bbox 1052 1483 1355 1544; x_wconf 90' lang='lat' dir='ltr'>conarer,</span> <span class='ocrx_word' id='word_1_93' title='bbox 1390 1471 1571 1530; x_wconf 91' lang='lat' dir='ltr'>omni</span> <span class='ocrx_word' id='word_1_94' title='bbox 1621 1472 1718 1531; x_wconf 94' lang='lat' dir='ltr'>illi</span> <span class='ocrx_word' id='word_1_95' title='bbox 1750 1475 2181 1533; x_wconf 84' lang='lat' dir='ltr'>excusatione</span> <span class='ocrx_word' id='word_1_96' title='bbox 2218 1475 2489 1550; x_wconf 89' lang='lat' dir='ltr'>rejecta,</span> <span class='ocrx_word' id='word_1_97' title='bbox 2541 1476 2849 1551; x_wconf 77' lang='lat' dir='ltr'>ignaviae</span> <span class='ocrx_word' id='word_1_98' title='bbox 2897 1492 3004 1535; x_wconf 91' lang='lat' dir='ltr'>me</span> <span class='ocrx_word' id='word_1_99' title='bbox 3052 1477 3571 1551; x_wconf 64' lang='lat' dir='ltr'>redarguentes,</span> <span class='ocrx_word' id='word_1_100' title='bbox 3607 1473 3761 1533; x_wconf 89' lang='lat' dir='ltr'>acri-</span> 
     </span>
     <span class='ocr_line' id='line_1_11' title="bbox 681 1572 3754 1656; baseline 0.002 -24"><span class='ocrx_word' id='word_1_101' title='bbox 681 1574 788 1632; x_wconf 87' lang='lat' dir='ltr'>ter</span> <span class='ocrx_word' id='word_1_102' title='bbox 833 1572 902 1633; x_wconf 92' lang='lat' dir='ltr'>in</span> <span class='ocrx_word' id='word_1_103' title='bbox 935 1591 1040 1634; x_wconf 91' lang='lat' dir='ltr'>me</span> <span class='ocrx_word' id='word_1_104' title='bbox 1086 1578 1404 1638; x_wconf 90' lang='lat' dir='ltr'>commoti</span> <span class='ocrx_word' id='word_1_105' title='bbox 1437 1584 1615 1652; x_wconf 87' lang='lat' dir='ltr'>sunt,</span> <span class='ocrx_word' id='word_1_106' title='bbox 1667 1579 1844 1656; x_wconf 91' lang='lat' dir='ltr'>quod</span> <span class='ocrx_word' id='word_1_107' title='bbox 1889 1582 2027 1640; x_wconf 88' lang='lat' dir='ltr'>tam</span> <span class='ocrx_word' id='word_1_108' title='bbox 2073 1581 2189 1641; x_wconf 92' lang='lat' dir='ltr'>diu</span> <span class='ocrx_word' id='word_1_109' title='bbox 2236 1581 2679 1642; x_wconf 86' lang='lat' dir='ltr'>distulissem.</span> <span class='ocrx_word' id='word_1_110' title='bbox 2728 1582 2991 1642; x_wconf 86' lang='lat' dir='ltr'>Interea</span> <span class='ocrx_word' id='word_1_111' title='bbox 3040 1582 3181 1641; x_wconf 89' lang='lat' dir='ltr'>illic</span> <span class='ocrx_word' id='word_1_112' title='bbox 3213 1597 3319 1641; x_wconf 89' lang='lat' dir='ltr'>me</span> <span class='ocrx_word' id='word_1_113' title='bbox 3370 1586 3754 1652; x_wconf 87' lang='lat' dir='ltr'>remorante,</span> 
     </span>
     <span class='ocr_line' id='line_1_12' title="bbox 677 1673 3754 1763; baseline 0.002 -27"><span class='ocrx_word' id='word_1_114' title='bbox 677 1673 921 1737; x_wconf 90' lang='lat' dir='ltr'>Petrus</span> <span class='ocrx_word' id='word_1_115' title='bbox 967 1679 1255 1740; x_wconf 88' lang='lat' dir='ltr'>clericus</span> <span class='ocrx_word' id='word_1_116' title='bbox 1287 1680 1371 1741; x_wconf 92' lang='lat' dir='ltr'>de</span> <span class='ocrx_word' id='word_1_117' title='bbox 1421 1682 1583 1742; x_wconf 90' lang='lat' dir='ltr'>villa</span> <span class='ocrx_word' id='word_1_118' title='bbox 1631 1683 2098 1758; x_wconf 81' lang='lat' dir='ltr'>Monasterias,</span> <span class='ocrx_word' id='word_1_119' title='bbox 2147 1680 2194 1763; x_wconf 87' lang='lat'>¹)</span> <span class='ocrx_word' id='word_1_120' title='bbox 2231 1685 2397 1744; x_wconf 86' lang='lat' dir='ltr'>mihi</span> <span class='ocrx_word' id='word_1_121' title='bbox 2445 1690 2666 1760; x_wconf 76' lang='lat' dir='ltr'>notuS,</span> <span class='ocrx_word' id='word_1_122' title='bbox 2717 1684 2803 1745; x_wconf 90' lang='lat' dir='ltr'>ab</span> <span class='ocrx_word' id='word_1_123' title='bbox 2836 1684 3325 1760; x_wconf 75' lang='lat' dir='ltr'>Hiesosolymis</span> <span class='ocrx_word' id='word_1_124' title='bbox 3358 1683 3754 1759; x_wconf 83' lang='lat' dir='ltr'>regrediens,</span> 
     </span>
     <span class='ocr_line' id='line_1_13' title="bbox 682 1783 3756 1866; baseline 0.001 -24"><span class='ocrx_word' id='word_1_125' title='bbox 682 1788 753 1843; x_wconf 90' lang='lat' dir='ltr'>et</span> <span class='ocrx_word' id='word_1_126' title='bbox 785 1798 903 1858; x_wconf 90' lang='lat' dir='ltr'>per</span> <span class='ocrx_word' id='word_1_127' title='bbox 933 1783 1207 1846; x_wconf 91' lang='lat' dir='ltr'>domum</span> <span class='ocrx_word' id='word_1_128' title='bbox 1254 1793 1439 1846; x_wconf 91' lang='lat' dir='ltr'>tuam</span> <span class='ocrx_word' id='word_1_129' title='bbox 1475 1803 1862 1862; x_wconf 82' lang='lat' dir='ltr'>regressum</span> <span class='ocrx_word' id='word_1_130' title='bbox 1908 1788 2186 1863; x_wconf 80' lang='lat' dir='ltr'>habene,</span> <span class='ocrx_word' id='word_1_131' title='bbox 2237 1805 2318 1848; x_wconf 83' lang='lat' dir='ltr'>ex</span> <span class='ocrx_word' id='word_1_132' title='bbox 2351 1791 2692 1866; x_wconf 89' lang='lat' dir='ltr'>insperato</span> <span class='ocrx_word' id='word_1_133' title='bbox 2727 1790 2993 1849; x_wconf 90' lang='lat' dir='ltr'>litteras</span> <span class='ocrx_word' id='word_1_134' title='bbox 3027 1794 3181 1849; x_wconf 90' lang='lat' dir='ltr'>tuas</span> <span class='ocrx_word' id='word_1_135' title='bbox 3216 1788 3412 1848; x_wconf 91' lang='lat' dir='ltr'>nobis</span> <span class='ocrx_word' id='word_1_136' title='bbox 3444 1786 3756 1859; x_wconf 84' lang='lat' dir='ltr'>exhibuit,</span> 
     </span>
     <span class='ocr_line' id='line_1_14' title="bbox 681 1889 3757 1968; baseline 0 -19"><span class='ocrx_word' id='word_1_137' title='bbox 681 1889 1063 1966; x_wconf 87' lang='lat' dir='ltr'>praedictos</span> <span class='ocrx_word' id='word_1_138' title='bbox 1109 1892 1411 1952; x_wconf 84' lang='lat' dir='ltr'>novicios</span> <span class='ocrx_word' id='word_1_139' title='bbox 1456 1892 1638 1953; x_wconf 92' lang='lat' dir='ltr'>dulci</span> <span class='ocrx_word' id='word_1_140' title='bbox 1686 1892 1921 1953; x_wconf 85' lang='lat' dir='ltr'>afflatu</span> <span class='ocrx_word' id='word_1_141' title='bbox 1968 1896 2417 1955; x_wconf 87' lang='lat' dir='ltr'>consolantes:</span> <span class='ocrx_word' id='word_1_142' title='bbox 2467 1896 2586 1956; x_wconf 87' lang='lat' dir='ltr'>sed</span> <span class='ocrx_word' id='word_1_143' title='bbox 2633 1895 3152 1956; x_wconf 87' lang='lat' dir='ltr'>amaritudinem</span> <span class='ocrx_word' id='word_1_144' title='bbox 3200 1895 3407 1955; x_wconf 90' lang='lat' dir='ltr'>animi</span> <span class='ocrx_word' id='word_1_145' title='bbox 3441 1893 3568 1965; x_wconf 88' lang='lat' dir='ltr'>tui,</span> <span class='ocrx_word' id='word_1_146' title='bbox 3602 1906 3757 1968; x_wconf 87' lang='lat' dir='ltr'>quae</span> 
     </span>
     <span class='ocr_line' id='line_1_15' title="bbox 682 1994 3763 2078; baseline -0.001 -22"><span class='ocrx_word' id='word_1_147' title='bbox 682 2010 766 2056; x_wconf 81' lang='lat' dir='ltr'>ex</span> <span class='ocrx_word' id='word_1_148' title='bbox 796 1994 1029 2056; x_wconf 89' lang='lat' dir='ltr'>dolore</span> <span class='ocrx_word' id='word_1_149' title='bbox 1062 2000 1300 2058; x_wconf 85' lang='lat' dir='ltr'>mortis</span> <span class='ocrx_word' id='word_1_150' title='bbox 1332 1998 1582 2058; x_wconf 87' lang='lat' dir='ltr'>domini</span> <span class='ocrx_word' id='word_1_151' title='bbox 1615 1998 1938 2074; x_wconf 89' lang='lat' dir='ltr'>Vulmari,</span> <span class='ocrx_word' id='word_1_152' title='bbox 1986 1996 2039 2078; x_wconf 81' lang='lat'>²)</span> <span class='ocrx_word' id='word_1_153' title='bbox 2074 1999 2447 2076; x_wconf 88' lang='lat' dir='ltr'>Praepositi</span> <span class='ocrx_word' id='word_1_154' title='bbox 2484 2002 2603 2076; x_wconf 93' lang='lat' dir='ltr'>tui,</span> <span class='ocrx_word' id='word_1_155' title='bbox 2639 2001 2764 2061; x_wconf 93' lang='lat' dir='ltr'>tibi</span> <span class='ocrx_word' id='word_1_156' title='bbox 2799 2001 3052 2061; x_wconf 86' lang='lat' dir='ltr'>inflicta</span> <span class='ocrx_word' id='word_1_157' title='bbox 3090 2006 3219 2075; x_wconf 92' lang='lat' dir='ltr'>est,</span> <span class='ocrx_word' id='word_1_158' title='bbox 3270 1996 3763 2059; x_wconf 85' lang='lat' dir='ltr'>lacrimabiliter</span> 
     </span>
     <span class='ocr_line' id='line_1_16' title="bbox 686 2101 3763 2180; baseline -0.001 -18"><span class='ocrx_word' id='word_1_159' title='bbox 686 2101 1187 2178; x_wconf 76' lang='lat' dir='ltr'>subJungentes.</span> <span class='ocrx_word' id='word_1_160' title='bbox 1247 2102 1503 2174; x_wconf 87' lang='lat' dir='ltr'>Quibus</span> <span class='ocrx_word' id='word_1_161' title='bbox 1552 2103 1782 2178; x_wconf 91' lang='lat' dir='ltr'>lectis,</span> <span class='ocrx_word' id='word_1_162' title='bbox 1841 2102 1973 2163; x_wconf 89' lang='lat' dir='ltr'>etsi</span> <span class='ocrx_word' id='word_1_163' title='bbox 2022 2119 2145 2179; x_wconf 91' lang='lat' dir='ltr'>pro</span> <span class='ocrx_word' id='word_1_164' title='bbox 2196 2103 2608 2180; x_wconf 79' lang='lat' dir='ltr'>benignitate</span> <span class='ocrx_word' id='word_1_165' title='bbox 2654 2106 2763 2166; x_wconf 83' lang='lat' dir='ltr'>vel</span> <span class='ocrx_word' id='word_1_166' title='bbox 2811 2104 3193 2178; x_wconf 89' lang='lat' dir='ltr'>sedulitate,</span> <span class='ocrx_word' id='word_1_167' title='bbox 3243 2118 3377 2179; x_wconf 92' lang='lat' dir='ltr'>qua</span> <span class='ocrx_word' id='word_1_168' title='bbox 3409 2101 3763 2161; x_wconf 90' lang='lat' dir='ltr'>amicorum</span> 
     </span>
     <span class='ocr_line' id='line_1_17' title="bbox 681 2208 3762 2286; baseline -0.001 -19"><span class='ocrx_word' id='word_1_169' title='bbox 681 2208 976 2281; x_wconf 82' lang='lat' dir='ltr'>tuorum,</span> <span class='ocrx_word' id='word_1_170' title='bbox 1034 2208 1228 2284; x_wconf 80' lang='lat' dir='ltr'>longe</span> <span class='ocrx_word' id='word_1_171' title='bbox 1276 2210 1432 2269; x_wconf 91' lang='lat' dir='ltr'>licet</span> <span class='ocrx_word' id='word_1_172' title='bbox 1481 2209 1882 2285; x_wconf 91' lang='lat' dir='ltr'>positorum,</span> <span class='ocrx_word' id='word_1_173' title='bbox 1935 2209 2243 2271; x_wconf 91' lang='lat' dir='ltr'>studiosa</span> <span class='ocrx_word' id='word_1_174' title='bbox 2288 2227 2386 2284; x_wconf 92' lang='lat' dir='ltr'>es,</span> <span class='ocrx_word' id='word_1_175' title='bbox 2438 2210 2658 2286; x_wconf 78' lang='lat' dir='ltr'>gavisi</span> <span class='ocrx_word' id='word_1_176' title='bbox 2707 2227 2967 2285; x_wconf 90' lang='lat' dir='ltr'>sumus,</span> <span class='ocrx_word' id='word_1_177' title='bbox 3025 2210 3497 2270; x_wconf 87' lang='lat' dir='ltr'>contritionem</span> <span class='ocrx_word' id='word_1_178' title='bbox 3557 2213 3762 2267; x_wconf 89' lang='lat' dir='ltr'>tamen</span> 
     </span>
     <span class='ocr_line' id='line_1_18' title="bbox 680 2308 3763 2389; baseline -0.001 -18"><span class='ocrx_word' id='word_1_179' title='bbox 680 2308 928 2386; x_wconf 86' lang='lat' dir='ltr'>baculi,</span> <span class='ocrx_word' id='word_1_180' title='bbox 965 2311 1075 2372; x_wconf 93' lang='lat' dir='ltr'>cui</span> <span class='ocrx_word' id='word_1_181' title='bbox 1108 2312 1528 2388; x_wconf 76' lang='lat' dir='ltr'>innitebariS,</span> <span class='ocrx_word' id='word_1_182' title='bbox 1562 2315 1630 2375; x_wconf 91' lang='lat' dir='ltr'>et</span> <span class='ocrx_word' id='word_1_183' title='bbox 1661 2314 2168 2375; x_wconf 90' lang='lat' dir='ltr'>destitutionem</span> <span class='ocrx_word' id='word_1_184' title='bbox 2201 2316 2425 2376; x_wconf 86' lang='lat' dir='ltr'>solatii</span> <span class='ocrx_word' id='word_1_185' title='bbox 2459 2315 2702 2375; x_wconf 91' lang='lat' dir='ltr'>domus</span> <span class='ocrx_word' id='word_1_186' title='bbox 2735 2320 2913 2389; x_wconf 89' lang='lat' dir='ltr'>tuae,</span> <span class='ocrx_word' id='word_1_187' title='bbox 2965 2331 3097 2374; x_wconf 93' lang='lat' dir='ltr'>non</span> <span class='ocrx_word' id='word_1_188' title='bbox 3128 2314 3273 2374; x_wconf 90' lang='lat' dir='ltr'>sine</span> <span class='ocrx_word' id='word_1_189' title='bbox 3305 2313 3566 2389; x_wconf 79' lang='lat' dir='ltr'>gemitu</span> <span class='ocrx_word' id='word_1_190' title='bbox 3606 2326 3763 2370; x_wconf 88' lang='lat' dir='ltr'>com-</span> 
     </span>
     <span class='ocr_line' id='line_1_19' title="bbox 682 2415 3766 2494; baseline -0 -21"><span class='ocrx_word' id='word_1_191' title='bbox 682 2416 1023 2490; x_wconf 88' lang='lat' dir='ltr'>passionis</span> <span class='ocrx_word' id='word_1_192' title='bbox 1073 2419 1478 2492; x_wconf 80' lang='lat' dir='ltr'>accepimuS.</span> <span class='ocrx_word' id='word_1_193' title='bbox 1529 2419 1837 2478; x_wconf 88' lang='lat' dir='ltr'>Fecimus</span> <span class='ocrx_word' id='word_1_194' title='bbox 1885 2434 2049 2478; x_wconf 86' lang='lat' dir='ltr'>vero</span> <span class='ocrx_word' id='word_1_195' title='bbox 2097 2418 2273 2494; x_wconf 91' lang='lat' dir='ltr'>quod</span> <span class='ocrx_word' id='word_1_196' title='bbox 2321 2433 2786 2494; x_wconf 89' lang='lat' dir='ltr'>praeceperas,</span> <span class='ocrx_word' id='word_1_197' title='bbox 2837 2423 2905 2477; x_wconf 91' lang='lat' dir='ltr'>et</span> <span class='ocrx_word' id='word_1_198' title='bbox 2951 2417 3260 2492; x_wconf 82' lang='lat' dir='ltr'>facimus,</span> <span class='ocrx_word' id='word_1_199' title='bbox 3310 2417 3607 2476; x_wconf 90' lang='lat' dir='ltr'>amicum</span> <span class='ocrx_word' id='word_1_200' title='bbox 3653 2415 3766 2473; x_wconf 91' lang='lat' dir='ltr'>sci-</span> 
     </span>
     <span class='ocr_line' id='line_1_20' title="bbox 686 2517 3766 2598; baseline -0.002 -16"><span class='ocrx_word' id='word_1_201' title='bbox 686 2517 849 2582; x_wconf 84' lang='lat' dir='ltr'>licet</span> <span class='ocrx_word' id='word_1_202' title='bbox 892 2520 1379 2596; x_wconf 85' lang='lat' dir='ltr'>expatriantem</span> <span class='ocrx_word' id='word_1_203' title='bbox 1424 2520 1533 2597; x_wconf 92' lang='lat' dir='ltr'>pio</span> <span class='ocrx_word' id='word_1_204' title='bbox 1576 2523 1939 2584; x_wconf 89' lang='lat' dir='ltr'>missarum</span> <span class='ocrx_word' id='word_1_205' title='bbox 1972 2528 2041 2582; x_wconf 93' lang='lat' dir='ltr'>et</span> <span class='ocrx_word' id='word_1_206' title='bbox 2088 2522 2468 2583; x_wconf 88' lang='lat' dir='ltr'>orationum</span> <span class='ocrx_word' id='word_1_207' title='bbox 2513 2520 2839 2598; x_wconf 90' lang='lat' dir='ltr'>obsequio</span> <span class='ocrx_word' id='word_1_208' title='bbox 2888 2522 3398 2598; x_wconf 76' lang='lat' dir='ltr'>prosequenteS,</span> <span class='ocrx_word' id='word_1_209' title='bbox 3447 2526 3521 2579; x_wconf 93' lang='lat' dir='ltr'>et</span> <span class='ocrx_word' id='word_1_210' title='bbox 3554 2533 3766 2580; x_wconf 85' lang='lat' dir='ltr'>omnes</span> 
     </span>
     <span class='ocr_line' id='line_1_21' title="bbox 687 2627 2935 2704; baseline 0 -17"><span class='ocrx_word' id='word_1_211' title='bbox 687 2627 943 2687; x_wconf 88' lang='lat' dir='ltr'>amicos</span> <span class='ocrx_word' id='word_1_212' title='bbox 975 2629 1083 2688; x_wconf 88' lang='lat' dir='ltr'>vel</span> <span class='ocrx_word' id='word_1_213' title='bbox 1119 2628 1485 2689; x_wconf 83' lang='lat' dir='ltr'>familiares</span> <span class='ocrx_word' id='word_1_214' title='bbox 1518 2636 1813 2704; x_wconf 77' lang='lat' dir='ltr'>nostrOS‚</span> <span class='ocrx_word' id='word_1_215' title='bbox 1850 2637 1923 2689; x_wconf 93' lang='lat' dir='ltr'>ut</span> <span class='ocrx_word' id='word_1_216' title='bbox 1955 2629 2134 2689; x_wconf 90' lang='lat' dir='ltr'>idem</span> <span class='ocrx_word' id='word_1_217' title='bbox 2170 2628 2439 2703; x_wconf 84' lang='lat' dir='ltr'>faciant,</span> <span class='ocrx_word' id='word_1_218' title='bbox 2479 2630 2935 2690; x_wconf 80' lang='lat' dir='ltr'>obsecrantes,</span> 
     </span>
    </p>

    <p class='ocr_par' dir='ltr' id='par_1_4' title="bbox 684 2731 3771 3653">
     <span class='ocr_line' id='line_1_22' title="bbox 776 2731 3768 2811; baseline -0.001 -19"><span class='ocrx_word' id='word_1_219' title='bbox 776 2732 1026 2793; x_wconf 90' lang='lat' dir='ltr'>Deinde</span> <span class='ocrx_word' id='word_1_220' title='bbox 1072 2750 1389 2794; x_wconf 88' lang='lat' dir='ltr'>reversus</span> <span class='ocrx_word' id='word_1_221' title='bbox 1437 2734 1521 2794; x_wconf 88' lang='lat' dir='ltr'>ad</span> <span class='ocrx_word' id='word_1_222' title='bbox 1570 2735 2049 2795; x_wconf 89' lang='lat' dir='ltr'>Gemblacense</span> <span class='ocrx_word' id='word_1_223' title='bbox 2096 2735 2613 2806; x_wconf 86' lang='lat' dir='ltr'>monasterium,</span> <span class='ocrx_word' id='word_1_224' title='bbox 2667 2751 2747 2795; x_wconf 83' lang='lat' dir='ltr'>ex</span> <span class='ocrx_word' id='word_1_225' title='bbox 2800 2736 3162 2811; x_wconf 79' lang='lat' dir='ltr'>improviso</span> <span class='ocrx_word' id='word_1_226' title='bbox 3209 2734 3409 2794; x_wconf 91' lang='lat' dir='ltr'>audio</span> <span class='ocrx_word' id='word_1_227' title='bbox 3458 2731 3698 2791; x_wconf 83' lang='lat' dir='ltr'>referri</span> <span class='ocrx_word' id='word_1_228' title='bbox 3737 2747 3768 2787; x_wconf 91' lang='lat' dir='ltr'>a</span> 
     </span>
     <span class='ocr_line' id='line_1_23' title="bbox 687 2831 3769 2918; baseline -0.002 -21"><span class='ocrx_word' id='word_1_229' title='bbox 687 2836 1068 2897; x_wconf 87' lang='lat' dir='ltr'>dicentibus</span> <span class='ocrx_word' id='word_1_230' title='bbox 1130 2838 1447 2898; x_wconf 90' lang='lat' dir='ltr'>domnum</span> <span class='ocrx_word' id='word_1_231' title='bbox 1509 2838 1835 2899; x_wconf 85' lang='lat' dir='ltr'>Abbatem</span> <span class='ocrx_word' id='word_1_232' title='bbox 1863 2831 1914 2918; x_wconf 78' lang='lat'>⁸)</span> <span class='ocrx_word' id='word_1_233' title='bbox 1979 2844 2286 2899; x_wconf 88' lang='lat' dir='ltr'>nostrum</span> <span class='ocrx_word' id='word_1_234' title='bbox 2342 2838 2425 2899; x_wconf 90' lang='lat' dir='ltr'>ad</span> <span class='ocrx_word' id='word_1_235' title='bbox 2474 2844 2781 2899; x_wconf 89' lang='lat' dir='ltr'>sanctum</span> <span class='ocrx_word' id='word_1_236' title='bbox 2812 2839 3163 2910; x_wconf 89' lang='lat' dir='ltr'>Quirinum</span> <span class='ocrx_word' id='word_1_237' title='bbox 3208 2854 3414 2897; x_wconf 88' lang='lat' dir='ltr'>causa</span> <span class='ocrx_word' id='word_1_238' title='bbox 3460 2834 3769 2896; x_wconf 89' lang='lat' dir='ltr'>orationis</span> 
     </span>
     <span class='ocr_line' id='line_1_24' title="bbox 688 2941 3765 3021; baseline -0.002 -20"><span class='ocrx_word' id='word_1_239' title='bbox 688 2941 1028 3018; x_wconf 83' lang='lat' dir='ltr'>proficisci</span> <span class='ocrx_word' id='word_1_240' title='bbox 1081 2948 1462 3018; x_wconf 90' lang='lat' dir='ltr'>parantem,</span> <span class='ocrx_word' id='word_1_241' title='bbox 1522 2949 1592 3003; x_wconf 90' lang='lat' dir='ltr'>et</span> <span class='ocrx_word' id='word_1_242' title='bbox 1647 2943 1708 3003; x_wconf 85' lang='lat' dir='ltr'>si</span> <span class='ocrx_word' id='word_1_243' title='bbox 1765 2942 2052 3004; x_wconf 76' lang='lat' dir='ltr'>facultas</span> <span class='ocrx_word' id='word_1_244' title='bbox 2130 2949 2560 3021; x_wconf 89' lang='lat' dir='ltr'>suppeteret,</span> <span class='ocrx_word' id='word_1_245' title='bbox 2636 2959 2756 3019; x_wconf 92' lang='lat' dir='ltr'>per</span> <span class='ocrx_word' id='word_1_246' title='bbox 2823 2948 2888 3003; x_wconf 94' lang='lat' dir='ltr'>te</span> <span class='ocrx_word' id='word_1_247' title='bbox 2966 2942 3231 3017; x_wconf 83' lang='lat' dir='ltr'>regredi</span> <span class='ocrx_word' id='word_1_248' title='bbox 3293 2941 3765 3014; x_wconf 89' lang='lat' dir='ltr'>disponentem.</span> 
     </span>
     <span class='ocr_line' id='line_1_25' title="bbox 688 3042 3771 3127; baseline -0.003 -17"><span class='ocrx_word' id='word_1_249' title='bbox 688 3049 978 3111; x_wconf 86' lang='lat' dir='ltr'>Verbum</span> <span class='ocrx_word' id='word_1_250' title='bbox 1013 3050 1140 3111; x_wconf 89' lang='lat' dir='ltr'>hoc</span> <span class='ocrx_word' id='word_1_251' title='bbox 1187 3049 1446 3112; x_wconf 89' lang='lat' dir='ltr'>auditui</span> <span class='ocrx_word' id='word_1_252' title='bbox 1495 3067 1642 3112; x_wconf 89' lang='lat' dir='ltr'>meo</span> <span class='ocrx_word' id='word_1_253' title='bbox 1691 3050 1874 3112; x_wconf 91' lang='lat' dir='ltr'>dedit</span> <span class='ocrx_word' id='word_1_254' title='bbox 1906 3049 2227 3127; x_wconf 81' lang='lat' dir='ltr'>gaudium</span> <span class='ocrx_word' id='word_1_255' title='bbox 2273 3054 2343 3111; x_wconf 92' lang='lat' dir='ltr'>et</span> <span class='ocrx_word' id='word_1_256' title='bbox 2375 3049 2725 3123; x_wconf 88' lang='lat' dir='ltr'>laetitiam;</span> <span class='ocrx_word' id='word_1_257' title='bbox 2783 3050 3016 3109; x_wconf 88' lang='lat' dir='ltr'>statim</span> <span class='ocrx_word' id='word_1_258' title='bbox 3065 3048 3326 3108; x_wconf 86' lang='lat' dir='ltr'>litteras</span> <span class='ocrx_word' id='word_1_259' title='bbox 3360 3047 3537 3106; x_wconf 87' lang='lat' dir='ltr'>istas</span> <span class='ocrx_word' id='word_1_260' title='bbox 3585 3042 3771 3120; x_wconf 84' lang='lat' dir='ltr'>expli·</span> 
     </span>
     <span class='ocr_line' id='line_1_26' title="bbox 686 3151 3766 3233; baseline -0.004 -14"><span class='ocrx_word' id='word_1_261' title='bbox 686 3159 821 3232; x_wconf 88' lang='lat' dir='ltr'>cui,</span> <span class='ocrx_word' id='word_1_262' title='bbox 873 3157 998 3217; x_wconf 88' lang='lat' dir='ltr'>hoc</span> <span class='ocrx_word' id='word_1_263' title='bbox 1035 3157 1404 3233; x_wconf 75' lang='lat' dir='ltr'>intendenS,</span> <span class='ocrx_word' id='word_1_264' title='bbox 1453 3164 1528 3217; x_wconf 88' lang='lat' dir='ltr'>ut</span> <span class='ocrx_word' id='word_1_265' title='bbox 1559 3173 1680 3233; x_wconf 91' lang='lat' dir='ltr'>per</span> <span class='ocrx_word' id='word_1_266' title='bbox 1719 3157 2001 3217; x_wconf 90' lang='lat' dir='ltr'>comites</span> <span class='ocrx_word' id='word_1_267' title='bbox 2053 3157 2313 3216; x_wconf 89' lang='lat' dir='ltr'>itineris</span> <span class='ocrx_word' id='word_1_268' title='bbox 2347 3157 2495 3231; x_wconf 85' lang='lat' dir='ltr'>ejus</span> <span class='ocrx_word' id='word_1_269' title='bbox 2544 3172 2662 3215; x_wconf 88' lang='lat' dir='ltr'>eas</span> <span class='ocrx_word' id='word_1_270' title='bbox 2695 3155 2817 3216; x_wconf 91' lang='lat' dir='ltr'>tibi</span> <span class='ocrx_word' id='word_1_271' title='bbox 2867 3154 3414 3215; x_wconf 90' lang='lat' dir='ltr'>transmitterem.</span> <span class='ocrx_word' id='word_1_272' title='bbox 3466 3151 3600 3211; x_wconf 88' lang='lat' dir='ltr'>Sed</span> <span class='ocrx_word' id='word_1_273' title='bbox 3631 3164 3766 3209; x_wconf 88' lang='lat' dir='ltr'>cum</span> 
     </span>
     <span class='ocr_line' id='line_1_27' title="bbox 687 3258 3765 3341; baseline -0.005 -13"><span class='ocrx_word' id='word_1_274' title='bbox 687 3265 785 3328; x_wconf 82' lang='lat' dir='ltr'>nil</span> <span class='ocrx_word' id='word_1_275' title='bbox 831 3264 965 3325; x_wconf 89' lang='lat' dir='ltr'>tale</span> <span class='ocrx_word' id='word_1_276' title='bbox 1015 3280 1385 3341; x_wconf 89' lang='lat' dir='ltr'>sperarem,</span> <span class='ocrx_word' id='word_1_277' title='bbox 1436 3280 1724 3325; x_wconf 90' lang='lat' dir='ltr'>coronae</span> <span class='ocrx_word' id='word_1_278' title='bbox 1771 3263 2205 3323; x_wconf 84' lang='lat' dir='ltr'>exultationis</span> <span class='ocrx_word' id='word_1_279' title='bbox 2255 3277 2442 3322; x_wconf 91' lang='lat' dir='ltr'>meae</span> <span class='ocrx_word' id='word_1_280' title='bbox 2486 3263 2691 3322; x_wconf 89' lang='lat' dir='ltr'>etiam</span> <span class='ocrx_word' id='word_1_281' title='bbox 2741 3261 3074 3335; x_wconf 78' lang='lat' dir='ltr'>cumulu8‚</span> <span class='ocrx_word' id='word_1_282' title='bbox 3125 3262 3200 3319; x_wconf 92' lang='lat' dir='ltr'>ut</span> <span class='ocrx_word' id='word_1_283' title='bbox 3233 3259 3325 3318; x_wconf 91' lang='lat' dir='ltr'>ita</span> <span class='ocrx_word' id='word_1_284' title='bbox 3372 3258 3622 3323; x_wconf 87' lang='lat' dir='ltr'>dicam,</span> <span class='ocrx_word' id='word_1_285' title='bbox 3671 3270 3765 3313; x_wconf 89' lang='lat' dir='ltr'>su-</span> 
     </span>
     <span class='ocr_line' id='line_1_28' title="bbox 684 3359 3766 3446; baseline -0.004 -19"><span class='ocrx_word' id='word_1_286' title='bbox 684 3369 1070 3446; x_wconf 84' lang='lat' dir='ltr'>perpositus</span> <span class='ocrx_word' id='word_1_287' title='bbox 1117 3375 1245 3444; x_wconf 87' lang='lat' dir='ltr'>est,</span> <span class='ocrx_word' id='word_1_288' title='bbox 1305 3370 1464 3429; x_wconf 93' lang='lat' dir='ltr'>dum</span> <span class='ocrx_word' id='word_1_289' title='bbox 1519 3368 1746 3429; x_wconf 87' lang='lat' dir='ltr'>nescio</span> <span class='ocrx_word' id='word_1_290' title='bbox 1794 3384 1926 3445; x_wconf 92' lang='lat' dir='ltr'>quo</span> <span class='ocrx_word' id='word_1_291' title='bbox 1986 3369 2328 3441; x_wconf 91' lang='lat' dir='ltr'>instinctu,</span> <span class='ocrx_word' id='word_1_292' title='bbox 2389 3367 2535 3443; x_wconf 89' lang='lat' dir='ltr'>ipso</span> <span class='ocrx_word' id='word_1_293' title='bbox 2592 3366 2965 3439; x_wconf 89' lang='lat' dir='ltr'>ordinante,</span> <span class='ocrx_word' id='word_1_294' title='bbox 3025 3364 3252 3424; x_wconf 89' lang='lat' dir='ltr'>socius</span> <span class='ocrx_word' id='word_1_295' title='bbox 3310 3362 3582 3422; x_wconf 91' lang='lat' dir='ltr'>itineris</span> <span class='ocrx_word' id='word_1_296' title='bbox 3637 3359 3766 3433; x_wconf 85' lang='lat' dir='ltr'>ejus</span> 
     </span>
     <span class='ocr_line' id='line_1_29' title="bbox 687 3467 3771 3549; baseline -0.004 -16"><span class='ocrx_word' id='word_1_297' title='bbox 687 3477 1104 3548; x_wconf 78' lang='lat' dir='ltr'>assumptuS‚</span> <span class='ocrx_word' id='word_1_298' title='bbox 1157 3474 1277 3534; x_wconf 87' lang='lat' dir='ltr'>tibi</span> <span class='ocrx_word' id='word_1_299' title='bbox 1310 3489 1428 3533; x_wconf 87' lang='lat' dir='ltr'>eas</span> <span class='ocrx_word' id='word_1_300' title='bbox 1476 3474 2018 3549; x_wconf 88' lang='lat' dir='ltr'>praesentialiter</span> <span class='ocrx_word' id='word_1_301' title='bbox 2049 3487 2169 3548; x_wconf 90' lang='lat' dir='ltr'>per</span> <span class='ocrx_word' id='word_1_302' title='bbox 2216 3472 2687 3546; x_wconf 90' lang='lat' dir='ltr'>memetipsum</span> <span class='ocrx_word' id='word_1_303' title='bbox 2732 3470 2815 3529; x_wconf 90' lang='lat' dir='ltr'>de</span> <span class='ocrx_word' id='word_1_304' title='bbox 2851 3485 3073 3541; x_wconf 88' lang='lat' dir='ltr'>manu,</span> <span class='ocrx_word' id='word_1_305' title='bbox 3127 3474 3200 3528; x_wconf 91' lang='lat' dir='ltr'>ut</span> <span class='ocrx_word' id='word_1_306' title='bbox 3233 3467 3507 3539; x_wconf 92' lang='lat' dir='ltr'>dicitur,</span> <span class='ocrx_word' id='word_1_307' title='bbox 3551 3467 3617 3525; x_wconf 91' lang='lat' dir='ltr'>in</span> <span class='ocrx_word' id='word_1_308' title='bbox 3651 3480 3771 3523; x_wconf 85' lang='lat' dir='ltr'>ma-</span> 
     </span>
     <span class='ocr_line' id='line_1_30' title="bbox 688 3576 2336 3653; baseline 0.001 -17"><span class='ocrx_word' id='word_1_309' title='bbox 688 3592 848 3636; x_wconf 91' lang='lat' dir='ltr'>num</span> <span class='ocrx_word' id='word_1_310' title='bbox 880 3577 1259 3637; x_wconf 88' lang='lat' dir='ltr'>certissime</span> <span class='ocrx_word' id='word_1_311' title='bbox 1291 3577 1508 3636; x_wconf 91' lang='lat' dir='ltr'>obiter</span> <span class='ocrx_word' id='word_1_312' title='bbox 1541 3583 2009 3653; x_wconf 78' lang='lat' dir='ltr'>porrecturam</span> <span class='ocrx_word' id='word_1_313' title='bbox 2043 3576 2336 3637; x_wconf 86' lang='lat' dir='ltr'>fiderem.</span> 
     </span>
    </p>

    <p class='ocr_par' dir='ltr' id='par_1_5' title="bbox 693 3673 3769 3863">
     <span class='ocr_line' id='line_1_31' title="bbox 777 3673 3769 3759; baseline -0.003 -18"><span class='ocrx_word' id='word_1_314' title='bbox 777 3682 1177 3753; x_wconf 89' lang='lat' dir='ltr'>Questiones</span> <span class='ocrx_word' id='word_1_315' title='bbox 1227 3688 1451 3742; x_wconf 91' lang='lat' dir='ltr'>autem</span> <span class='ocrx_word' id='word_1_316' title='bbox 1508 3682 1660 3742; x_wconf 91' lang='lat' dir='ltr'>illae</span> <span class='ocrx_word' id='word_1_317' title='bbox 1709 3699 1878 3758; x_wconf 91' lang='lat' dir='ltr'>quas</span> <span class='ocrx_word' id='word_1_318' title='bbox 1932 3697 2055 3759; x_wconf 92' lang='lat' dir='ltr'>per</span> <span class='ocrx_word' id='word_1_319' title='bbox 2102 3698 2207 3741; x_wconf 90' lang='lat' dir='ltr'>me</span> <span class='ocrx_word' id='word_1_320' title='bbox 2260 3681 2588 3757; x_wconf 90' lang='lat' dir='ltr'>praedicti</span> <span class='ocrx_word' id='word_1_321' title='bbox 2636 3680 3167 3741; x_wconf 84' lang='lat' dir='ltr'>reverentissimi</span> <span class='ocrx_word' id='word_1_322' title='bbox 3226 3678 3473 3739; x_wconf 82' lang='lat' dir='ltr'>fratres</span> <span class='ocrx_word' id='word_1_323' title='bbox 3539 3673 3769 3736; x_wconf 89' lang='lat' dir='ltr'>sancti-</span> 
     </span>
     <span class='ocr_line' id='line_1_32' title="bbox 693 3780 3125 3863; baseline -0.001 -16"><span class='ocrx_word' id='word_1_324' title='bbox 693 3787 820 3847; x_wconf 85' lang='lat' dir='ltr'>tati</span> <span class='ocrx_word' id='word_1_325' title='bbox 853 3792 1007 3845; x_wconf 87' lang='lat' dir='ltr'>tuae</span> <span class='ocrx_word' id='word_1_326' title='bbox 1039 3786 1488 3847; x_wconf 88' lang='lat' dir='ltr'>absolvendas</span> <span class='ocrx_word' id='word_1_327' title='bbox 1523 3787 2012 3863; x_wconf 89' lang='lat' dir='ltr'>transmittunt,</span> <span class='ocrx_word' id='word_1_328' title='bbox 2053 3788 2119 3848; x_wconf 91' lang='lat' dir='ltr'>in</span> <span class='ocrx_word' id='word_1_329' title='bbox 2155 3787 2329 3847; x_wconf 87' lang='lat' dir='ltr'>hunc</span> <span class='ocrx_word' id='word_1_330' title='bbox 2365 3785 2633 3846; x_wconf 90' lang='lat' dir='ltr'>modum</span> <span class='ocrx_word' id='word_1_331' title='bbox 2668 3800 2741 3845; x_wconf 92' lang='lat' dir='ltr'>se</span> <span class='ocrx_word' id='word_1_332' title='bbox 2776 3784 3041 3845; x_wconf 86' lang='lat' dir='ltr'>babent.</span> <span class='ocrx_word' id='word_1_333' title='bbox 3074 3780 3125 3861; x_wconf 77' lang='lat'>⁴)</span> 
     </span>
    </p>
   </div>
   <div class='ocr_carea' id='block_1_3' title="bbox 775 3893 2982 4260">
    <p class='ocr_par' dir='ltr' id='par_1_6' title="bbox 775 3893 2982 4260">
     <span class='ocr_line' id='line_1_33' title="bbox 789 3893 2309 3970; baseline -0.003 -14"><span class='ocrx_word' id='word_1_334' title='bbox 789 3896 946 3970; x_wconf 90' lang='lat' dir='ltr'>Cap.</span> <span class='ocrx_word' id='word_1_335' title='bbox 981 3895 1030 3956; x_wconf 92' lang='lat'>1.</span> <span class='ocrx_word' id='word_1_336' title='bbox 1069 3894 1399 3968; x_wconf 80' lang='lat' dir='ltr'>Quomodo</span> <span class='ocrx_word' id='word_1_337' title='bbox 1430 3893 1951 3970; x_wconf 74' lang='lat' dir='ltr'>intelliyendum</span> <span class='ocrx_word' id='word_1_338' title='bbox 1986 3901 2151 3952; x_wconf 85' lang='lat' dir='ltr'>est...</span> <span class='ocrx_word' id='word_1_339' title='bbox 2189 3900 2309 3953; x_wconf 85' lang='lat' dir='ltr'>etc.</span> 
     </span>
     <span class='ocr_line' id='line_1_34' title="bbox 1503 3989 2982 4066; baseline -0.003 -18"><span class='ocrx_word' id='word_1_340' title='bbox 1503 3993 1883 4066; x_wconf 73' lang='lat' dir='ltr'>(Patroloqiae</span> <span class='ocrx_word' id='word_1_341' title='bbox 1906 3998 2032 4049; x_wconf 74' lang='lat' dir='ltr'>tom.</span> <span class='ocrx_word' id='word_1_342' title='bbox 2062 3990 2344 4055; x_wconf 80' lang='lat' dir='ltr'>CXCVII.</span> <span class='ocrx_word' id='word_1_343' title='bbox 2370 3992 2472 4048; x_wconf 80' lang='lat' dir='ltr'>ool.</span> <span class='ocrx_word' id='word_1_344' title='bbox 2511 3992 2670 4047; x_wconf 82' lang='lat'><em>1040</em></span> <span class='ocrx_word' id='word_1_345' title='bbox 2694 3996 2900 4064; x_wconf 60' lang='lat' dir='ltr'>quam.</span> <span class='ocrx_word' id='word_1_346' title='bbox 2934 3989 2982 4055; x_wconf 86' lang='lat' dir='ltr'>l)</span> 
     </span>
     <span class='ocr_line' id='line_1_35' title="bbox 980 4086 2163 4165; baseline -0.003 -18"><span class='ocrx_word' id='word_1_347' title='bbox 980 4087 1058 4148; x_wconf 93' lang='lat'>11.</span> <span class='ocrx_word' id='word_1_348' title='bbox 1100 4087 1274 4160; x_wconf 77' lang='lat' dir='ltr'>Quid</span> <span class='ocrx_word' id='word_1_349' title='bbox 1305 4092 1401 4146; x_wconf 86' lang='lat' dir='ltr'>est</span> <span class='ocrx_word' id='word_1_350' title='bbox 1437 4086 1610 4165; x_wconf 78' lang='lat' dir='ltr'>quod</span> <span class='ocrx_word' id='word_1_351' title='bbox 1643 4088 1968 4163; x_wconf 79' lang='lat' dir='ltr'>scriptum</span> <span class='ocrx_word' id='word_1_352' title='bbox 1993 4089 2163 4144; x_wconf 84' lang='lat' dir='ltr'>est...</span> 
     </span>
     <span class='ocr_line' id='line_1_36' title="bbox 775 4187 1321 4260; baseline -0.013 -9"><span class='ocrx_word' id='word_1_353' title='bbox 775 4187 946 4251; x_wconf 68' lang='grc' dir='ltr'>(Μ.</span> <span class='ocrx_word' id='word_1_354' title='bbox 974 4194 1182 4260; x_wconf 75' lang='lat' dir='ltr'>quaest.</span> <span class='ocrx_word' id='word_1_355' title='bbox 1211 4187 1321 4251; x_wconf 79' lang='lat'>11.)</span> 
     </span>
    </p>
   </div>
   <div class='ocr_carea' id='block_1_4' title="bbox 1899 507 2551 559">
    <p class='ocr_par' dir='ltr' id='par_1_7' title="bbox 1899 507 2551 559">
     <span class='ocr_line' id='line_1_37' title="bbox 1899 507 2551 559; baseline 0 -2"><span class='ocrx_word' id='word_1_356' title='bbox 1899 509 1952 557; x_wconf 82' lang='lat' dir='ltr'>S.</span> <span class='ocrx_word' id='word_1_357' title='bbox 2002 507 2551 559; x_wconf 64' lang='lat' dir='ltr'>nttnzoannts</span> 
     </span>
    </p>
   </div>
   <div class='ocr_carea' id='block_1_5' title="bbox 700 4446 2203 4606">
    <p class='ocr_par' dir='ltr' id='par_1_8' title="bbox 700 4446 2203 4606">
     <span class='ocr_line' id='line_1_38' title="bbox 775 4446 2143 4513; baseline -0.002 -10"><span class='ocrx_word' id='word_1_358' title='bbox 775 4449 910 4513; x_wconf 70' lang='grc' dir='ltr'>1Ιίιι</span> <span class='ocrx_word' id='word_1_359' title='bbox 933 4447 1055 4505; x_wconf 91' lang='lat' dir='ltr'>cod.</span> <span class='ocrx_word' id='word_1_360' title='bbox 1100 4446 1327 4504; x_wconf 82' lang='lat' dir='ltr'>videtur</span> <span class='ocrx_word' id='word_1_361' title='bbox 1365 4446 1539 4504; x_wconf 85' lang='lat' dir='ltr'>scribi</span> <span class='ocrx_word' id='word_1_362' title='bbox 1577 4447 1915 4503; x_wconf 74' lang='lat' dir='ltr'>monasterii.-</span> <span class='ocrx_word' id='word_1_363' title='bbox 1953 4461 2036 4501; x_wconf 76' lang='lat' dir='ltr'>as.</span> <span class='ocrx_word' id='word_1_364' title='bbox 2074 4472 2143 4484; x_wconf 90' lang='lat'>--</span> 
     </span>
     <span class='ocr_line' id='line_1_39' title="bbox 700 4531 2203 4606; baseline -0.002 -18"><span class='ocrx_word' id='word_1_365' title='bbox 700 4534 748 4598; x_wconf 71' lang='grc' dir='ltr'>ι)</span> <span class='ocrx_word' id='word_1_366' title='bbox 786 4531 869 4589; x_wconf 77' lang='lat' dir='ltr'>cf.</span> <span class='ocrx_word' id='word_1_367' title='bbox 902 4532 963 4589; x_wconf 89' lang='lat' dir='ltr'>in</span> <span class='ocrx_word' id='word_1_368' title='bbox 982 4533 1221 4606; x_wconf 87' lang='lat' dir='ltr'>epistola</span> <span class='ocrx_word' id='word_1_369' title='bbox 1244 4533 1373 4590; x_wconf 83' lang='lat' dir='ltr'>XV.</span> <span class='ocrx_word' id='word_1_370' title='bbox 1399 4564 1468 4574; x_wconf 92' lang='lat'>—</span> <span class='ocrx_word' id='word_1_371' title='bbox 1484 4533 1529 4601; x_wconf 77' lang='lat'>³)</span> <span class='ocrx_word' id='word_1_372' title='bbox 1557 4533 1711 4589; x_wconf 86' lang='lat' dir='ltr'>Idem</span> <span class='ocrx_word' id='word_1_373' title='bbox 1731 4538 1818 4589; x_wconf 87' lang='lat' dir='ltr'>est</span> <span class='ocrx_word' id='word_1_374' title='bbox 1844 4533 2020 4587; x_wconf 82' lang='lat' dir='ltr'>abbas</span> <span class='ocrx_word' id='word_1_375' title='bbox 2037 4531 2203 4587; x_wconf 81' lang='lat' dir='ltr'>Joan·</span> 
     </span>
    </p>
   </div>
   <div class='ocr_carea' id='block_1_6' title="bbox 2291 4438 3773 4599">
    <p class='ocr_par' dir='ltr' id='par_1_9' title="bbox 2291 4438 3773 4599">
     <span class='ocr_line' id='line_1_40' title="bbox 2291 4438 3771 4515; baseline -0.007 -17"><span class='ocrx_word' id='word_1_376' title='bbox 2291 4458 2493 4515; x_wconf 88' lang='lat' dir='ltr'>sponso</span> <span class='ocrx_word' id='word_1_377' title='bbox 2512 4440 2579 4496; x_wconf 88' lang='lat' dir='ltr'>ad</span> <span class='ocrx_word' id='word_1_378' title='bbox 2600 4446 2816 4513; x_wconf 87' lang='lat' dir='ltr'>quaest.</span> <span class='ocrx_word' id='word_1_379' title='bbox 2838 4439 2971 4503; x_wconf 75' lang='lat' dir='ltr'>xa.</span> <span class='ocrx_word' id='word_1_380' title='bbox 2989 4438 3282 4502; x_wconf 83' lang='lat' dir='ltr'>edd.Vlll;</span> <span class='ocrx_word' id='word_1_381' title='bbox 3297 4452 3443 4510; x_wconf 87' lang='lat' dir='ltr'>quae</span> <span class='ocrx_word' id='word_1_382' title='bbox 3461 4450 3608 4493; x_wconf 78' lang='lat' dir='ltr'>nova</span> <span class='ocrx_word' id='word_1_383' title='bbox 3630 4441 3771 4497; x_wconf 84' lang='lat' dir='ltr'>sunt.</span> 
     </span>
     <span class='ocr_line' id='line_1_41' title="bbox 2295 4522 3773 4599; baseline -0.007 -13"><span class='ocrx_word' id='word_1_384' title='bbox 2295 4535 2517 4586; x_wconf 87' lang='lat' dir='ltr'>tantum</span> <span class='ocrx_word' id='word_1_385' title='bbox 2556 4525 2829 4599; x_wconf 86' lang='lat' dir='ltr'>rescripta</span> <span class='ocrx_word' id='word_1_386' title='bbox 2866 4531 3000 4582; x_wconf 85' lang='lat' dir='ltr'>sunt</span> <span class='ocrx_word' id='word_1_387' title='bbox 3022 4541 3093 4581; x_wconf 83' lang='lat' dir='ltr'>ex</span> <span class='ocrx_word' id='word_1_388' title='bbox 3117 4523 3238 4582; x_wconf 84' lang='lat' dir='ltr'>cod.</span> <span class='ocrx_word' id='word_1_389' title='bbox 3269 4522 3584 4579; x_wconf 81' lang='lat' dir='ltr'>Lemniscis</span> <span class='ocrx_word' id='word_1_390' title='bbox 3611 4536 3773 4578; x_wconf 78' lang='lat' dir='ltr'>novae</span> 
     </span>
    </p>
   </div>
   <div class='ocr_carea' id='block_1_7' title="bbox 698 4618 2206 5210">
    <p class='ocr_par' dir='ltr' id='par_1_10' title="bbox 698 4618 2206 5210">
     <span class='ocr_line' id='line_1_42' title="bbox 706 4618 2203 4694; baseline -0.001 -20"><span class='ocrx_word' id='word_1_391' title='bbox 706 4636 806 4676; x_wconf 88' lang='lat' dir='ltr'>nes</span> <span class='ocrx_word' id='word_1_392' title='bbox 828 4619 928 4691; x_wconf 89' lang='lat' dir='ltr'>qui</span> <span class='ocrx_word' id='word_1_393' title='bbox 959 4620 1059 4675; x_wconf 91' lang='lat' dir='ltr'>diu</span> <span class='ocrx_word' id='word_1_394' title='bbox 1086 4620 1256 4683; x_wconf 85' lang='lat' dir='ltr'>rexit.</span> <span class='ocrx_word' id='word_1_395' title='bbox 1285 4636 1449 4694; x_wconf 80' lang='lat' dir='ltr'>saepe</span> <span class='ocrx_word' id='word_1_396' title='bbox 1474 4620 1701 4676; x_wconf 80' lang='lat' dir='ltr'>vexavit</span> <span class='ocrx_word' id='word_1_397' title='bbox 1733 4619 2104 4677; x_wconf 87' lang='lat' dir='ltr'>Gemblacum</span> <span class='ocrx_word' id='word_1_398' title='bbox 2131 4618 2203 4673; x_wconf 88' lang='lat' dir='ltr'>ab</span> 
     </span>
     <span class='ocr_line' id='line_1_43' title="bbox 703 4703 2204 4778; baseline -0.003 -13"><span class='ocrx_word' id='word_1_399' title='bbox 703 4722 755 4765; x_wconf 79' lang='lat' dir='ltr'>a.</span> <span class='ocrx_word' id='word_1_400' title='bbox 808 4710 946 4762; x_wconf 79' lang='lat'>1¹50</span> <span class='ocrx_word' id='word_1_401' title='bbox 990 4706 1060 4761; x_wconf 90' lang='lat' dir='ltr'>ad</span> <span class='ocrx_word' id='word_1_402' title='bbox 1106 4711 1262 4764; x_wconf 81' lang='lat'>1196.</span> <span class='ocrx_word' id='word_1_403' title='bbox 1311 4739 1378 4749; x_wconf 90' lang='lat'>·-</span> <span class='ocrx_word' id='word_1_404' title='bbox 1424 4708 1469 4773; x_wconf 86' lang='lat'>⁴)</span> <span class='ocrx_word' id='word_1_405' title='bbox 1525 4707 1859 4778; x_wconf 84' lang='lat' dir='ltr'>Sequuntur</span> <span class='ocrx_word' id='word_1_406' title='bbox 1894 4703 2204 4762; x_wconf 83' lang='lat' dir='ltr'>xxxvm</span> 
     </span>
     <span class='ocr_line' id='line_1_44' title="bbox 698 4791 2206 4867; baseline -0.003 -17"><span class='ocrx_word' id='word_1_407' title='bbox 698 4793 1084 4867; x_wconf 86' lang='lat' dir='ltr'>quaestiones,</span> <span class='ocrx_word' id='word_1_408' title='bbox 1106 4794 1366 4865; x_wconf 83' lang='lat' dir='ltr'>quamvis</span> <span class='ocrx_word' id='word_1_409' title='bbox 1399 4793 1617 4850; x_wconf 77' lang='lat' dir='ltr'>XXXV</span> <span class='ocrx_word' id='word_1_410' title='bbox 1644 4798 2016 4849; x_wconf 87' lang='lat' dir='ltr'>numerentur</span> <span class='ocrx_word' id='word_1_411' title='bbox 2040 4791 2099 4847; x_wconf 92' lang='lat' dir='ltr'>in</span> <span class='ocrx_word' id='word_1_412' title='bbox 2121 4791 2206 4847; x_wconf 92' lang='lat' dir='ltr'>iu-</span> 
     </span>
     <span class='ocr_line' id='line_1_45' title="bbox 700 4878 2206 4944; baseline 0 -9"><span class='ocrx_word' id='word_1_413' title='bbox 700 4880 916 4944; x_wconf 87' lang='lat' dir='ltr'>diculo,</span> <span class='ocrx_word' id='word_1_414' title='bbox 941 4880 1122 4936; x_wconf 88' lang='lat' dir='ltr'>tribus</span> <span class='ocrx_word' id='word_1_415' title='bbox 1150 4895 1384 4936; x_wconf 91' lang='lat' dir='ltr'>numero</span> <span class='ocrx_word' id='word_1_416' title='bbox 1408 4879 1755 4942; x_wconf 85' lang='lat' dir='ltr'>carentibus;</span> <span class='ocrx_word' id='word_1_417' title='bbox 1786 4878 2087 4935; x_wconf 80' lang='lat' dir='ltr'>varietates</span> <span class='ocrx_word' id='word_1_418' title='bbox 2116 4895 2206 4935; x_wconf 81' lang='lat' dir='ltr'>ve-</span> 
     </span>
     <span class='ocr_line' id='line_1_46' title="bbox 703 4964 2205 5037; baseline -0.003 -13"><span class='ocrx_word' id='word_1_419' title='bbox 703 4984 768 5025; x_wconf 89' lang='lat' dir='ltr'>ro</span> <span class='ocrx_word' id='word_1_420' title='bbox 808 4973 922 5025; x_wconf 86' lang='lat' dir='ltr'>tam</span> <span class='ocrx_word' id='word_1_421' title='bbox 962 4967 1021 5023; x_wconf 93' lang='lat' dir='ltr'>in</span> <span class='ocrx_word' id='word_1_422' title='bbox 1049 4966 1248 5023; x_wconf 88' lang='lat' dir='ltr'>ordine</span> <span class='ocrx_word' id='word_1_423' title='bbox 1283 4981 1453 5037; x_wconf 88' lang='lat' dir='ltr'>quam</span> <span class='ocrx_word' id='word_1_424' title='bbox 1493 4966 1554 5021; x_wconf 94' lang='lat' dir='ltr'>in</span> <span class='ocrx_word' id='word_1_425' title='bbox 1592 4964 1855 5022; x_wconf 74' lang='lat' dir='ltr'>formulis</span> <span class='ocrx_word' id='word_1_426' title='bbox 1883 4971 2082 5022; x_wconf 86' lang='lat' dir='ltr'>notatu</span> <span class='ocrx_word' id='word_1_427' title='bbox 2122 4965 2205 5020; x_wconf 86' lang='lat' dir='ltr'>di·</span> 
     </span>
     <span class='ocr_line' id='line_1_47' title="bbox 702 5052 2205 5127; baseline -0.002 -17"><span class='ocrx_word' id='word_1_428' title='bbox 702 5071 845 5124; x_wconf 78' lang='lat' dir='ltr'>gnae</span> <span class='ocrx_word' id='word_1_429' title='bbox 884 5060 1038 5119; x_wconf 84' lang='lat' dir='ltr'>sunt.</span> <span class='ocrx_word' id='word_1_430' title='bbox 1079 5061 1137 5111; x_wconf 87' lang='lat' dir='ltr'>et</span> <span class='ocrx_word' id='word_1_431' title='bbox 1176 5053 1237 5110; x_wconf 88' lang='lat' dir='ltr'>in</span> <span class='ocrx_word' id='word_1_432' title='bbox 1274 5052 1476 5127; x_wconf 84' lang='lat' dir='ltr'>primis</span> <span class='ocrx_word' id='word_1_433' title='bbox 1514 5069 1656 5109; x_wconf 84' lang='lat' dir='ltr'>nova</span> <span class='ocrx_word' id='word_1_434' title='bbox 1692 5058 2023 5123; x_wconf 86' lang='lat' dir='ltr'>argumenta</span> <span class='ocrx_word' id='word_1_435' title='bbox 2061 5068 2205 5123; x_wconf 80' lang='lat' dir='ltr'>quae</span> 
     </span>
     <span class='ocr_line' id='line_1_48' title="bbox 705 5135 2204 5210; baseline -0.003 -13"><span class='ocrx_word' id='word_1_436' title='bbox 705 5146 1014 5197; x_wconf 87' lang='lat' dir='ltr'>occurrunt</span> <span class='ocrx_word' id='word_1_437' title='bbox 1044 5146 1155 5196; x_wconf 84' lang='lat' dir='ltr'>tam</span> <span class='ocrx_word' id='word_1_438' title='bbox 1188 5139 1244 5197; x_wconf 86' lang='lat' dir='ltr'>in</span> <span class='ocrx_word' id='word_1_439' title='bbox 1282 5137 1714 5210; x_wconf 83' lang='lat' dir='ltr'>quaestionibus</span> <span class='ocrx_word' id='word_1_440' title='bbox 1753 5143 1806 5201; x_wconf 81' lang='grc'>6,</span> <span class='ocrx_word' id='word_1_441' title='bbox 1834 5152 2001 5208; x_wconf 86' lang='lat' dir='ltr'>quam</span> <span class='ocrx_word' id='word_1_442' title='bbox 2035 5135 2093 5191; x_wconf 90' lang='lat' dir='ltr'>in</span> <span class='ocrx_word' id='word_1_443' title='bbox 2122 5152 2204 5192; x_wconf 85' lang='lat' dir='ltr'>re-</span> 
     </span>
    </p>
   </div>
   <div class='ocr_carea' id='block_1_8' title="bbox 2290 4607 3776 5105">
    <p class='ocr_par' dir='ltr' id='par_1_11' title="bbox 2290 4607 3776 5105">
     <span class='ocr_line' id='line_1_49' title="bbox 2290 4607 3776 4687; baseline -0.006 -16"><span class='ocrx_word' id='word_1_444' title='bbox 2290 4613 2647 4687; x_wconf 85' lang='lat' dir='ltr'>quaestiones</span> <span class='ocrx_word' id='word_1_445' title='bbox 2696 4611 3111 4681; x_wconf 80' lang='lat' dir='ltr'>insigniuntur.</span> <span class='ocrx_word' id='word_1_446' title='bbox 3162 4608 3375 4679; x_wconf 88' lang='lat' dir='ltr'>quibus</span> <span class='ocrx_word' id='word_1_447' title='bbox 3424 4607 3664 4666; x_wconf 74' lang='lat' dir='ltr'>fortasse</span> <span class='ocrx_word' id='word_1_448' title='bbox 3704 4623 3776 4662; x_wconf 83' lang='lat' dir='ltr'>re-</span> 
     </span>
     <span class='ocr_line' id='line_1_50' title="bbox 2292 4694 3775 4775; baseline -0.009 -16"><span class='ocrx_word' id='word_1_449' title='bbox 2292 4701 2520 4775; x_wconf 82' lang='lat' dir='ltr'>sponsio</span> <span class='ocrx_word' id='word_1_450' title='bbox 2543 4700 2721 4763; x_wconf 86' lang='lat' dir='ltr'>deest.</span> <span class='ocrx_word' id='word_1_451' title='bbox 2748 4697 2882 4770; x_wconf 87' lang='lat' dir='ltr'>quia</span> <span class='ocrx_word' id='word_1_452' title='bbox 2907 4694 3274 4767; x_wconf 81' lang='lat' dir='ltr'>Hildegardis</span> <span class='ocrx_word' id='word_1_453' title='bbox 3316 4711 3410 4752; x_wconf 84' lang='lat' dir='ltr'>eas</span> <span class='ocrx_word' id='word_1_454' title='bbox 3436 4696 3655 4752; x_wconf 80' lang='lat' dir='ltr'>solvere</span> <span class='ocrx_word' id='word_1_455' title='bbox 3691 4708 3775 4747; x_wconf 87' lang='lat' dir='ltr'>no·</span> 
     </span>
     <span class='ocr_line' id='line_1_51' title="bbox 2293 4781 3774 4862; baseline -0.01 -14"><span class='ocrx_word' id='word_1_456' title='bbox 2293 4791 2423 4850; x_wconf 89' lang='lat' dir='ltr'>luit.</span> <span class='ocrx_word' id='word_1_457' title='bbox 2471 4790 2633 4847; x_wconf 77' lang='lat' dir='ltr'>Aliae</span> <span class='ocrx_word' id='word_1_458' title='bbox 2670 4803 2897 4862; x_wconf 83' lang='lat' dir='ltr'>prorsus</span> <span class='ocrx_word' id='word_1_459' title='bbox 2935 4790 3070 4843; x_wconf 83' lang='lat' dir='ltr'>sunt</span> <span class='ocrx_word' id='word_1_460' title='bbox 3106 4781 3468 4855; x_wconf 82' lang='lat' dir='ltr'>quaestiones</span> <span class='ocrx_word' id='word_1_461' title='bbox 3504 4781 3774 4838; x_wconf 85' lang='lat' dir='ltr'>Villaren·</span> 
     </span>
     <span class='ocr_line' id='line_1_52' title="bbox 2294 4862 3775 4947; baseline -0.011 -13"><span class='ocrx_word' id='word_1_462' title='bbox 2294 4878 2441 4935; x_wconf 91' lang='lat' dir='ltr'>sium</span> <span class='ocrx_word' id='word_1_463' title='bbox 2482 4876 2627 4933; x_wconf 77' lang='lat' dir='ltr'>infra</span> <span class='ocrx_word' id='word_1_464' title='bbox 2668 4872 2905 4947; x_wconf 86' lang='lat' dir='ltr'>positae,</span> <span class='ocrx_word' id='word_1_465' title='bbox 2933 4877 2990 4927; x_wconf 88' lang='lat' dir='ltr'>et</span> <span class='ocrx_word' id='word_1_466' title='bbox 3015 4868 3159 4925; x_wconf 88' lang='lat' dir='ltr'>aliae</span> <span class='ocrx_word' id='word_1_467' title='bbox 3184 4868 3299 4925; x_wconf 88' lang='lat' dir='ltr'>huc</span> <span class='ocrx_word' id='word_1_468' title='bbox 3331 4868 3648 4940; x_wconf 84' lang='lat' dir='ltr'>subjectae,</span> <span class='ocrx_word' id='word_1_469' title='bbox 3675 4862 3775 4919; x_wconf 82' lang='lat' dir='ltr'>nisi</span> 
     </span>
     <span class='ocr_line' id='line_1_53' title="bbox 2295 4951 3776 5034; baseline -0.011 -15"><span class='ocrx_word' id='word_1_470' title='bbox 2295 4969 2483 5019; x_wconf 88' lang='lat' dir='ltr'>tamen</span> <span class='ocrx_word' id='word_1_471' title='bbox 2504 4959 2786 5034; x_wconf 88' lang='lat' dir='ltr'>duplicem</span> <span class='ocrx_word' id='word_1_472' title='bbox 2801 4955 3195 5032; x_wconf 86' lang='lat' dir='ltr'>quaestionum</span> <span class='ocrx_word' id='word_1_473' title='bbox 3218 4954 3502 5027; x_wconf 79' lang='lat' dir='ltr'>syllabum</span> <span class='ocrx_word' id='word_1_474' title='bbox 3524 4951 3776 5008; x_wconf 81' lang='lat' dir='ltr'>miserint</span> 
     </span>
     <span class='ocr_line' id='line_1_54' title="bbox 2295 5049 2657 5105; baseline 0 0"><span class='ocrx_word' id='word_1_475' title='bbox 2295 5049 2657 5105; x_wconf 71' lang='lat' dir='ltr'>villarenses.</span> 
     </span>
    </p>
   </div>
  </div>
 </body>
</html>
