4036 6117
1273 508 1505 553 Lim-:n
1553 508 1748 552 virm:
1799 505 2275 550 munsterum.
2329 505 2384 547 r.
2434 504 2497 547 v.
3234 484 3362 545 185

345 648 377 691 ›
420 634 531 708 rit,
572 634 730 693 illuc
755 634 1033 710 aspicie,
1064 637 1129 693 et
1157 633 1308 693 inde
1337 633 1592 709 loquar.
1631 631 1697 691 Si
1732 631 1857 690 hoc
1883 646 2011 690 non
2049 628 2360 703 facerem,
2399 627 2722 702 insipiens
2755 641 2995 685 essem.
3024 625 3101 683 Et
3137 626 3285 701 quis
3329 640 3431 682 me

343 754 374 791 ι
414 736 499 796 ob
534 735 660 796 hoc
695 734 968 811 arguet?
1000 736 1066 795 Si
1102 736 1520 812 insipientem
1555 738 1623 795 et
1659 733 1914 794 fatuum
1950 732 2318 806 laudarem,
2356 730 2775 790 mendacium
2824 728 3135 789 dicerem.
3172 729 3244 788 In
3279 744 3425 786 ver-

342 858 373 895 »
414 840 519 900 bis
551 840 720 901 meis
754 842 923 900 retia
971 840 1344 915 extendam,
1379 846 1448 900 et
1480 839 1701 899 omnia
1727 855 1898 915 quae
1931 843 2212 914 potuero
2256 836 2541 912 capiam,
2587 837 2653 894 et
2686 839 2934 911 quante
2966 833 3116 908 plus
3159 847 3421 908 cepere,

340 961 371 998 ι
411 948 594 1002 tanto
627 944 779 1018 plus
829 943 1059 1004 habeo.
1097 944 1257 1004 Nam
1310 943 1630 1004 honorem
1665 959 1883 1002 meum
1919 933 2017 1001 sic
2051 942 2282 1014 dilato,
2322 942 2395 999 ut
2427 953 2658 998 omnes
2708 938 2774 997 in
2806 936 3035 997 verbis
3069 936 3237 996 meis
3272 950 3422 994 eru-

341 1064 373 1103 »
412 1046 708 1107 bescant.
759 1045 882 1106 Sed
916 1053 982 1106 et
1016 1063 1247 1108 arcum
1277 1063 1518 1134 ‘meum
1566 1063 1717 1108 cum
1747 1047 1993 1122 jaculis
2044 1046 2403 1104 verberum
2438 1042 2809 1102 extendam.
2844 1041 2924 1100 Et
2960 1042 3119 1118 quid
3153 1040 3279 1100 hec
3313 1057 3426 1099 no-

343 1166 375 1205 »
414 1148 624 1209 cebit‘?
670 1149 862 1209 Nulla
906 1151 1162 1225 celabe,
1214 1151 1396 1211 nulla
1432 1151 1682 1225 silebo,
1736 1151 1852 1210 sed
1897 1151 2257 1225 unicuique
2308 1149 2581 1218 homini,
2624 1146 2985 1206 secundum
3043 1161 3425 1206 mensuram

343 1268 374 1306 ι
417 1265 629 1324 suam,
667 1250 841 1327 qued
878 1251 1090 1311 habeo
1123 1251 1228 1312 de.
1271 1270 1303 1309 ι

1825 1465 1932 1524 111.

1424 1675 1835 1749 Responsum
1884 1666 2342 1733 Reverentic'ze.

431 1879 490 1938 4.
527 1877 650 1939 Sed
702 1880 945 1940 iterum
980 1879 1061 1939 de
1108 1879 1413 1955 praefata
1448 1879 1716 1941 turbida
1764 1880 1940 1939 nube
1973 1878 2201 1939 audivi
2248 1894 2476 1938 vocem
2516 1877 2671 1938 huic
2713 1878 2988 1953 imagini
3024 1877 3430 1953 responden-

343 1985 496 2041 tem:
538 2002 570 2042 (
612 1982 677 2042 Si
727 1984 948 2043 omnia
995 2000 1311 2044 noveram
1364 2000 1536 2061 quae
1586 1985 1863 2044 Creator
1898 1983 2089 2059 fecit,
2141 1984 2301 2061 quid
2348 1983 2604 2043 essem?
2637 1982 2812 2060 quod
2848 1984 2963 2043 illa
3009 1982 3427 2043 destruerem

346 2102 378 2141 ι
418 2101 589 2162 quae
623 2103 753 2147 nen
788 2086 937 2162 feci,
974 2103 1094 2147 nec
1128 2090 1377 2162 creavi,
1416 2104 1536 2148 nec
1571 2089 1817 2165 quibus
1868 2088 2218 2148 scientiam
2268 2086 2443 2161 dedi,
2498 2087 2673 2146 sicut
2723 2088 2816 2160 tu,
2869 2103 2908 2145 0
2957 2102 3114 2162 pars
3168 2086 3417 2161 iniqua,

341 2204 373 2243 ι
411 2189 634 2247 emnia
667 2204 1066 2250 commoves.
1102 2190 1357 2249 Montes
1392 2206 1497 2249 me
1537 2191 1891 2263 sustinent,
1943 2197 2009 2250 et
2045 2191 2111 2250 in
2148 2189 2423 2266 planitie
2457 2189 2736 2248 vallium
2785 2187 3078 2261 ambulo,
3129 2203 3252 2247 nec
3287 2188 3415 2262 ipsi

343 2307 375 2346 »
414 2296 835 2354 contemnent
869 2310 992 2354 me.
1030 2295 1103 2353 In
1136 2295 1446 2370 supernis
1480 2301 1547 2354 et
1584 2295 1647 2353 in
1699 2295 1942 2354 infimis
1991 2294 2222 2368 volite,
2274 2299 2343 2353 et
2375 2293 2599 2352 emnia
2633 2308 2803 2369 quae
2837 2290 3010 2352 Deus
3044 2290 3418 2364 constituit,

346 2412 380 2453 ›
417 2395 583 2456 mihi
616 2397 903 2472 placent,
932 2412 1053 2456 nec
1079 2396 1197 2456 ulli
1226 2397 1537 2472 injuriam
1569 2397 1763 2472 facie,
1791 2391 1837 2476 ¹)
1875 2397 1989 2456 sed
2020 2401 2084 2458 te
2109 2403 2184 2457 ut
2210 2398 2423 2456 lutum
2451 2397 3058 2456 calceamentorum
3085 2393 3426 2453 conculco,

348 2517 383 2558 ι
419 2499 584 2560 Nam
631 2499 1002 2575 digniorem
1051 2505 1313 2576 partem
1345 2516 1478 2561 nen
1512 2501 1816 2575 habebiS,
1853 2502 2010 2577 quia
2047 2500 2356 2561 omnibus
2403 2500 2649 2576 quibus
2696 2501 2912 2575 potes,
2965 2497 3278 2573 injuriam
3328 2495 3421 2554 in-

345 2619 377 2658 »
417 2601 572 2663 fers.
613 2620 645 2659 ι

427 2707 488 2767 5.
525 2705 895 2768 Secundam
920 2713 1146 2768 autem
1180 2708 1536 2783 imaginem
1563 2708 1724 2783 vidi,
1759 2709 2086 2784 puerilem
2117 2708 2394 2769 formam
2427 2706 2805 2782 habentem,
2833 2709 3110 2782 excepte
3144 2702 3321 2781 qued
3357 2704 3421 2763 in

334 2815 552 2891 capite
586 2815 849 2891 capillis
882 2815 1178 2890 carebat,
1216 2822 1284 2875 et
1310 2815 1486 2891 qued
1515 2815 1754 2876 faciem
1780 2822 1847 2876 et
1874 2816 2173 2890 barbam,
2206 2821 2276 2875 ut
2303 2831 2502 2874 senex
2529 2815 2656 2888 vir,
2686 2813 2993 2874 habebat.
3020 2811 3102 2872 Et
3138 2813 3204 2871 in
3236 2825 3426 2887 prae-

332 2918 532 2977 dictis
567 2918 886 2992 tenebris,
922 2918 988 2978 in
1018 2919 1310 2996 quedam
1342 2935 1584 2995 panne,
1620 2920 1815 2997 quasi
1850 2922 1916 2980 in
1942 2921 2132 2981 cunis
2157 2920 2510 2995 pendebat,
2541 2919 2657 2995 qui
2692 2916 2817 2978 hac
2850 2921 2919 2978 et
2953 2917 3131 2991 illac,
3168 2914 3353 2974 velut
3380 2931 3417 2973 a

335 3028 557 3098 vente,
594 3022 1008 3085 movebatur.
1044 3022 1165 3084 Sed
1203 3024 1336 3084 alia
1368 3023 1755 3085 indumenta
1792 3025 1858 3085 in
1890 3040 1970 3086 ea
2002 3041 2134 3086 non
2180 3023 2511 3085 videbam.
2545 3022 2626 3083 Et
2674 3020 3006 3082 interdum
3052 3018 3134 3080 ab
3183 3016 3418 3078 eedem

332 3142 549 3203 panno
581 3127 792 3186 erexit
824 3141 917 3199 se,
955 3133 1021 3186 et
1055 3127 1391 3187 interdum
1429 3129 1493 3187 in
1529 3128 1837 3189 eumdem
1870 3145 2163 3203 pannum
2195 3126 2543 3188 abscondit
2577 3141 2666 3184 se.

1797 3352 1933 3412 1111.

1485 3506 1490 3510 ·
1552 3542 1753 3602 Verba
1809 3543 2197 3621 Vayatienis.

422 3749 480 3809 6.
516 3749 595 3810 Et
625 3749 811 3810 dixit:
852 3770 884 3810 α
922 3750 995 3811 In
1030 3753 1235 3813 stulta
1272 3753 1739 3814 aestimatione
1775 3753 2009 3829 habeo,
2049 3753 2106 3814 si
2142 3755 2209 3814 in
2240 3770 2375 3814 une
2411 3756 2555 3814 1000
2603 3759 2671 3813 et
2706 3755 2770 3814 in
2815 3770 2944 3815 une
2991 3754 3236 3831 popule
3270 3772 3418 3833 per-

342 3869 372 3909 »
410 3868 738 3914 mansere.
774 3854 1032 3930 Ubique
1080 3872 1186 3917 me
1223 3857 1572 3918 estendere
1619 3858 1797 3933 vele,
1833 3860 1901 3919 et
1932 3857 2179 3935 ubique
2228 3874 2355 3918 vox
2390 3873 2537 3918 mea
2571 3856 2905 3932 audiatur,
2956 3864 3024 3918 et
3066 3864 3139 3918 ut
3172 3859 3417 3936 ubique

340 3975 371 4014 ›
413 3958 618 4020 facies
651 3975 798 4020 mea
831 3960 1164 4038 videatur,
1214 3968 1281 4022 et
1315 3963 1415 4023 sic
1462 3964 1743 4039 gloriam
1780 3980 1998 4023 meam
2046 3963 2362 4025 dilatabo.
2397 3961 2446 4043 ²)
2484 3964 2768 4023 Gramen
2817 3964 2991 4022 enim
3043 3964 3309 4038 crescit,
3349 3972 3416 4025 et

340 4079 371 4116 »
408 4061 533 4122 1103
566 4063 710 4139 ejus
745 4072 1044 4141 apparet;
1095 4072 1161 4125 ct
1197 4067 1254 4125 si
1306 4065 1432 4126 1100
1464 4083 1593 4128 11011
1626 4069 1829 4143 esset,
1883 4083 2084 4144 quam
2119 4068 2401 4143 gloriam
2452 4066 2649 4127 homo
2685 4065 2998 4126 haberet?
3028 4067 3163 4142 Ego
3197 4067 3266 4127 111
3312 4084 3419 4128 sa·-

338 4183 368 4220 ›
404 4166 653 4240 pientia
685 4173 754 4227 et
785 4168 852 4228 in
887 4169 1147 4230 ratione
1179 4185 1327 4230 mea
1374 4185 1647 4246 gramen
1683 4186 1853 4245 sum,
1908 4187 1985 4230 ac
2024 4171 2087 4230 in
2120 4169 2568 4246 pulcritudine
2602 4186 2749 4230 mea
2786 4169 2907 4229 1103
2935 4185 3107 4245 sum,
3145 4175 3212 4230 et
3261 4169 3407 4231 ideo

340 4285 370 4325 »
408 4270 650 4347 ubique
701 4286 804 4331 me
839 4272 1214 4334 manifeste.
1254 4292 1285 4332 1>

1826 4485 1894 4545 V.

1204 4695 1619 4771 Responsum
1667 4696 1928 4772 quietae
1986 4693 2538 4773 Tranquillieatis.

426 4894 483 4954 7.
534 4894 612 4955 Et
660 4896 901 4957 iterum
934 4898 1015 4958 de
1063 4899 1366 4976 praefata
1417 4901 1682 4962 turbida
1732 4901 1905 4962 nube
1940 4900 2166 4963 audivi
2214 4918 2445 4963 vocem
2481 4902 2637 4964 huic
2683 4904 2956 4979 imagini
3008 4898 3414 4979 responden-

340 5001 484 5058 tem:
526 5019 558 5057 (
596 5001 715 5075 Τ11,
753 5018 791 5060 0
825 5018 937 5063 ars
970 5002 1323 5078 diabolica,
1363 5006 1538 5064 310111
1571 5005 1694 5066 1103
1731 5005 1863 5066 feni
1898 5005 2122 5082 cades,
2159 5012 2226 5067 et
2260 5007 2435 5067 sicut
2474 5008 2684 5068 lutum
2718 5007 2783 5067 in
2835 5009 2944 5067 via
2978 5004 3413 5070 conculcabe-

407 5167 448 5240 ¹}
472 5169 610 5238 lacit
635 5167 730 5231 Wi
757 5170 900 5238 facie
923 5169 990 5225 A.
1024 5200 1082 5208 —
1112 5171 1158 5236 ²)
1186 5170 1359 5227 dilato
1385 5172 1475 5226 W.
3218 5255 3255 5290 ·
