4036 6117
703 499 836 560 174
1863 514 1915 559 s.
1968 514 2507 561 mnnecAnms

631 634 950 707 mutatus;
987 638 1054 693 et
1088 638 1446 709 antequam
1482 632 1786 707 spiritus,
1824 633 1939 707 qui
1974 649 2221 709 corpus
2256 637 2444 694 tuum
2491 637 2783 708 vegetat,
2840 632 3010 692 idem
3046 648 3292 707 corpus
3336 632 3731 707 deserenda,

632 738 861 798 redeat
895 738 976 798 ad
1011 738 1508 797 Dominatorem
1543 742 1960 811 cunctorum,
1996 738 2114 812 qui
2159 737 2376 796 eidem
2408 738 2674 813 corpori
2710 742 2824 796 tuo
2858 737 3043 796 dedit
3076 738 3320 813 ipsum,
3358 738 3727 798 secundum

629 842 890 919 gratiae
939 857 1101 902 suae
1150 842 1680 917 dispositionem.
1716 841 1880 899 Nam
1913 840 2089 900 Deus
2138 848 2211 901 ut
2248 840 2435 901 faber
2466 843 2592 916 est,
2644 843 2758 917 qui
2797 841 2952 901 folle
3002 842 3225 917 ignem
3266 842 3624 916 examinat,
3662 847 3731 900 et

628 947 746 1024 qui
779 962 932 1007 eum
968 945 1258 1022 undique
1299 946 1781 1019 circumvertit,
1819 951 1892 1003 ut
1927 961 2094 1019 opus
2130 961 2322 1004 suum
2359 946 2642 1020 pleniter
2679 944 3083 1022 perficiatur.
3123 945 3289 1005 Cum
3321 950 3545 1009 autem
3592 946 3732 1019 spi·

631 1052 803 1112 ritus
853 1051 1142 1111 hominis
1186 1057 1370 1110 recto
1406 1050 1600 1109 modo
1650 1066 1853 1109 cursu
1902 1049 2228 1109 bonorum
2271 1065 2547 1125 operum
2595 1049 2931 1125 dirigitur,
2986 1054 3058 1109 ut
3105 1050 3188 1109 ad
3239 1050 3731 1110 indeficientem

631 1157 1097 1216 aeternitatem
1144 1156 1538 1231 gaudiorum
1574 1159 1974 1230 revertatur,
2013 1154 2452 1229 purissimum
2488 1155 2711 1214 lumen
2742 1154 3019 1229 videbit,
3056 1159 3125 1214 et
3157 1154 3532 1229 angelicum
3580 1169 3728 1213 car-

631 1273 784 1318 men
818 1258 1065 1333 audiet,
1105 1258 1281 1335 quod
1315 1258 1525 1318 Adam
1559 1257 1729 1317 vidit
1758 1263 1825 1317 et
1867 1258 2124 1318 audivit
2145 1253 2218 1335 ¹),
2258 1264 2617 1334 antequam
2650 1258 3254 1333 transgressionem
3288 1256 3726 1317 mortalitatis

631 1362 870 1436 adiret3
905 1369 974 1422 et
998 1362 1096 1422 sic
1123 1362 1410 1421 maximo
1437 1362 1771 1422 desiderio
1796 1363 2275 1422 vestimentum
2308 1362 2482 1439 quod
2511 1363 2711 1437 eruit,
2743 1362 3062 1438 requiret,
3100 1368 3431 1437 quatenus
3464 1360 3724 1436 pariter

630 1480 785 1524 cum
818 1465 963 1540 ipso
1012 1463 1317 1540 gaudeat.
1356 1464 1532 1524 Haec
1582 1471 1802 1524 autem
1837 1466 1918 1525 de
1951 1465 2432 1541 poenitentium
2467 1465 2817 1524 animabus
2865 1463 3233 1540 purgandis
3265 1469 3335 1524 et
3372 1462 3717 1523 salvandis

630 1567 810 1627 dicta
844 1573 1019 1643 sunt,
1056 1570 1125 1628 et
1156 1568 1377 1628 fidelia
1411 1573 1588 1643 sunt,
1624 1574 1693 1627 et
1717 1567 1933 1628 fidelis
1960 1568 2066 1628 his
2093 1569 2413 1643 attendat,
2443 1575 2510 1628 et
2536 1584 2615 1629 ea
2651 1569 2717 1628 in
2743 1569 3134 1628 memoriam
3160 1568 3370 1628 bonae
3398 1568 3719 1626 scientiae

634 1680 1011 1749 componat.
3318 1744 3321 1749 ¹

719 1776 824 1837 69.
874 1778 1060 1837 Alios
1098 1794 1365 1854 quoque
1412 1778 1708 1854 ejusdem
1747 1778 2193 1838 multitudinis
2230 1780 2364 1839 vidi
2401 1780 2701 1853 spirituS,
2738 1793 2909 1853 quos
2958 1778 3159 1837 etiam
3196 1775 3296 1834 sic
3344 1773 3718 1834 vociferan-

629 1884 734 1939 tes
767 1879 1013 1941 audivi:
1050 1883 1208 1942 Arte
1242 1888 1472 1942 nostra
1506 1883 1726 1941 omnia
1763 1882 2197 1958 inquiremuS,
2234 1888 2300 1942 et
2335 1883 2558 1943 omnia
2589 1880 3057 1941 obtinebimus.
3091 1879 3173 1940 Et
3205 1878 3274 1938 hi
3310 1877 3612 1938 homines
3648 1882 3721 1935 ut

630 1983 1084 2044 inconstantes
1119 1985 1255 2045 sint
1286 1984 1754 2060 exhortantur,
1789 2001 1866 2043 ac
1900 1986 1999 2044 eis
2038 1986 2553 2046 inconstantiam
2590 1984 2838 2060 ubique
2873 1986 3269 2058 proponunt.

2081 2211 2271 2271 L1111.

1487 2408 1578 2468 De
1628 2409 2117 2467 inconstantiae
2162 2410 2395 2483 poenis
2439 2410 2867 2485 purqatoriis.

721 2614 826 2675 70.
877 2615 956 2676 Et
987 2616 1126 2677 vidi
1176 2618 1396 2693 ignem
1429 2632 1745 2693 magnum
1795 2614 1859 2676 in
1893 2633 2025 2693 quo
2073 2616 2344 2693 plurimi
2393 2620 2460 2677 et
2492 2616 2745 2677 diversi
2783 2631 3067 2691 vermes,
3105 2616 3416 2677 diversas
3472 2615 3724 2676 formas

630 2717 980 2793 habentes,
1009 2727 1222 2796 erant,
1257 2718 1308 2799 ²)
1347 2722 1413 2781 in
1445 2737 1577 2798 quo
1612 2722 1871 2781 animae
1908 2721 2173 2780 illorum
2207 2721 2673 2797 puniebantur,
2713 2723 2826 2797 qui
2860 2721 3018 2780 dum
3054 2722 3119 2779 in
3152 2719 3547 2797 corporibus
3582 2720 3725 2779 suis

633 2822 942 2900 fuissent,
978 2826 1046 2885 in
1078 2825 1303 2885 verbis
1336 2831 1403 2883 et
1439 2825 1502 2884 in
1537 2824 1851 2902 operibus
1887 2825 2029 2885 suis
2064 2825 2579 2884 inconstantiam
2615 2824 2743 2884 sibi
2777 2827 3191 2884 attraxerant
3247 2825 3409 2883 Nam
3444 2828 3722 2899 propter

633 2927 1175 2998 inconstantiam,
1213 2944 1346 3005 qua
1378 2928 1626 2988 multos
1661 2929 1981 2989 audacter
2011 2929 2435 3005 deceperant,
2474 2930 2539 2988 in
2590 2930 2739 3004 igne
2774 2928 2902 2988 isto
2952 2928 3297 3002 ardebant;
3336 2934 3404 2986 et
3450 2930 3727 3003 propter

632 3029 1073 3108 multiplicem
1105 3032 1557 3109 dolositatem,
1593 3048 1796 3110 quam
1831 3049 1982 3094 cum
2015 3034 2311 3095 vanitate
2337 3034 2403 3094 in
2435 3049 2508 3094 se
2535 3033 2929 3108 habuerant,
2962 3048 3003 3094 a
3026 3031 3352 3108 praefatis
3380 3031 3724 3092 vermibus

637 3137 1142 3212 torquebantur.
2944 3124 2949 3128 ’

2120 3338 2238 3396 LV.

1558 3530 1649 3590 De
1694 3534 2114 3607 poenitentia
2163 3549 2284 3608 pro
2330 3534 2797 3592 inconstantia.

727 3719 830 3779 71.
880 3720 958 3779 Et
991 3720 1129 3780 vidi
1177 3728 1245 3781 et
1277 3722 1573 3781 intellexi
1621 3723 1806 3783 haec.
1840 3724 1920 3782 Et
1952 3723 2034 3782 de
2068 3723 2371 3798 praefata
2419 3725 2686 3784 vivente
2719 3724 2868 3783 luce
2913 3725 3155 3783 iterum
3207 3738 3438 3782 vocem
3489 3721 3717 3780 audivi

639 3823 971 3884 dicentem
1005 3825 1088 3884 ad
1123 3840 1246 3885 me:
1284 3825 1463 3885 Haec
1497 3841 1668 3902 quae
1716 3827 1929 3900 vide8‚
1965 3843 2126 3887 vera
2177 3834 2352 3888 sunt.
2392 3828 2709 3888 Homines
2745 3829 2968 3887 autem
3009 3829 3122 3904 qui
3159 3809 3495 3903 pessimos
3529 3825 3726 3900 spiri-

634 3933 746 3987 tus
779 3927 862 3987 ad
913 3929 1425 3988 inconstantiam
1474 3946 1592 3989 eos
1625 3930 2078 4004 exhortanteS,
2114 3932 2195 3990 de
2230 3948 2304 3990 se
2335 3933 2671 3992 voluerint
2708 3932 2959 4007 fugare,
2997 3937 3064 3990 et
3096 3946 3345 4008 poenas
3379 3931 3523 4005 ejus
3557 3928 3724 3989 effu-

635 4044 793 4104 gere
826 4029 1376 4106 desideraverint,
1412 4033 1470 4091 si
1505 4033 1887 4092 saeculares
1923 4040 2101 4109 sunt,
2131 4034 2213 4093 ad
2242 4033 2613 4109 spiritalem
2647 4036 2857 4093 vitam
2892 4049 2962 4093 se
2988 4034 3329 4109 colligant;
3368 4033 3472 4092 vel
3502 4033 3560 4091 si
3593 4032 3727 4108 spi-

636 4135 870 4194 ritales
904 4141 1080 4211 sunt,
1135 4137 1201 4195 in
1233 4135 1465 4196 eadem
1514 4138 2023 4197 conversatione
2059 4155 2179 4197 sua
2233 4154 2384 4197 cum
2434 4140 2612 4197 omni
2646 4138 2999 4213 disciplina
3032 4138 3339 4199 veritatis
3374 4136 3598 4195 acrius
3648 4151 3721 4195 se

634 4237 838 4299 solito
871 4247 1244 4315 coerceant,
1282 4244 1612 4318 quatenus
1653 4243 2024 4318 nequitiam
2057 4243 2203 4301 vitii
2241 4242 2440 4318 hujus
2473 4243 2554 4302 de
2603 4259 2675 4302 se
2709 4242 3043 4318 abjiciant.
3080 4242 3249 4301 Illud
3293 4241 3467 4300 enim
3507 4241 3569 4299 in
3606 4238 3723 4297 ho·
3786 4291 3789 4292 γ

635 4341 930 4401 minibus
965 4344 1061 4404 sic
1097 4344 1394 4421 loquitur
1426 4345 1674 4405 dicens:

2111 4542 2260 4603 LVI.

1750 4737 1841 4799 De
1891 4739 2051 4799 vitio
2097 4741 2605 4799 inconstantiae.
2667 4712 2677 4722 ⁶

732 4923 833 4989 72.
892 4949 920 4986 α
955 4928 1292 5001 Quomodo
1320 4947 1437 5006 per
1471 4930 1647 4991 viam
1682 4948 1881 4992 unam
1916 4932 2314 5005 incederem,
2358 4949 2509 4992 cum
2544 4931 2707 4992 mihi
2743 4949 2850 4991 res
2885 4946 3016 4992 una
3049 4949 3178 4993 non
3212 4928 3623 5003 ostendatur,
3662 4933 3730 4988 et

713 5095 756 5161 ¹)
780 5095 864 5152 En
889 5097 1131 5154 alterum
1161 5098 1479 5157 innocentis
1506 5099 1706 5156 Adami
1748 5100 2134 5174 privilegium,
2225 5117 2391 5174 supra
2428 5099 2648 5158 dictum
2687 5106 2805 5164 est.
2846 5100 2944 5157 sed
2980 5118 3205 5160 carmen
3243 5100 3464 5157 audivit
3502 5099 3723 5168 angelo-

641 5183 742 5251 qui
778 5200 886 5240 non
917 5187 1097 5242 solum
1141 5203 1300 5242 voces
1339 5186 1667 5243 animalium
1710 5185 2020 5250 intellexit.
2073 5193 2135 5242 ut
2229 5200 2371 5243 rum.
2406 5221 2470 5229 ——
2498 5192 2542 5256 2)
2567 5195 2616 5245 et
2644 5193 2704 5246 in
2729 5206 2837 5260 quo
2862 5187 2953 5244 W.
