4036 6117
1377 463 1801 512 Exposl‘rlo
1847 465 2510 512 EVANoi-:Ltoaum
3294 448 3421 509 299

403 581 656 654 etitate,
710 585 770 638 et
807 580 1144 656 compelle,
1196 578 1511 640 videlicet
1543 581 1924 655 constringe
1974 581 2409 656 admonendo,
2461 585 2716 641 intrare
2752 583 2832 642 ad
2870 598 2996 655 me,
3051 582 3144 640 ita
3179 583 3250 638 ut
3298 578 3485 651 mihi,

402 672 840 759 consentiant,
891 691 965 742 ut
1014 685 1399 760 impleatur,
1455 683 1517 743 id
1550 691 1655 743 est
1702 689 1778 744 ut
1817 685 2011 760 plena
2056 682 2107 763 ¹)
2160 687 2249 744 sit
2297 686 2526 745 domus
2574 705 2722 745 mea
2770 686 3028 746 scilicet
3075 683 3489 742 desiderium

399 806 640 849 meum.
680 791 836 849 Dico
868 796 1113 862 autem,
1163 787 1472 847 videlicet
1506 789 1823 848 annuntio
1859 789 2051 849 vobis
2085 790 2199 865 qui
2232 804 2493 849 mecum
2528 790 2856 864 militatis,
2896 789 3066 866 quod
3097 804 3290 847 nemo
3321 788 3490 845 viro-

401 914 552 954 rum
589 896 877 968 illorum,
931 894 1190 953 scilicet
1223 894 1404 953 nulla
1454 894 1577 968 vi8‚
1615 897 1728 971 qui
1778 897 1983 954 vocati
2015 901 2195 969 sunt,
2249 893 2314 954 id
2348 900 2453 955 est
2487 895 2604 971 qui
2635 895 3054 955 vocationem
3086 881 3301 951 meam
3341 906 3493 949 con-

399 1004 835 1074 tempserunt,
872 1013 992 1057 nec
1041 997 1203 1057 mihi
1237 999 1613 1057 consentire
1661 998 2038 1075 voluerunt,
2087 998 2365 1077 qustabit
2415 999 2762 1075 tangendo.
2815 1018 3082 1060 coenam
3129 1014 3364 1069 meam,
3421 994 3485 1054 id

399 1109 504 1161 est
552 1102 826 1161 delicias
861 1117 1066 1176 meaS,
1122 1102 1184 1161 in
1220 1102 1354 1161 ulla
1386 1102 1734 1161 dulcedine
1783 1108 1848 1161 et
1884 1104 2217 1162 suavitate
2268 1119 2567 1164 mearum
2601 1103 3316 1180 concupiscentiarum,
3370 1098 3485 1157 sed

403 1209 469 1265 in
504 1207 945 1267 amaritudine
980 1214 1046 1265 et
1077 1206 1306 1266 dolore
1340 1221 1455 1265 eos
1489 1222 1700 1280 usque
1738 1206 1803 1264 in
1835 1206 2032 1265 finem
2066 1208 2406 1267 exercebo,

1793 1446 2113 1554 XIX.

1191 1686 1272 1744 1η
1321 1688 1666 1745 nativitate
1721 1688 1946 1747 Sancti
1996 1688 2271 1748 Joannis
2325 1689 2683 1763 Baptistae.

1926 1880 1972 1939 1.

497 2088 847 2164 Elisabeth,
898 2088 949 2168 ²)
1003 2090 1067 2149 id
1101 2096 1206 2150 est
1254 2086 1439 2165 Abel,
1492 2091 1626 2150 Noe
1675 2096 1740 2150 et
1773 2090 2015 2164 Enoch,
2055 2096 2122 2149 et
2171 2091 2451 2150 aliorum
2498 2092 2859 2167 justorum,
2897 2092 3010 2167 qui
3048 2095 3200 2149 ante
3251 2089 3493 2165 Legem

403 2204 620 2271 erant,
656 2197 1007 2272 impletum
1038 2201 1133 2253 est
1183 2194 1265 2254 ad
1298 2193 1666 2270 perfectum
1717 2202 1998 2271 tempuS,
2040 2195 2103 2254 id
2139 2196 2241 2253 est
2274 2194 2681 2254 desiderium
2709 2194 3045 2271 pariendi,
3086 2194 3348 2252 scilicet
3381 2180 3495 2252 bo-

408 2317 492 2359 na
525 2316 727 2374 opera
777 2300 1019 2374 facere,
1056 2306 1118 2357 et
1164 2302 1423 2376 peperit
1461 2300 1886 2376 producendo
1920 2301 2157 2379 filium,
2196 2300 2509 2359 videlicet
2558 2300 3163 2372 circumcisionem,
3201 2300 3491 2374 primum

409 2404 676 2477 signum
712 2403 1110 2462 sanctitatis,

495 2506 576 2567 Et
611 2508 993 2581 audierunt,
1024 2508 1222 2566 vicini
1250 2507 1510 2566 scilicet
1544 2507 1766 2582 alieni,
1805 2508 1920 2567 sed
1958 2512 2181 2566 tamen
2218 2509 2283 2567 in
2307 2508 2502 2567 bonis
2530 2508 2906 2583 propinqui,
2944 2514 3005 2567 et
3035 2511 3292 2584 coquati
3323 2506 3492 2581 ejus,

405 2609 469 2668 id
504 2618 608 2669 est
641 2613 741 2669 eis
774 2610 1213 2670 adhaerentes
1250 2612 1313 2669 in
1341 2610 1572 2669 eadem
1599 2617 1817 2686 gente,
1853 2614 2010 2688 quia
2043 2613 2483 2690 maqnificavit
2519 2627 2638 2687 per
2671 2610 2957 2685 laudem,
2990 2612 3333 2684 Dominus,
3370 2610 3499 2670 sci-

410 2713 567 2772 licet
597 2712 772 2771 Deus
807 2713 874 2772 in
908 2711 1033 2771 hac
1065 2706 1439 2791 novitate,³)
1473 2714 1999 2774 misericordiam
2033 2733 2243 2788 suam,
2281 2713 2596 2773 videlicet
2630 2715 2895 2788 signum
2923 2713 3304 2772 sanctitatis
3350 2731 3499 2772 cum

406 2816 562 2888 illa,
618 2815 878 2873 scilicet
925 2814 1265 2891 prioribus
1315 2817 1603 2890 sanctiS‚
1663 2824 1724 2875 et
1776 2816 2407 2893 conqratulabantur
2454 2820 2547 2890 ei,
2596 2815 2861 2891 Justitia
2915 2814 3015 2874 eis
3062 2813 3217 2874 data
3274 2821 3379 2874 est
3429 2815 3493 2873 in

417 2919 948 2979 circumcisione.
1259 2985 1263 2989 .

495 3024 576 3083 Et
623 3024 880 3101 factum
912 3030 1006 3106 est
1060 3039 1368 3099 magnum
1406 3030 1900 3085 sacramentum
1949 3028 2022 3086 in
2058 3027 2162 3085 die
2211 3032 2450 3099 octavo,
2490 3025 2750 3085 scilicet
2785 3024 2851 3084 in
2886 3023 3339 3083 incarnatione
3373 3021 3499 3081 Do—

407 3127 590 3202 mini,
642 3143 813 3203 quae
860 3128 941 3186 de
990 3129 1498 3186 circumcisione
1548 3135 1695 3187 orta
1742 3134 1865 3204 est;
1916 3137 2240 3196 venerunt
2292 3131 2406 3206 qui
2459 3131 2524 3189 in
2558 3129 2730 3203 Lege
2773 3134 2983 3200 erant,
3024 3126 3496 3186 circumcidere

404 3250 715 3307 puerum,
771 3230 834 3289 id
869 3236 974 3290 est
1008 3231 1306 3291 volentes
1341 3237 1636 3290 veterem
1670 3232 1911 3308 Legem
1943 3233 2127 3307 dare,
2181 3239 2242 3291 et
2278 3232 2583 3292 vocabant
2633 3248 2785 3290 eum
2817 3232 3083 3289 nomine
3121 3229 3186 3288 in
3220 3229 3503 3286 circum-

408 3336 663 3394 cisione
681 3337 897 3412 patris
932 3337 1058 3409 sui,
1094 3334 1160 3394 id
1195 3341 1300 3394 est
1334 3336 1583 3395 veteris
1617 3336 1837 3410 LegiS,
1868 3338 2281 3410 Zachariam,
2314 3337 2406 3395 ita
2433 3334 2611 3411 quod
2639 3335 2949 3394 volebant
2976 3349 3126 3392 eum
3154 3332 3401 3392 babere
3426 3337 3500 3393 ut

417 3441 621 3500 alium
656 3439 993 3499 bominem
1028 3441 1109 3500 de
1143 3442 1288 3500 viro
1322 3446 1389 3500 et
1423 3443 1703 3501 muliere
1737 3450 1987 3503 natum.
2274 3434 2278 3437 ⁴

498 3549 578 3607 Et
614 3549 1018 3624 respondens
1050 3553 1265 3607 mater
1314 3544 1477 3622 eim,
1515 3554 1708 3608 vetus
1738 3548 2027 3624 justitia,
2065 3565 2236 3624 quae
2272 3555 2425 3624 ante
2457 3549 2697 3623 Legem
2734 3553 2901 3621 erat,
2939 3548 3112 3606 dixit
3147 3546 3503 3606 exhortan-

407 3651 512 3711 do:
566 3652 997 3730 Nequaquam
1032 3651 1478 3728 appellabitur
1526 3652 1991 3727 circumcisu8,
2043 3654 2156 3711 sed
2204 3652 2531 3713 vocabitur
2582 3652 2892 3726 JoanneS‚
2945 3651 3207 3710 scilicet
3254 3650 3497 3710 donum

413 3756 723 3816 donantis
755 3756 892 3815 Dei.
926 3751 974 3834 ⁴)

502 3864 585 3922 Et
634 3865 953 3922 diaeerunt
992 3862 1058 3920 in
1106 3862 1317 3920 veteri
1354 3862 1524 3936 Lege
1574 3862 1659 3920 ad
1693 3862 1913 3936 illam,
1965 3863 2228 3923 scilicet
2276 3862 2358 3922 ad
2410 3862 2563 3921 illos
2598 3863 2712 3938 qui
2746 3867 2900 3921 ante
2932 3862 3173 3937 Legem
3211 3861 3498 3923 fuerunt:

417 3968 588 4039 Quia
617 3985 831 4041 nem0,
871 3965 934 4024 id
970 3971 1073 4024 est
1108 3965 1364 4024 nullum
1402 3966 1775 4024 invenimus
1808 3969 1880 4026 in
1931 3970 2312 4043 coquatione
2359 3972 2499 4040 tua,
2536 3966 2851 4025 videlicet
2887 3965 2952 4023 in
2986 3966 3346 4023 sanctitate
3384 3964 3499 4024 illa

414 4087 546 4145 qua
593 4070 1008 4129 sanctificata
1041 4084 1139 4144 ee,
1191 4075 1257 4127 et
1292 4065 1368 4151 inss
1400 4086 1531 4144 qua
1564 4086 1684 4130 nos
1736 4072 2137 4130 sanctificati
2171 4087 2426 4145 sumuS,
2481 4073 2594 4150 qui
2626 4076 2891 4129 vocetur
2924 4067 3052 4130 hoc
3086 4069 3351 4128 nomine
3386 4085 3500 4128 no-

418 4191 543 4234 vae
575 4175 852 4249 gratiae.

511 4277 885 4338 Innuebant
920 4285 1144 4337 autem
1172 4279 1353 4353 patri
1403 4275 1567 4352 ejus,
1609 4276 1674 4336 id
1723 4282 1829 4336 est
1865 4279 2343 4338 scrutabantur
2374 4277 2796 4354 prophetiam
2832 4293 3004 4353 quae
3039 4278 3105 4338 in
3140 4279 3353 4338 veteri
3388 4280 3505 4338 Le·-

416 4397 498 4457 ge
545 4387 721 4456 erat,
774 4400 968 4458 quem
1014 4381 1209 4439 vellet
1258 4383 1476 4440 vocari
1538 4399 1712 4455 eum,
1765 4382 2024 4441 scilicet
2082 4398 2254 4458 quae
2304 4382 2417 4442 illa
2466 4398 2670 4442 causa
2721 4382 3199 4442 incarnationis
3245 4382 3505 4444 Domini

421 4491 621 4546 esset.

509 4589 593 4648 Et
635 4588 981 4664 postulans
1016 4590 1395 4664 quaerendo
1438 4590 1865 4665 pupillarem,
1903 4605 2134 4650 omnes
2185 4590 2632 4650 involutiones
2681 4589 3202 4666 Scripturarum,
3241 4592 3502 4666 scripsit

421 4694 672 4752 dicens:
728 4693 1014 4753 Joannes
1061 4699 1155 4752 est
1205 4710 1444 4752 nomen
1478 4690 1650 4767 ejus,
1703 4695 1861 4770 quia
1910 4695 2308 4754 invenerunt
2355 4694 2531 4770 quod
2564 4708 2805 4754 nomen
2851 4693 2999 4770 ejus
3031 4699 3214 4754 esset
3260 4693 3508 4754 donum

422 4795 817 4855 salvationis
869 4795 1138 4854 humani
1187 4796 1471 4870 generis,
1526 4798 1606 4857 Et
1656 4799 1883 4857 mirati
1939 4805 2095 4857 sunt
2146 4798 2214 4857 in
2269 4800 2541 4874 stupore
2597 4800 2916 4872 universi,
2976 4799 3234 4857 scilicet
3291 4799 3507 4858 omnis

424 4905 736 4958 creatura
770 4899 1117 4973 obstupuit
1153 4900 1216 4958 in
1252 4899 1377 4959 his.

502 5119 542 5184 Ι)
567 5119 786 5190 plenum
814 5123 884 5176 sit-
927 5119 1001 5176 id.
1035 5152 1098 5160 —--
1128 5121 1172 5188 ²)
1201 5121 1331 5177 Luc.
1369 5121 1414 5185 Ι.
1444 5125 1512 5177 57
1541 5155 1556 5161 ·
1586 5127 1670 5178 68.
1702 5153 1756 5160 -
1792 5122 1836 5190 ³)
1862 5121 1898 5177 s.
1932 5127 2235 5181 nativitate.
2271 5156 2329 5164 -
2363 5124 2404 5192 ⁴)
2434 5123 2549 5180 sive
2577 5126 2763 5195 qratia
2788 5120 2914 5186 Dei,
2943 5127 3005 5177 ut
3038 5120 3183 5177 infra
3210 5119 3449 5193 plenius.
