4036 6117
680 501 768 561 28
1728 528 1731 531 ¹
1831 519 1884 565 s.
1944 517 2506 567 mnnnoanms

604 633 757 694 sint.
809 632 970 693 Nam
1020 634 1327 710 quamvis
1376 634 1574 694 homo
1622 636 1807 695 velut
1856 652 2047 696 mons
2083 638 2149 697 in
2184 638 2465 697 scientia
2498 653 2623 697 sua
2656 637 2777 712 sit,
2815 636 3131 713 quoniam
3164 635 3234 697 in
3267 634 3551 697 scientia
3583 649 3719 697 sua

611 741 676 799 in
724 738 1184 798 excellentiam
1232 745 1387 816 post
1433 739 1640 799 Deum
1692 740 2013 816 ascendit,
2069 757 2430 817 supernum
2483 746 2706 801 tamen
2755 744 3044 801 montem
3075 788 3092 816 ,
3141 756 3265 800 nec
3297 743 3720 817 superiorem

607 846 867 920 partem
914 841 1214 919 ejusdem
1249 844 1494 902 montis
1527 859 1699 920 quae
1734 845 2054 904 scientiae
2093 845 2211 904 Dei
2243 851 2369 919 est,
2406 846 2631 905 nullus
2669 844 2866 905 homo
2897 843 3096 921 vidit,
3132 859 3257 904 nec
3286 844 3448 904 illuc
3480 858 3725 903 ascen·-

612 948 743 1022 dit,
794 962 918 1007 nec
965 946 1112 1022 ejus
1146 962 1393 1007 arcana
1425 948 1600 1007 scire
1633 949 1901 1024 poterit,
1936 964 2061 1008 nec
2094 950 2296 1008 etiam
2332 949 2599 1008 illorum
2635 949 2752 1026 qui
2777 949 2846 1008 in
2878 951 3236 1024 conspectu
3269 948 3416 1023 eJus
3449 960 3723 1022 semper

613 1052 965 1111 assistunt.
1000 1050 1123 1109 Sed
1159 1050 1431 1126 quidam
1464 1051 1734 1111 illorum
1768 1052 1884 1128 qui
1919 1053 1984 1111 in
2017 1057 2381 1128 conspectu
2415 1051 2533 1111 Dei
2568 1068 2833 1128 semper
2866 1053 3053 1127 sunt,
3089 1068 3210 1128 per
3241 1051 3604 1128 prophetas
3637 1064 3722 1108 ac

604 1172 728 1233 per
775 1155 947 1214 alios
979 1153 1306 1230 quosdam
1355 1161 1625 1214 sanctos
1674 1156 1789 1231 qui
1825 1156 1892 1214 in
1926 1156 2182 1231 Spiritu
2215 1155 2456 1215 Sancto
2489 1155 2832 1231 viderunt,
2867 1154 3192 1215 nominati
3226 1156 3404 1228 sunt;
3440 1151 3718 1230 quidam

613 1264 840 1319 autem
886 1257 1211 1317 nominati
1259 1273 1393 1317 non
1440 1263 1624 1333 sunt,
1676 1259 1793 1335 qui
1840 1259 2046 1318 etiam
2094 1258 2428 1319 modicum
2475 1259 2557 1319 de
2592 1260 2760 1335 ipsis
2793 1259 3261 1336 loquebantur,
3295 1257 3452 1317 dum
3485 1256 3720 1317 divina

619 1360 977 1438 inspiratio
1011 1376 1127 1421 eos
1160 1360 1405 1437 tetigit,
1444 1361 2000 1437 quemadmodum
2039 1378 2158 1439 per
2189 1362 2469 1422 Paulum
2504 1362 2898 1439 Apostolum
2932 1362 3261 1438 scriptum
3290 1364 3396 1421 est
3423 1354 3494 1440 ¹).

2040 1565 2298 1629 XLVII.

1794 1776 1994 1837 Verba
2043 1777 2248 1839 Pauli
2293 1796 2559 1839 arcana.

704 1987 813 2048 60.
852 2005 885 2046 α
917 1984 1155 2047 Audivi
1190 2001 1433 2045 arcana
1465 1984 1693 2060 verba,
1729 2000 1902 2062 quae
1933 2002 2065 2046 non
2095 1985 2253 2045 licet
2286 1985 2536 2046 homini
2572 1986 2774 2062 loqui.
2808 2004 2839 2042 »
2880 1985 3088 2061 Cujus
3122 2000 3362 2045 sensus
3394 1983 3552 2043 talis
3583 1986 3720 2042 est.

617 2094 701 2154 Ut
725 2108 842 2152 cor
864 2090 1011 2166 ejus
1041 2089 1270 2149 multis
1294 2094 1362 2148 et
1387 2090 1647 2164 magnis
1675 2090 2020 2150 miraculis
2048 2089 2370 2163 infusum,
2400 2088 2927 2165 confortaretur,
2963 2091 3031 2149 et
3061 2095 3136 2149 ut
3160 2088 3313 2148 aliis
3338 2102 3418 2147 ex
3449 2086 3576 2146 hoc
3610 2099 3730 2145 ae-

615 2198 1062 2258 dificationem
1095 2196 1424 2255 virtutum
1455 2194 1848 2269 largiretur,
1888 2195 2231 2272 praecepit
2278 2210 2524 2255 arcana
2570 2195 2779 2254 verba
2825 2200 2893 2254 et
2923 2193 3438 2270 praescientiam
3472 2190 3729 2251 haben-

616 2303 735 2377 tia,
769 2316 943 2378 quae
976 2298 1362 2359 hominibus
1391 2297 1785 2358 abscondita
1819 2304 1992 2359 sunt:
2031 2315 2151 2375 per
2183 2314 2413 2375 quem,
2449 2299 2559 2359 vel
2593 2316 2631 2359 a
2664 2315 2819 2376 quc,
2856 2299 2964 2358 vel
2998 2312 3205 2374 quare
3237 2294 3722 2374 processerint,

615 2408 724 2466 vel
759 2405 986 2482 qualia
1020 2401 1305 2477 fuerint,
1336 2401 1444 2462 vel
1479 2417 1677 2477 quem
1713 2394 1980 2463 modum
2014 2403 2399 2464 habuerint.
2430 2402 2614 2463 Sicut
2646 2403 2821 2463 enim
2856 2401 3186 2463 Divinitas
3218 2402 3302 2462 ab
3334 2398 3726 2462 hominibus

621 2510 866 2570 intueri
914 2524 1047 2568 non
1092 2512 1339 2583 potest,
1390 2507 1488 2566 sic
1534 2521 1658 2565 nec
1706 2507 1842 2566 ista
1887 2508 2095 2567 verba
2125 2508 2456 2584 quomodo
2490 2508 2558 2567 in
2589 2505 3070 2567 vociferatione
3101 2506 3312 2581 vociS,
3348 2511 3417 2565 et
3447 2518 3731 2581 quomo-

618 2614 705 2674 do
752 2614 823 2673 in
870 2612 1056 2673 sonis
1105 2609 1377 2670 laudum
1427 2610 1898 2685 mysteriorum
1947 2611 2066 2671 Dei
2113 2612 2375 2689 prolata
2425 2612 2590 2685 sint,
2639 2627 2771 2672 non
2821 2612 2977 2671 licet
3021 2607 3071 2690 ²)
3109 2609 3361 2670 homini
3393 2607 3726 2685 proferre,

622 2718 782 2794 quia
829 2715 1096 2777 omnino
1144 2713 1214 2774 in
1264 2713 1545 2773 secretis
1594 2719 2009 2775 secretorum
2061 2716 2416 2791 spirituum
2455 2721 2649 2789 sunt,
2700 2721 2768 2775 et
2800 2715 3114 2791 quoniam
3150 2713 3347 2774 homo
3395 2712 3464 2772 in
3520 2724 3731 2770 carne

629 2821 888 2881 alienus
923 2818 1006 2880 ab
1039 2817 1181 2877 illis
1207 2822 1337 2878 est.

2031 3021 2312 3089 XLVIII.

1456 3235 1551 3297 De
1599 3234 1759 3295 bono
1801 3238 2338 3313 perseverantiae
2387 3244 2450 3297 et
2500 3240 2894 3300 sanctitatis,

715 3442 821 3506 61.
872 3443 1057 3517 Quod
1089 3448 1315 3503 autem
1346 3440 1565 3516 videS,
1601 3443 1777 3518 quod
1813 3450 2055 3504 ventus
2089 3441 2206 3520 qu'i
2237 3444 2648 3520 praedictam
2679 3442 3020 3505 turbidam
3050 3443 3296 3504 nubem
3325 3436 3375 3522 ³)
3409 3457 3613 3519 super
3646 3456 3726 3503 se

625 3549 848 3625 habet,
898 3564 1044 3608 eam
1096 3563 1323 3607 secum
1375 3546 1459 3607 ab
1506 3547 1752 3606 Austro
1801 3546 1886 3606 ad
1920 3546 2343 3607 Occidentem
2376 3547 2692 3624 extendit,
2729 3547 2859 3608 hoc
2888 3553 2994 3607 est
3027 3546 3202 3624 quod
3227 3545 3515 3622 justitia,
3549 3547 3729 3606 mul·-

623 3656 710 3715 tis
758 3651 1307 3713 tribulationibus
1354 3650 1620 3711 turbida
1667 3667 1872 3727 opera
1921 3650 2266 3712 hominum
2317 3651 2678 3727 sufferenS,
2726 3651 2844 3712 illa
2879 3666 3107 3711 secum
3140 3649 3225 3711 ab
3258 3650 3528 3725 Austro,
3563 3663 3724 3709 cum

618 3758 710 3817 ibi
758 3757 828 3816 in
873 3753 1282 3832 perfectione
1331 3753 1482 3813 fidei
1512 3753 1773 3830 ardent,
1806 3754 1889 3815 ad
1924 3754 2119 3815 finem
2154 3755 2721 3832 perseverationis
2752 3754 2958 3829 ducit,
2993 3759 3070 3814 ut
3103 3753 3408 3813 homines
3439 3750 3724 3814 Diabolo

626 3864 1097 3938 repugnantes,
1147 3859 1217 3917 in
1264 3858 1436 3918 bono
1484 3864 1939 3934 perseverent,
1991 3866 2062 3919 et
2104 3861 2174 3921 in
2207 3860 2564 3920 sanctitate
2596 3859 2729 3920 Deo
2762 3860 3019 3920 vivant.
3047 3858 3128 3919 Et
3160 3856 3502 3934 longitudo
3536 3872 3616 3917 ac
3651 3856 3751 3917 la·-

620 3963 835 4027 titudo
881 3962 1183 4038 ejusdem
1231 3960 1427 4021 nubis
1474 3961 1660 4020 velut
1693 3962 1917 4038 platea
1949 3969 2077 4038 est,
2116 3981 2287 4040 quae
2321 3979 2482 4040 prae
2514 3963 2951 4040 amplitudine
2986 3980 3109 4025 sua
3142 3962 3430 4022 humano
3463 3960 3729 4022 intelle-

617 4074 727 4127 ctu
777 4066 925 4142 capi
971 4079 1104 4124 non
1151 4069 1396 4140 potest,
1447 4064 1761 4141 quoniam
1795 4067 2093 4126 extensio
2128 4073 2195 4126 et
2227 4067 2495 4128 diffusio
2529 4067 2855 4128 bonorum
2891 4083 3169 4145 operum
3201 4072 3270 4127 et
3302 4065 3723 4142 amplexione

623 4179 689 4231 et
736 4169 1088 4231 dilectione
1135 4170 1461 4229 virtutum
1511 4173 1699 4229 tanta
1730 4174 1873 4245 est,
1909 4169 2086 4246 quod
2119 4172 2513 4247 propagatio
2546 4186 2777 4232 earum
2809 4167 2858 4250 ⁴)
2893 4188 3011 4231 cor
3041 4169 3408 4231 humanum
3438 4167 3722 4229 excedit.

2006 4371 2318 4438 XLVIIII.

1686 4586 1780 4648 De
1828 4586 2164 4648 beatorum
2208 4589 2670 4649 mansionibus.

712 4793 818 4856 62.
869 4791 942 4854 In
990 4793 1220 4855 eadem
1272 4801 1496 4855 autem
1528 4796 1733 4869 nube,
1770 4796 2059 4856 maxima
2092 4797 2449 4858 multitudo
2484 4799 2858 4872 beatorum,
2895 4802 2963 4856 et
2999 4797 3114 4873 qui
3145 4811 3377 4856 omnes
3412 4795 3724 4872 spiritum

620 4900 798 4960 vitae
847 4898 1114 4974 habent,
1164 4905 1232 4959 et
1265 4916 1434 4975 quos
1466 4915 1659 4959 nemo
1693 4900 2118 4960 dinumerare
2150 4906 2391 4976 potest:
2431 4902 2587 4978 quia
2621 4903 2690 4961 in
2723 4901 2942 4962 beatis
2976 4900 3438 4961 mansionibus
3472 4899 3726 4960 anima-

701 5068 744 5133 ¹)
775 5073 822 5123 1.
854 5066 978 5123 Cor.
1009 5066 1143 5130 ΧΠ,
1174 5072 1224 5126 4.
1257 5101 1322 5110 ·-
1346 5071 1566 5127 audivit
1590 5087 1799 5127 arcana
1824 5070 1915 5123 W.
2283 5069 2326 5136 ³)
2368 5071 2559 5126 nubem
2600 5072 2942 5127 turbidam...
2997 5086 3131 5129 mox
3181 5038 3403 5128 tur'bida
3444 5072 3722 5128 uomitum

621 5174 631 5185 ·
694 5154 740 5222 2)
770 5171 879 5210 non
905 5155 1065 5211 licent
1089 5154 1179 5210 W.
2209 5175 2374 5230 opem
2399 5155 2466 5212 Α,
2499 5188 2564 5199 ...
2593 5157 2636 5224 4)
2664 5174 2848 5214 mm
2873 5154 2939 5212 Α,
