4036 6117
1299 554 1356 601 11
1419 549 1656 601 Lini-:n
1719 556 1920 601 vri-,t
1978 555 2460 602 iii-:nironun
3262 540 3347 599 93

325 667 718 736 charitatem
770 675 1031 752 affligit,
1083 692 1231 735 cum
1284 693 1486 753 opera
1534 675 1679 750 ejus
1729 675 1897 750 odit,
1951 678 2016 734 et
2065 692 2216 734 cum
2252 676 2603 734 veritatem
2639 674 2722 733 ad
2756 673 3173 733 mendacium
3206 673 3411 749 ponit.

323 773 493 840 Idem
544 782 749 840 etiam
801 781 998 840 homo
1052 782 1116 840 in
1167 780 1678 840 amaritudinem
1717 780 1900 839 illam
1936 796 2006 838 se
2045 780 2344 854 involvit,
2382 778 2559 856 quod
2596 778 2802 838 vitam
2838 779 3159 855 operibus
3192 778 3432 839 mortis

317 882 556 957 vendit,
608 891 676 942 et
725 884 899 960 quod
952 885 1261 959 poculum
1300 885 1537 943 mortis
1572 882 1762 958 bibit,
1800 889 1865 942 et
1899 883 2077 960 quod
2109 884 2175 942 in
2209 882 2360 943 dolo
2395 882 2874 942 sciscitationis
2911 881 3209 959 inquirit,
3246 898 3411 959 quo-

313 987 501 1046 modo
529 1004 1069 1064 unamquamque
1097 1005 1235 1047 rem
1264 987 1741 1063 apprehendat,
1763 994 1830 1047 et
1855 986 2187 1063 quomodo
2213 1003 2360 1046 eam
2389 985 2752 1046 secundum
2773 986 3183 1045 voluntatem
3211 1000 3403 1044 suam

310 1099 371 1148 et
416 1089 677 1151 dividat
712 1095 778 1151 et
812 1091 1147 1167 reprobet.
1187 1092 1376 1151 Hunc
1408 1106 1674 1168 quoque
1707 1090 2043 1151 hominem
2081 1090 2413 1151 interdum
2446 1090 2713 1163 occidit,
2751 1089 2946 1166 cujus
2978 1087 3405 1149 defensorem

310 1210 376 1252 se
400 1210 555 1253 esse
583 1195 1011 1271 repromittit.
1032 1194 1214 1255 Unde
1240 1211 1368 1254 non
1402 1196 1710 1270 seminat,
1739 1195 1917 1271 quod
1954 1197 2018 1255 in
2054 1195 2179 1255 ssde
2217 1201 2284 1254 et
2318 1195 2608 1255 utilitate
2642 1196 2871 1267 metat;
2908 1208 3030 1252 nec
3066 1192 3133 1252 in
3164 1191 3407 1251 horrea

305 1306 687 1374 congregat,
739 1298 917 1375 quod
963 1299 1140 1359 Deus
1191 1300 1346 1358 filiis
1397 1300 1540 1358 suis
1589 1300 1952 1376 dispensat;
1991 1299 2107 1359 sed
2141 1300 2460 1374 operibus
2495 1299 2562 1358 in
2596 1298 2843 1375 quibus
2876 1297 3185 1373 nequiter
3219 1294 3402 1355 labo-

308 1404 425 1475 rat,
480 1402 616 1462 sibi
665 1402 886 1464 dirum
934 1402 1256 1479 gemitum
1307 1404 1714 1478 accumulat;
1766 1419 1885 1462 nec
1932 1404 2253 1479 gaudium
2284 1405 2465 1464 vitae
2497 1403 2861 1473 desiderat,
2904 1401 3124 1462 sedin
3155 1399 3404 1476 ample-

301 1505 486 1564 xione
539 1522 668 1566 sua
703 1508 996 1569 laborem
1032 1507 1284 1567 doloris
1320 1507 1555 1581 habet,
1593 1509 1661 1567 in
1693 1525 1823 1584 quo
1857 1508 2064 1568 Deum
2100 1525 2232 1568 non
2268 1509 2553 1569 invocat.
2590 1508 2773 1569 Haec
2806 1513 3031 1567 autem
3062 1505 3143 1566 de
3176 1503 3401 1580 poeni-

297 1610 577 1670 tentium
628 1612 980 1672 animabus
1028 1612 1395 1688 purgandis
1444 1618 1511 1671 et
1556 1612 1897 1672 salvandis
1933 1613 2115 1673 dicta
2150 1620 2329 1687 sunt,
2365 1619 2433 1672 et
2468 1613 2689 1673 fidelia
2726 1617 2905 1686 sunt,
2940 1616 3008 1670 et
3042 1609 3256 1670 fidelis
3291 1607 3397 1667 his

301 1714 621 1789 attendat,
659 1721 726 1774 et
759 1732 837 1775 ea
875 1717 938 1799 in
974 1718 1366 1776 memoriam
1404 1718 1616 1777 bonae
1652 1718 1972 1777 scientiae
2007 1724 2381 1794 componat.

379 1818 480 1876 75.
537 1818 619 1878 Et
671 1819 805 1878 vidi
855 1821 1026 1880 alios
1074 1820 1417 1896 praefatae
1468 1818 1917 1881 multitudinis
1970 1822 2272 1897 spirituS,
2310 1823 2426 1898 qui
2460 1820 3009 1881 vociferabantur
3055 1815 3390 1875 dicentes:

303 1942 326 1974 ι
367 1921 638 1981 Lucifer
683 1923 937 1999 majora
970 1930 1036 1983 et
1069 1908 1262 2000 plu'ra
1297 1925 1623 1984 miracula
1656 1927 1722 1985 in
1757 1942 1830 1985 se
1865 1925 2065 1985 habet
2100 1942 2301 2002 quam
2336 1926 2402 1984 in
2435 1925 2568 1985 Deo
2603 1926 2754 1985 sint.
2783 1923 2944 1995 Quis
2977 1919 3242 1981 Lucifer
3276 1918 3389 1990 sit,

303 2043 329 2078 »
366 2027 662 2099 scimuS,
715 2027 921 2086 alium
969 2035 1193 2088 autem
1242 2027 1451 2087 Deum
1498 2030 1828 2089 nolumuS.
1874 2050 1904 2086 ι
1960 2030 2079 2090 Isti
2115 2029 2417 2089 homines
2452 2029 2533 2089 ad
2584 2029 2996 2104 impietatem
3045 2023 3396 2085 exhortan-

297 2129 416 2201 tur,
454 2145 663 2204 quam
699 2147 938 2206 magno
976 2133 1080 2190 sui
1115 2133 1540 2208 detrimentO,
1579 2134 1693 2210 qui
1729 2151 1873 2193 eam
1910 2134 2219 2210 diligunt,
2258 2135 2624 2193 imitantur.

1729 2360 1970 2419 LXIIII.

1456 2554 1549 2611 De
1594 2570 1812 2628 poena
1857 2557 2232 2631 impiorum.

368 2747 466 2815 76.
525 2756 603 2815 Et
655 2772 967 2832 magnum
1024 2758 1240 2833 ignem
1291 2760 1452 2834 vidi,
1491 2762 1686 2836 igneo
1728 2768 1790 2822 et
1847 2763 2143 2822 fervente
2180 2764 2475 2839 plumbo,
2530 2763 2851 2841 sulphure
2886 2776 3151 2838 quoque
3188 2760 3390 2820 inter·-

286 2860 479 2919 mixto
553 2867 768 2919 totum
818 2861 1283 2938 inundantem,
1337 2881 1415 2923 ac
1461 2881 1654 2925 omne
1704 2882 1914 2941 genus
1965 2869 2293 2927 vermium
2347 2869 2692 2944 igneorum
2759 2867 2827 2926 in
2876 2882 2948 2925 se
3006 2865 3380 2924 habentem.

285 2963 557 3022 Animae
607 2971 831 3024 autem
882 2981 1052 3041 quae
1107 2967 1166 3024 in
1218 2969 1613 3043 corporibus
1649 2972 1793 3030 suis
1829 2972 2243 3046 impietatem
2282 2973 2581 3032 imitatae
2618 2977 2796 3045 sunt,
2833 2968 3067 3046 poenis
3104 2969 3253 3029 istis
3288 2965 3384 3026 af-

283 3067 702 3142 fligebantur,
758 3070 847 3127 ita
897 3069 1075 3146 quod
1108 3072 1192 3131 ob
1225 3074 1592 3147 nequitiam
1626 3074 1924 3150 ejusdem
1964 3078 2350 3152 impietatis,
2394 3077 2705 3137 ardorem
2739 3075 2910 3149 ignis
2944 3072 3146 3149 hujus
3181 3071 3383 3131 habe-

291 3170 470 3246 bant,
529 3179 597 3232 et
630 3172 805 3249 quod
840 3173 927 3233 ob
962 3175 1452 3250 importabilem
1487 3179 2052 3252 ponderositatem
2087 3182 2299 3255 ipsius
2348 3181 2614 3240 fervens
2647 3179 2994 3256 plumbum
3028 3175 3372 3253 patieban-

284 3280 410 3349 tur;
445 3281 524 3335 et
554 3276 734 3352 quod
767 3277 852 3337 ob
888 3277 1408 3353 indignationem
1442 3298 1573 3357 qua
1606 3287 1911 3344 caeteros
1945 3289 2508 3362 contempserant,
2548 3283 2869 3360 sulphure
2906 3280 3371 3357 puniebantur;

285 3384 344 3436 et
374 3378 559 3455 quod
594 3380 678 3440 ob
713 3379 1006 3442 furorem
1042 3399 1241 3459 quem
1273 3379 1319 3463 ¹)
1375 3386 1438 3444 in
1470 3386 1704 3446 eadem
1748 3389 2092 3465 impietate
2127 3389 2577 3462 ostenderant,
2614 3404 2766 3448 cum
2800 3385 3102 3447 homines
3137 3397 3378 3459 cogno-

287 3498 466 3543 scere
497 3484 873 3560 noluerant,
913 3485 1189 3547 horrore
1222 3489 1608 3550 eorumdem
1643 3493 1970 3552 vermium
2007 3493 2511 3570 torquebantur.
2539 3492 2619 3553 Et
2650 3508 2772 3569 per
2800 3491 3137 3550 viventem
3170 3485 3375 3562 Spiri-

286 3587 414 3646 tum
447 3587 617 3663 vidi,
654 3594 723 3648 et
766 3590 1059 3650 intellexi
1096 3591 1278 3652 haec.
1323 3593 1400 3653 Et
1437 3594 1676 3655 iterum
1712 3597 1792 3655 de
1825 3597 2167 3671 praedicta
2202 3599 2467 3658 vivente
2502 3598 2648 3658 luce
2684 3595 2909 3656 audivi
2941 3607 3178 3653 vocem
3208 3588 3374 3651 mihi

284 3686 634 3751 dicentem:
673 3691 851 3752 Haec
884 3710 1044 3753 vera
1079 3703 1252 3755 sunt.

1742 3907 1917 3972 LXV.

1339 4121 1430 4180 De
1474 4125 1893 4197 poenitentia
1938 4127 2316 4203 impiorum.

363 4315 470 4378 77.
523 4318 650 4379 Sed
700 4313 1004 4383 homines
1052 4326 1169 4401 qui
1218 4342 1419 4401 opera
1470 4330 1837 4405 impietatis
1872 4333 1938 4394 in
1974 4351 2048 4395 se
2082 4340 2384 4409 sumunt,
2423 4338 2479 4396 si
2515 4333 2974 4413 suggestiones
3008 4334 3364 4409 spirituum

278 4418 510 4482 horum
561 4429 629 4483 et
676 4425 968 4499 pericula
1022 4442 1386 4502 poenarum
1437 4435 1700 4495 illarum
1747 4432 1798 4514 ²)
1833 4438 2117 4499 evadere
2154 4440 2552 4515 studuerint,
2584 4440 2857 4517 jejuniis
2891 4442 2960 4501 et
2991 4437 3367 4499 afflictioni-

280 4522 395 4635 bus
447 4543 806 4603 corporum
856 4545 1152 4608 suorum,
1199 4535 1387 4609 juxta
1437 4537 1500 4597 id
1550 4539 1724 4614 quod
1767 4541 1949 4616 juste
1986 4560 2024 4601 a
2061 4545 2434 4605 rectoribus
2471 4546 2609 4605 suis
2642 4545 2806 4621 ipsis
2839 4543 3358 4615 demonstratur,

282 4630 608 4705 insistant,
648 4633 964 4707 quoniam
998 4635 1286 4711 plurima
1320 4656 1523 4716 opera
1560 4643 1759 4720 impie
1794 4652 2171 4720 gesserunt.

346 4859 384 4923 ι)
410 4863 654 4930 surm-em
680 4881 822 4935 quae
847 4863 916 4928 A.
945 4885 1110 4939 quam
1137 4870 1225 4926 W.
1274 4904 1339 4911 —-
1366 4873 1411 4937 ²)
1432 4890 1732 4945 poenarum
1756 4878 1981 4934 istorum
2006 4878 2087 4935 sic
2115 4880 2204 4937 W.
