4036 6117
749 480 878 542 454
1936 504 1990 551 s.
2042 505 2582 555 nunecAnms

1747 738 1899 800 LXI.
1951 742 2043 801 De
2097 749 2319 803 sancto
2370 745 2714 806 EuchariO.

757 929 840 1013 Ψ.
877 928 928 988 Ο
957 928 1268 1006 Euchari,
1305 931 1611 992 columba
1640 932 1960 994 virtutem
1988 935 2169 996 illius
2198 937 2479 1012 insignis
2517 937 2635 997 tibi
2670 937 2874 1011 dedit,
2912 938 3027 1012 qui
3053 937 3215 997 olim
3247 937 3311 996 in
3338 936 3563 997 medio
3594 942 3781 997 rotae

684 1034 1082 1110 clamitavit3
1135 1051 1333 1111 quem
1381 1052 1535 1095 cum
1585 1038 1871 1113 amplius
1904 1042 2346 1115 corporaliter
2393 1059 2522 1102 non
2574 1042 2824 1114 vidisti,
2863 1041 3056 1117 plena
3093 1042 3283 1117 signa
3321 1043 3385 1101 in
3426 1042 3678 1102 umbra
3713 1040 3784 1099 il-

693 1139 828 1198 lius
861 1138 1226 1214 perfecisti.

777 1232 855 1322 ᾖ.
906 1243 986 1304 Et
1013 1245 1112 1302 sic
1148 1245 1212 1304 in
1237 1248 1507 1321 pectore
1534 1247 1680 1322 ejus
1716 1246 1988 1322 fulsisti,
2028 1265 2106 1307 ac
2141 1250 2206 1308 in
2239 1250 2577 1311 Cherubin
2603 1252 2899 1326 sigillum
2930 1250 3170 1312 fecisti.
3200 1250 3427 1322 Quem.

1607 1459 1790 1519 LXII.
1846 1461 2209 1537 Sequentia
2256 1461 2335 1521 de
2389 1462 2451 1523 S.
2489 1464 2839 1524 EuchariO.

781 1650 834 1709 Ο
866 1649 1176 1727 Euchari,
1214 1652 1280 1710 in
1314 1652 1489 1712 laeta
1524 1653 1634 1712 via
1669 1653 2053 1729 ambulasti,
2084 1655 2196 1715 ubi
2227 1671 2376 1714 cum
2412 1655 2579 1715 Filio
2613 1655 2731 1715 Dei
2769 1656 3103 1732 mansisti,
3135 1657 3319 1717 illum
3350 1656 3685 1732 tangendo
3715 1661 3779 1715 et

693 1756 1019 1817 miracula
1051 1757 1197 1832 eJus
1233 1773 1405 1833 quae
1443 1756 1598 1816 fecit
1633 1756 1940 1818 vidend0.

784 1863 880 1922 Tu
913 1878 1062 1923 eum
1100 1863 1395 1941 perfecte
1433 1864 1698 1939 amasti,
1751 1880 1903 1924 cum
1960 1864 2227 1924 sodales
2263 1867 2359 1925 tui
2409 1867 2713 1927 exterriti
2746 1874 2959 1941 erant,
2997 1882 3115 1942 pro
3149 1883 3228 1928 eo
3263 1867 3436 1944 quod
3475 1867 3779 1928 homines

669 1972 883 2040 erant,
919 1983 1039 2026 nec
1072 1968 1591 2043 possibilitatem
1624 1968 1958 2028 habebant
1990 1968 2164 2028 bona
2197 1968 2494 2045 perfecte
2532 1971 2796 2031 intueri.

784 2071 878 2131 Tu
914 2074 1135 2132 autem
1170 2073 1234 2133 in
1270 2071 1529 2132 ardenti
1562 2089 1790 2132 amore
1824 2075 2060 2149 plenae
2094 2074 2468 2149 charitatis,
2500 2076 2687 2135 illum
2715 2075 3058 2150 amplexus
3092 2090 3189 2150 es,
3219 2090 3371 2134 cum
3398 2074 3774 2149 manipulos

671 2186 1181 2252 praeceptorum
1213 2179 1360 2255 ejus
1392 2179 1475 2239 ad
1513 2182 1574 2239 te
1611 2181 1959 2256 collegisti.

783 2281 834 2341 Ο
866 2282 1178 2358 Euchari,
1214 2284 1408 2343 valde
1441 2284 1677 2344 beatus
1716 2283 1902 2344 fuisti
1937 2301 2089 2344 cum
2122 2284 2408 2344 Verbum
2444 2283 2561 2344 Dei
2594 2287 2659 2345 te
2691 2286 2760 2344 in
2794 2287 2944 2360 igne
2977 2285 3327 2344 columbae
3363 2285 3628 2354 imbuit,
3665 2284 3771 2342 ubi

695 2394 768 2448 tu
802 2389 999 2464 quasi
1034 2404 1276 2448 aurora
1312 2388 1727 2450 illuminatus
1759 2406 1856 2465 eS,
1893 2392 1959 2449 et
1991 2390 2089 2449 sic
2125 2389 2625 2449 fundamentum
2659 2389 2997 2448 Ecclesiae
3031 2388 3425 2448 aedificasti.

784 2492 865 2551 Et
899 2492 966 2552 in
998 2499 1268 2568 pectore
1304 2495 1417 2554 tuo
1452 2500 1766 2556 coruscat
1797 2494 1964 2569 dieS,
2020 2495 2086 2554 in
2133 2509 2264 2570 quo
2300 2494 2430 2554 tria
2463 2494 2897 2554 tabernacula
2946 2507 3149 2569 super
3182 2506 3629 2552 marmoream
3674 2507 3778 2551 co-

702 2598 998 2659 lumnam
1034 2603 1215 2659 stant
1250 2599 1317 2658 in
1349 2599 1622 2661 civitate
1654 2598 1792 2660 Dei.

787 2701 912 2760 Per
944 2717 1022 2761 os
1058 2707 1245 2760 tuum
1294 2702 1592 2762 Ecclesia
1644 2703 1934 2762 ruminat
1981 2706 2177 2763 vetus
2226 2709 2292 2762 et
2340 2719 2586 2762 novum
2635 2703 2889 2776 vinum,
2927 2701 3242 2761 videlicet
3273 2702 3585 2777 poculum
3637 2717 3774 2760 san·

706 2806 985 2866 ctitatiS.

790 2907 917 2968 Sed
953 2910 1019 2968 in
1054 2915 1167 2969 tua
1199 2910 1508 2970 doctrina
1539 2911 1840 2971 Ecclesia
1872 2911 2111 2971 effecta
2146 2914 2251 2971 est
2284 2912 2655 2985 rationaliS,
2680 2913 2774 2970 ita
2806 2910 2983 2986 quod
3018 2926 3225 2986 supra
3259 2911 3517 2969 montes
3544 2909 3775 2968 clama-

698 3015 823 3091 vit,
859 3018 935 3075 ut
967 3014 1172 3075 colles
1206 3018 1273 3076 et
1306 3015 1486 3091 ligna
1519 3031 1592 3076 se
1623 3016 2060 3093 declinarent,
2098 3033 2177 3077 ac
2212 3017 2543 3077 mamillas
2579 3015 2761 3076 illius
2797 3021 3133 3091 sugerent.

785 3122 970 3181 Nunc
1003 3123 1070 3181 in
1105 3128 1217 3181 tua
1251 3122 1434 3182 clara
1467 3137 1654 3197 voce,
1689 3122 1930 3182 Filium
1963 3121 2080 3181 Dei
2115 3138 2232 3182 ora
2267 3138 2385 3197 pro
2424 3121 2549 3181 hac
2584 3120 2803 3196 turba,
2834 3136 2914 3179 ne
2950 3121 3017 3179 in
3051 3120 3495 3181 caeremoniis
3521 3118 3637 3179 Dei
3668 3119 3771 3178 de·

699 3230 900 3305 ficiat,
939 3228 1054 3289 sed
1091 3234 1164 3287 ut
1195 3229 1431 3288 vivens
1466 3228 1926 3289 holocaustum
1965 3234 2119 3287 ante
2154 3229 2364 3287 altare
2397 3227 2514 3286 Dei
2551 3227 2683 3287 fiat.

1498 3437 1714 3498 LXIII.
1770 3439 2130 3514 Sequentia
2176 3438 2255 3495 de
2306 3443 2527 3497 sancto
2578 3437 2960 3498 Maximino,

789 3631 1114 3691 Columba
1147 3633 1408 3707 aspexit
1442 3647 1559 3705 per
1590 3632 1924 3692 cancellos
1962 3631 2316 3706 fenestrae,
2355 3631 2467 3691 ubi
2518 3637 2669 3690 ante
2720 3631 2957 3691 faciem
2999 3629 3148 3705 ejus
3181 3629 3481 3689 sudando
3517 3628 3767 3688 sudavit

702 3739 1078 3800 balsamum
1111 3739 1192 3798 de
1228 3739 1445 3798 lucido
1480 3740 1852 3798 Maximino.

792 3843 990 3903 Calor
1024 3843 1190 3902 solis
1239 3844 1514 3917 exarsit,
1567 3846 1633 3902 et
1666 3843 1730 3901 in
1767 3843 2077 3902 tenebras
2114 3842 2548 3918 resplenduit;
2596 3840 2767 3902 unde
2802 3855 3065 3917 gemma
3095 3834 3139 3917 ¹)
3181 3841 3473 3899 surrexit
3511 3840 3576 3897 in
3612 3837 3771 3898 aedi-

701 3950 1008 4012 ficatione
1042 3950 1273 4025 templi
1307 3949 1653 4025 purissimi
1689 3948 1912 4009 cordis
1946 3949 2272 4007 benevoli.

789 4057 924 4115 Iste
973 4054 1180 4115 turris
1215 4055 1501 4126 excelsa,
1538 4054 1619 4113 de
1655 4054 1832 4128 ligno
1867 4053 2098 4113 Libani
2132 4059 2199 4112 et
2233 4054 2533 4129 cipresso
2574 4051 2769 4127 facta,
2811 4052 3144 4127 hyacinto,
3183 4055 3249 4109 et
3284 4048 3513 4108 sardio
3557 4053 3775 4107 ornata

701 4162 828 4234 est,
867 4158 1026 4219 urbs
1060 4158 1471 4234 praecellens
1505 4163 1687 4217 artes
1725 4158 2007 4216 aliorum
2044 4158 2398 4217 artificum.

792 4265 942 4340 Ipse
972 4265 1164 4323 velox
1200 4280 1438 4322 cervus
1473 4264 1773 4323 cucurrit
1815 4263 1895 4322 ad
1932 4263 2179 4322 fontem
2229 4264 2631 4339 purissimae
2682 4277 2917 4338 aquae,
2971 4261 3234 4321 fluentis
3283 4258 3365 4319 de
3417 4258 3774 4318 fortissimo

705 4369 949 4445 lapide,
988 4371 1102 4445 qui
1138 4369 1359 4429 dulcia
1394 4377 1698 4430 aromata
1733 4370 2063 4445 irrigavit.

795 4474 846 4533 O
881 4474 1328 4549 pigmentarii,
1365 4475 1477 4550 qui
1512 4476 1678 4535 estis
1715 4476 1778 4533 in
1814 4474 2221 4534 suavissima
2257 4473 2596 4533 viriditate
2634 4475 2978 4533 hortorum
3009 4474 3215 4550 regiS,
3245 4472 3687 4532 ascendentes
3726 4471 3778 4529 in

706 4580 940 4650 altum,
979 4580 1241 4654 quando
1279 4584 1582 4640 sanctum
1619 4581 2026 4640 sacrificium
2063 4581 2127 4639 in
2162 4579 2484 4640 arietibus
2521 4577 2921 4654 perfecistis

797 4684 978 4743 Inter
1010 4700 1131 4742 vos
1170 4682 1379 4759 fulget
1411 4685 1521 4744 hic
1554 4684 1816 4759 artifex,
1855 4686 2079 4762 paries
2113 4685 2367 4759 templi,
2404 4685 2518 4759 qui
2554 4684 2963 4746 desideravit
2989 4685 3132 4745 alas
3158 4683 3453 4760 aquilae,
3491 4683 3788 4743 osculan-

713 4793 797 4853 do
832 4791 1159 4851 nutricem
1197 4793 1589 4867 sapientiam
1625 4793 1691 4851 in
1725 4794 2021 4868 gloriosa
2059 4792 2464 4854 fecunditate
2498 4794 2862 4853 Ecclesiae.

775 4898 827 4956 O
861 4896 1233 4971 Maximine,
1274 4913 1462 4955 mons
1496 4904 1562 4955 et
1595 4899 1792 4956 vallis
1827 4914 1923 4969 eS,
1952 4900 2018 4957 et
2054 4899 2121 4957 in
2155 4904 2439 4974 utroque
2474 4899 2608 4958 alta
2643 4898 3020 4958 aedificatio
3066 4914 3376 4974 appareS,
3413 4898 3531 4957 ubi
3586 4897 3791 4971 capri·

708 5020 954 5063 cornus
989 5021 1140 5064 cum
1174 5004 1525 5080 elephante
1559 5005 1785 5077 exivit,
1823 5002 1872 5079 ²)
1909 5009 1975 5061 et
2011 5003 2338 5078 sapientia
2377 5005 2441 5063 in
2473 5004 2734 5063 deliciis
2774 5003 2914 5064 fuit.

784 5173 829 5241 ¹)
855 5179 1070 5247 qemina
1096 5177 1214 5236 cod.
1251 5210 1312 5217 —
1334 5181 1377 5245 ²)
1409 5178 1572 5233 Haud
1601 5179 1771 5235 semel
1801 5174 2165 5245 Hildcgardis
2186 5175 2513 5248 Capricorni
2541 5180 2596 5232 ct
2626 5191 2812 5232 rerum
2841 5176 3170 5249 physiologi
3198 5175 3487 5240 meminit,
3517 5174 3592 5231 cf.
3623 5191 3675 5245 p.
3703 5176 3751 5226 9.
