4036 6117
1321 532 1567 579 mmm
1615 532 1820 579 viria
1868 532 2363 580 nnm'ronuu.
2413 533 2471 577 P.
2522 530 2610 575 v1.
3301 513 3430 575 243

399 660 480 720 tu
526 656 767 720 Sancto
797 655 1368 732 germinaverunt,
1421 654 1513 714 ibi
1561 652 1936 728 fulminant,
1972 659 2043 713 et
2073 652 2260 714 velut
2305 652 2671 730 purissimo
2705 667 2868 712 auro
2917 653 2985 712 et
3017 652 3202 712 velut
3247 652 3495 728 pretio-

398 764 502 821 sis
533 760 870 837 lapidibus
919 775 998 818 ac
1033 757 1419 832 margaritis
1467 763 1534 816 et
1567 757 1879 817 omnibus
1925 757 2334 816 ornamentis
2368 761 2605 816 ornata
2637 755 2950 815 existunt.
2988 753 3113 815 Sed
3146 770 3498 816 ornamen-

397 868 471 925 ta
504 863 669 923 haec
701 863 782 923 de
814 877 1057 938 genere
1094 860 1309 921 factae
1343 861 1689 935 materiae,
1727 867 1799 920 ut
1832 860 2250 936 praedictum
2300 862 2426 933 est,
2477 874 2611 919 non
2646 863 2834 932 sunt,
2887 857 3002 918 sed
3047 875 3085 917 a
3130 857 3495 919 Divinitate

395 965 882 1026 diffunduntur.
918 964 1103 1024 Nunc
1137 968 1383 1037 autem,
1418 979 1458 1022 o
1491 962 1712 1038 bomo,
1751 963 1866 1038 qui
1898 963 1982 1023 de
2020 963 2179 1022 limo
2217 961 2437 1023 factus
2471 977 2570 1037 eS,
2606 960 2783 1021 Deus
2811 961 2878 1021 in
2910 961 3225 1038 operibus
3260 960 3396 1022 tuis
3430 964 3497 1022 te

394 1075 618 1143 ornat,
668 1068 736 1129 in
783 1067 1030 1144 quibus
1078 1067 1360 1127 insidias
1407 1067 1608 1143 primi
1664 1068 1883 1142 angeli
1939 1083 2245 1143 superae,
2283 1066 2399 1145 qui
2453 1068 2727 1142 propter
2781 1080 3097 1140 magnum
3153 1064 3483 1141 fulgorem

399 1190 602 1235 suum
634 1172 1007 1250 superbuit3
1033 1167 1079 1250 ¹)
1117 1171 1288 1232 unde
1320 1177 1388 1231 et
1419 1171 1490 1231 in
1522 1176 1738 1231 morte
1766 1171 2071 1247 sepultus
2097 1177 2224 1247 est,
2256 1172 2324 1231 in
2355 1188 2487 1248 qua
2512 1170 2688 1230 Deus
2714 1186 2868 1231 eum
2902 1170 3196 1246 reliquit,
3227 1169 3344 1229 secl
3379 1167 3497 1230 ho-

399 1280 649 1339 minem
683 1293 800 1351 per
847 1275 1285 1352 semetipsum
1322 1275 1620 1335 retraxit.
1655 1276 1735 1335 Et
1768 1276 2086 1351 quoniam
2119 1290 2397 1351 serpens
2433 1275 2770 1334 hominem
2804 1273 3193 1349 deceperat,
3231 1279 3301 1333 et
3334 1289 3498 1350 quo-

399 1382 584 1442 niam
641 1380 839 1441 homo
898 1380 965 1439 in
1021 1379 1668 1454 praevaricationem
1726 1394 1797 1438 se
1854 1384 2206 1454 posuerat,
2260 1378 2455 1439 homo
2506 1378 2624 1438 tali
2659 1378 2992 1438 velamine
3040 1383 3317 1453 opertus
3366 1379 3494 1452 est,

395 1483 581 1561 quod
631 1484 953 1559 mysteria
997 1482 1117 1542 Dei
1164 1481 1460 1557 perfecte
1508 1499 1639 1543 non
1687 1482 2073 1558 perspiciet,
2126 1482 2421 1559 quandiu
2454 1481 2690 1542 eodem
2723 1482 3053 1543 velamine
3103 1483 3323 1543 tectus
3370 1487 3496 1542 est.

391 1587 586 1649 Unde
616 1587 910 1664 quandiu
946 1592 1199 1647 rectam
1231 1584 1428 1646 fldem
1462 1585 1687 1662 babet,
1725 1586 1902 1647 Deus
1939 1587 2037 1647 illi
2085 1586 2411 1648 miracula
2445 1601 2568 1646 sua
2616 1586 2813 1661 quasi
2865 1582 3316 1646 fenestraliter
3342 1581 3394 1663 ²)
3430 1590 3498 1644 et

396 1694 601 1771 quasi
633 1709 754 1772 per
789 1693 1139 1769 speculum
1174 1690 1583 1754 manifestat.

1805 1903 2013 1963 XLIV.

1355 2112 1447 2171 De
1494 2111 1688 2189 falsis
1737 2112 2135 2172 daemonum
2182 2113 2549 2171 miraculis

495 2316 602 2379 66.
654 2315 997 2390 Quoddam
1044 2323 1270 2378 autem
1318 2333 1528 2393 genus
1579 2319 2024 2394 malignorum
2074 2320 2433 2396 spirituum
2467 2323 2592 2393 est,
2628 2317 2803 2394 quod
2853 2316 3156 2378 homines
3190 2318 3500 2395 decipere

394 2443 534 2487 non
581 2432 827 2502 potest,
864 2426 994 2485 nisi
1027 2440 1146 2501 per
1179 2425 1470 2502 aliquam
1508 2426 1980 2499 ostensionem3
2033 2427 2218 2485 velut
2249 2424 2539 2509 coeleste
2574 2424 2693 2498 sit,
2743 2426 2810 2483 et
2843 2423 3019 2484 sicut
3065 2421 3228 2482 illud
3265 2422 3502 2482 menti-

395 2541 536 2608 tur,
573 2550 726 2593 cum
758 2532 838 2593 de
872 2534 1158 2593 veritate
1185 2533 1503 2609 loquitur,
1542 2535 1641 2593 sic
1666 2540 1734 2594 et
1766 2534 2150 2594 bominibus
2181 2534 2351 2593 falsa
2384 2532 2698 2606 ostendit,
2730 2547 2900 2608 quae
2937 2534 3160 2591 tamen
3193 2529 3495 2589 homines

401 2638 473 2697 in
523 2637 861 2697 intellectu
898 2654 1020 2697 suo
1070 2652 1307 2712 capere
1343 2640 1659 2711 possunt,
1711 2644 2043 2713 quatenus
2079 2644 2262 2697 tanto
2316 2636 2579 2696 facilius
2613 2652 2730 2695 eos
2777 2635 3091 2711 decipiat,
3128 2649 3282 2694 cum
3330 2632 3497 2710 ipsis

396 2757 563 2801 vera
613 2741 946 2800 interdum
992 2740 1429 2802 demonstrat.
1493 2742 1910 2818 Quapropter
1965 2742 2082 2817 qui
2138 2742 2236 2800 eis
2288 2743 2355 2801 in
2389 2741 2513 2800 hoc
2563 2741 3014 2812 consentiunt,
3055 2739 3489 2813 seducuntur;

397 2845 519 2921 qui
550 2860 712 2905 vero
761 2844 1110 2904 attendunt
1141 2850 1207 2904 et
1256 2846 1654 2920 perquirunt
1687 2846 1846 2922 quid
1897 2846 2065 2921 ipsis
2100 2844 2515 2919 ostendatur,
2570 2843 2764 2903 facile
2798 2861 2926 2904 non
2975 2843 3241 2915 cadunt,
3281 2842 3396 2902 sed
3433 2843 3500 2902 in

403 2946 798 3008 fortitudine
845 2949 1156 3009 veritatis
1205 2948 1668 3025 persistenteS,
1723 2950 1874 3010 illos
1944 2950 2025 3009 de
2077 2966 2149 3008 se
2208 2949 2476 3025 fugant,
2529 2964 2680 3008 curn
2729 2964 3033 3024 quaeque
3090 2952 3500 3008 tentamenta

401 3067 644 3111 eorum
670 3051 995 3128 paulatim
1024 3051 1427 3113 examinant.

798 3469 979 3541 Quod
1025 3470 1375 3531 daemones
1422 3488 1556 3531 non
1606 3470 1972 3548 decipiunt,
2025 3472 2155 3530 nisi
2196 3489 2322 3547 per
2366 3470 2610 3548 salsam
2658 3473 3113 3533 ostensionem.

504 3677 611 3738 67.
651 3677 827 3738 Haec
855 3685 1078 3740 autem
1109 3675 1158 3760 ³)
1196 3697 1355 3740 vera
1406 3686 1584 3756 sunt,
1622 3686 1688 3738 et
1723 3679 1974 3738 homini
2009 3678 2166 3739 huic
2217 3695 2387 3756 quae
2423 3680 2704 3757 simplex
2736 3683 2863 3748 est,
2897 3676 2945 3761 ⁴)
2984 3682 3048 3741 in
3082 3682 3504 3744 diverticulis

402 3780 774 3841 verborum
823 3784 1156 3843 veraciter
1186 3778 1233 3862 ⁵)
1287 3790 1560 3843 ostensa
1595 3786 1771 3858 sunt,
1810 3783 1965 3858 quia
2001 3799 2122 3859 ego
2173 3784 2288 3859 qui
2322 3783 2403 3842 de
2437 3800 2725 3859 superno
2756 3780 2804 3864 ⁸)
2842 3786 3036 3845 Patre
3085 3787 3283 3862 exivi,
3320 3790 3388 3848 et
3420 3787 3500 3847 de

405 3889 633 3943 matre
667 3885 934 3959 Virgine
968 3886 1335 3946 viriditatis
1363 3901 1631 3945 carnem
1665 3887 1915 3961 accepi,
1942 3883 1990 3965 ⁷)
2029 3886 2331 3946 eamdem
2365 3887 2702 3946 hominem
2736 3887 2816 3947 ad
2852 3887 2978 3948 hoc
3005 3890 3405 3965 excribravi,
3437 3892 3510 3950 ut

407 3986 671 4064 absque
704 3977 1012 4064 expolitis
1047 3990 1273 4049 verbis
1307 3997 1372 4050 et
1407 3991 1551 4049 sine
1585 3990 1874 4049 humano
1909 3991 2298 4064 magisterio
2333 3992 2615 4065 prolatis
2664 3990 2828 4051 haec
2876 3992 3264 4067 denudaret,
3316 3999 3383 4052 et
3429 4009 3509 4053 ea

406 4090 673 4167 absque
710 4094 1121 4152 umbraculis
1155 4094 1514 4153 verborum
1562 4099 1792 4167 aperte
1825 4094 2180 4168 proferret,
2219 4101 2547 4170 quatenus
2582 4094 2859 4153 scientia
2892 4096 3243 4155 scientium
3274 4090 3325 4174 ⁸)
3361 4112 3512 4156 nes-

413 4194 662 4254 cientis
698 4196 1199 4272 simplicitatem
1232 4202 1519 4270 notaret,
1548 4203 1615 4254 et
1646 4198 1990 4256 auctorem
2028 4197 2319 4271 illorum,
2349 4197 2835 4257 indeficientem
2871 4198 3085 4257 lucem
3115 4199 3513 4275 inextingui-

414 4297 540 4356 bili
575 4298 842 4358 ssamma
890 4300 1339 4361 flammantem
1383 4301 1811 4376 intelligeret,
1861 4303 1929 4361 et
1965 4307 2035 4361 ut
2068 4302 2356 4377 pusillus
2403 4308 2471 4360 et
2504 4317 2784 4376 magnus
2836 4302 2901 4361 in
2935 4302 3243 4362 omnibus
3292 4303 3401 4363 bis
3435 4320 3508 4364 se

419 4403 709 4465 fideliter
743 4407 1130 4482 castigaret.

515 4508 619 4569 67.
673 4510 917 4571 Beatus
967 4511 1173 4588 igitur
1212 4512 1411 4573 bomo
1462 4513 1576 4571 ille
1608 4516 1734 4586 est,
1786 4512 1900 4588 qui
1937 4513 2001 4571 in
2052 4512 2460 4572 coelestibus
2494 4527 2612 4588 per
2646 4513 2971 4573 miracula
3004 4513 3122 4574 Dei
3156 4515 3507 4576 excitatur.

502 4754 546 4820 ¹)
582 4757 864 4828 superbuit
887 4757 957 4822 Α.
999 4759 1104 4822 W,
1145 4775 1269 4815 raro
1307 4760 1588 4831 exemplo,
1626 4758 1736 4816 nisi
1776 4774 1933 4814 men·
2022 4765 2140 4821 nat.
2181 4759 2263 4815 sic
2290 4759 2383 4816 W.
2426 4758 2556 4815 Alio
2582 4764 2772 4815 autem
2811 4759 2969 4831 lapsu
3008 4759 3235 4823 calami.
3273 4760 3346 4816 ob
3373 4777 3511 4817 veru

430 4841 566 4896 dum
613 4841 690 4897 sit
726 4857 827 4913 pro
863 4846 1178 4916 superbivit.
1223 4876 1286 4885 -
1321 4847 1367 4907 ²)
1404 4846 1787 4918 senesii-aliter.
1829 4844 1934 4900 ite·
2023 4845 2249 4901 litterae
2291 4863 2334 4911 p
2376 4844 2661 4907 suffixum,
2714 4846 2761 4900 Α
2791 4844 2929 4913 legit
2956 4851 3382 4918 temperamenta.
3439 4876 3507 4886 —

441 4941 565 4982 rum
612 4932 744 4983 nota
784 4944 990 4986 novum
1018 4929 1369 4985 adverbium.
2091 4931 2133 4999 ⁴)
2159 4948 2301 5003 quae
2335 4932 2582 5004 simplex.
2613 4929 2696 4985 sic
2733 4929 2891 4985 codd.
2923 4936 2979 4985 et
3016 4930 3176 4985 bene:
3213 4928 3510 4998 Hildegar-

506 5012 551 5079 8)
578 5012 856 5069 Numerus
883 5018 940 5069 et
967 5013 1267 5069 distinctio
1295 5013 1485 5069 ultimi
1525 5013 1765 5086 capituli
1792 5013 1852 5069 in
1876 5013 1926 5069 Α
2016 5015 2106 5071 dis
2132 5015 2193 5070 in
2220 5015 2331 5071 fine
2358 5014 2597 5086 seipsam
2626 5012 2874 5084 respicit.
2909 5044 2974 5053 —
3002 5017 3043 5080 ⁵)
3070 5021 3118 5070 et
3154 5018 3416 5070 veraciter
3439 5013 3509 5077 Α.

435 5096 802 5155 desideratur.
849 5098 998 5156 Male
1043 5099 1193 5155 idem
1236 5104 1408 5172 caput
1435 5099 1495 5155 in
1534 5101 1607 5152 W
1645 5099 1855 5173 incipit
1893 5116 1922 5154 a
2014 5100 2106 5156 W.
2132 5132 2200 5146 -
2221 5100 2267 5164 ο)
2294 5103 2430 5174 quia
2455 5116 2550 5172 eqo
2576 5101 2641 5156 de
2662 5115 2894 5171 superno
2919 5099 3008 5154 W.
3037 5128 3098 5138 --
3119 5099 3163 5162 Ι’)
3188 5115 3400 5155 carnem
3423 5117 3511 5155 su-

441 5185 644 5242 verbis:
678 5186 810 5242 Cum
839 5204 1084 5260 quaeque
1121 5191 1489 5257 temptamenta
1514 5205 1695 5243 eorum
1720 5190 1920 5243 exemi·
2011 5191 2155 5258 περὶ
2181 5187 2271 5242 W.
2308 5215 2363 5224 -
2394 5186 2437 5253 ⁸)
2464 5188 2688 5242 scientia
2713 5187 3056 5240 nescientium
3096 5183 3188 5239 W.
