4036 6117
756 450 884 525 COO
1912 466 1960 508 s.
2020 464 2558 510 111LneoAaois

687 586 898 645 omnis
949 583 1258 644 ecclesiae
1311 588 1714 649 sanctorum,
1769 602 1887 639 nec
1923 586 2180 641 recedet
2222 588 2539 642 memoria
2572 582 2736 657 ejus,
2781 593 2841 641 et
2880 604 3113 644 nomen
3152 582 3293 659 ejus
3329 589 3712 663 requiretur
3741 605 3778 645 α

691 677 1117 753 ueneratione
1147 674 1217 731 in
1250 674 1767 748 aenei-ationem.
1803 665 1850 748 ¹)

772 756 911 825 XV.
939 762 1218 822 possent
1246 762 1324 818 ad
1354 760 1919 833 comprobandum
1949 762 2385 820 excellentiae
2423 762 2634 836 ipsius
2669 763 2956 836 culmen,
2987 780 3160 837 quae
3194 764 3373 822 dicta
3411 771 3571 824 sunt
3605 765 3781 824 suffi-

680 866 864 923 eere,
899 852 1029 911 nisi
1065 850 1282 909 adhuc
1318 850 1648 924 quaedam
1681 850 1827 924 ejus
1867 850 2153 923 insignia
2190 851 2380 908 valde
2417 851 2590 909 mira
2622 867 2850 926 opera,
2884 853 3104 911 animo
3139 860 3600 926 occurrerent,
3639 856 3779 929 qui-

679 942 808 1002 bus
859 938 1233 1016 legislatori
1284 947 1351 996 et
1404 945 1706 997 veterum
1745 940 2032 997 maximo
2068 939 2545 1014 prophetarum
2587 941 2794 1013 Moysi
2831 943 3019 1015 paria
3054 945 3120 1001 et
3163 944 3286 1016 ipsi
3325 943 3627 1001 omnium
3661 942 3781 1003 Do-

681 1031 862 1093 mino
890 1036 1278 1089 sanctorum
1307 1028 1621 1086 similiter
1648 1028 1913 1086 videtur
1938 1030 2306 1102 peregisse.
2339 1028 2461 1086 Sed
2494 1030 2549 1086 si
2581 1030 2690 1087 cui
2719 1046 2941 1090 sermo
2980 1030 3105 1090 iste
3142 1032 3350 1090 durus
3388 1030 3683 1090 fortasse
3714 1039 3778 1090 et

683 1118 1126 1180 intolerabilis
1172 1117 1535 1192 judicetur,
1587 1117 1894 1175 advertat
1943 1117 2058 1191 qui
2114 1118 2263 1175 hinc
2306 1117 2694 1187 offenditur,
2750 1134 2852 1176 me
2889 1136 3155 1178 servum
3194 1119 3473 1178 Domino
3510 1136 3633 1178 nec
3669 1136 3778 1195 pa-

683 1223 819 1268 rem
855 1208 1104 1280 dicere,
1144 1222 1264 1265 nec
1302 1209 1370 1265 ut
1406 1222 1526 1281 par
1562 1207 1987 1272 aestimetur,
2026 1207 2342 1280 cuiquam
2380 1222 2658 1279 prorsus
2698 1208 2869 1265 velle
2904 1208 3334 1282 persuadere3
3364 1208 3481 1267 sed
3518 1211 3777 1267 tantum

679 1296 1011 1374 quaedam
1060 1296 1309 1355 similia
1361 1295 1625 1365 fecisse,
1679 1294 1797 1354 sed
1833 1311 1959 1353 non
1992 1311 2033 1352 a
2072 1312 2166 1365 se,
2206 1296 2320 1353 sed
2362 1311 2479 1368 per
2515 1296 2701 1354 illum
2738 1298 2850 1371 qui
2892 1296 3049 1355 facit
3087 1296 3424 1356 mirabilia
3460 1298 3680 1369 solue,
3713 1305 3778 1356 et

678 1402 800 1463 per
847 1402 1084 1446 servos
1135 1400 1320 1457 suoS,
1360 1384 1475 1442 sed
1513 1384 1699 1443 solus
1734 1384 2135 1443 auctoritate
2175 1385 2531 1458 potestatis
2568 1400 2687 1458 per
2723 1401 2958 1444 servos
3002 1386 3413 1459 benignitate
3449 1387 3781 1458 dignatio-

678 1477 804 1536 niS.
855 1474 1038 1537 Unde
1092 1475 1232 1549 ipse
1281 1474 1396 1548 qui
1450 1472 1778 1532 mirabilis
1814 1478 1918 1530 est
1955 1474 2023 1530 in
2048 1474 2301 1531 sanctis
2336 1474 2501 1539 suis,
2541 1474 2652 1548 qui
2689 1480 2757 1531 et
2791 1475 2968 1533 sicut
3003 1475 3270 1549 operari
3304 1475 3626 1549 dignatur
3662 1491 3777 1549 per

674 1582 817 1640 eos-3,
870 1565 964 1624 ita
1011 1570 1079 1622 et
1129 1562 1387 1622 laudari
1437 1562 1635 1621 debet
1687 1562 1749 1620 in
1797 1562 1952 1633 iltis,
2006 1562 2302 1634 gratuita
2340 1562 2613 1635 pietate,
2656 1563 2946 1622 fidelium
2984 1580 3259 1621 suorum
3297 1563 3778 1623 commendans

675 1661 745 1715 et
777 1653 1106 1715 extollens
1145 1652 1405 1721 merita,
1445 1657 1517 1709 ut
1551 1652 1645 1709 ait
1684 1651 1747 1709 in
1780 1650 2160 1723 Evangelio:
2204 1652 2329 1721 Qui
2363 1651 2571 1709 credit
2609 1653 2682 1709 in
2718 1671 2843 1724 me,
2884 1670 3085 1728 opera
3118 1671 3284 1728 quae
3318 1670 3429 1729 eqo
3459 1655 3666 1730 faeie,
3717 1660 3778 1711 et

677 1747 818 1822 ipse
852 1745 1083 1820 faciet,
1131 1748 1191 1799 et
1227 1739 1482 1815 majora
1513 1743 1746 1799 horum
1793 1741 2017 1817 saciet.
2052 1736 2101 1814 ²)
2153 1739 2314 1809 Quis
2366 1740 2593 1814 itaque
2647 1740 2807 1799 mihi
2853 1740 3005 1815 jure
3056 1749 3452 1800 succenseat
3502 1757 3779 1800 servum

675 1834 953 1895 Domino
987 1830 1237 1889 similia
1277 1829 1546 1897 fecisse,
1584 1845 1735 1887 cum
1770 1828 2088 1886 Dominus
2128 1826 2268 1902 ipse
2303 1844 2431 1886 non
2469 1830 2688 1887 solum
2724 1829 2935 1904 paria,
2983 1830 3097 1888 sed
3135 1836 3201 1888 et
3237 1830 3493 1904 majora
3532 1829 3780 1890 facien-

674 1923 761 1982 da
810 1921 1210 1998 polliceatur
1258 1935 1296 1976 a
1345 1918 1576 1977 servo‘?
1623 1917 1700 1977 Et
1753 1917 1914 1974 baec
1967 1917 2192 1991 itaque
2246 1916 2645 1991 pollicitatio
2698 1919 3007 1978 veritatis
3044 1917 3232 1977 firma
3266 1926 3394 1989 est,
3432 1920 3591 1994 quia
3631 1936 3776 1978 ver-

675 2012 835 2071 bum
867 2009 1130 2069 Domini
1167 2013 1389 2066 manet
1424 2008 1488 2066 in
1522 2010 1886 2065 aeternum.
1924 2006 2085 2076 Quis
2122 2006 2246 2063 hoc
2280 2022 2587 2065 asserere
2623 2007 2922 2080 auderet,
2960 2007 3092 2066 nisi
3123 2008 3310 2082 prius
3348 2007 3491 2081 ipse
3532 2008 3591 2066 id
3628 2024 3779 2083 pro-

678 2096 1013 2160 misisset?
1043 2097 1123 2156 Et
1159 2096 1389 2171 utique
1427 2096 1798 2171 pollicetur.
1836 2094 2063 2152 Dicam
2099 2109 2258 2167 ergo
2293 2100 2358 2153 et
2396 2094 2858 2154 incunctanter
2892 2096 3133 2169 dicam,
3173 2096 3332 2170 quia
3368 2096 3609 2156 beatus
3650 2099 3777 2156 iste

675 2195 744 2249 et
778 2188 993 2248 fidelis
1029 2201 1292 2258 servuS,
1330 2190 1396 2243 et
1431 2184 1678 2243 similia
1713 2183 1991 2242 Domino
2029 2200 2152 2242 suo
2200 2199 2437 2242 servus
2487 2185 2645 2259 egit,
2698 2185 2855 2243 dum
2910 2185 3123 2260 ipsius
3172 2185 3473 2244 Pastoris
3526 2188 3777 2245 summi

676 2278 833 2338 boni
868 2276 1085 2336 vicem
1120 2290 1384 2349 gerenS,
1435 2280 1503 2333 et
1537 2289 1742 2347 agens
1776 2272 2096 2341 officium,
2148 2273 2336 2346 gregi
2380 2274 2743 2332 commisso
2792 2274 3101 2349 vigilanti
3152 2274 3612 2333 sollicitudine
3666 2291 3778 2334 cu-

674 2382 819 2427 ram
853 2364 1200 2440 impendit:
1237 2363 1394 2422 dum
1433 2364 1697 2421 sanavit
1732 2363 2030 2420 infirmos
2065 2368 2131 2419 et
2166 2368 2469 2419 mortuos
2505 2362 2892 2432 suscitavit,
2940 2364 3098 2422 dum
3143 2362 3451 2422 inimicos
3500 2381 3639 2424 non
3674 2382 3777 2424 so-

677 2457 814 2516 lum
849 2455 1075 2527 verb0,
1130 2453 1243 2512 sed
1283 2458 1538 2511 tantum
1591 2457 1899 2526 respectu
1953 2453 2171 2509 terrae
2221 2451 2486 2524 dejecit,
2538 2458 2605 2510 et
2655 2453 3021 2527 specialius
3075 2453 3136 2509 in
3186 2452 3313 2511 hoc
3363 2452 3546 2527 quod
3596 2454 3775 2512 sicut

677 2545 788 2605 ille
824 2545 1045 2616 Petro,
1084 2542 1175 2601 ita
1212 2549 1277 2599 et
1312 2543 1440 2601 iste
1473 2542 1700 2600 Mauro
1737 2555 1937 2613 super
1971 2556 2146 2615 aqua
2182 2540 2567 2599 ambulandi
2622 2539 3009 2600 facultatem
3044 2540 3254 2611 dedit,
3307 2542 3421 2600 sed
3475 2542 3587 2600 ille
3635 2543 3778 2618 jus-

674 2651 779 2708 su,
818 2634 947 2691 iste
981 2629 1466 2692 benedictione.
1515 2630 1595 2688 Et
1628 2629 1794 2688 haec
1828 2629 2098 2703 quidem
2135 2634 2291 2686 sunt
2327 2630 2391 2687 in
2425 2629 2672 2704 quibus
2716 2647 2844 2688 non
2891 2630 3373 2705 adaequamus,
3428 2630 3546 2689 sed
3600 2632 3778 2690 sicut

671 2723 756 2782 de
788 2718 1272 2782 Melchisedech
1311 2719 1548 2778 scribit
1581 2718 1966 2795 ApostoluS,
2003 2717 2115 2776 ubi
2156 2718 2281 2774 iste
2326 2723 2601 2777 sanctus
2651 2719 3071 2778 assimilatus
3119 2725 3226 2777 est
3268 2719 3435 2778 Filio
3470 2718 3613 2778 Dei.
3653 2719 3780 2779 Sed

673 2810 975 2889 profecto
1027 2808 1220 2883 pauci
1274 2808 1341 2866 in
1393 2807 1638 2867 talibus
1688 2807 1747 2864 ei
1802 2807 2286 2866 assimilantur.
2339 2807 2453 2867 Est
2500 2808 2635 2866 alia
2677 2808 3080 2867 assimilatio
3117 2808 3405 2882 amplior
3437 2814 3506 2866 et
3543 2810 3780 2868 utilior

675 2899 1026 2976 magisque
1073 2896 1483 2967 necessaria,
1534 2911 1705 2971 quae
1755 2897 2110 2953 universos
2161 2894 2389 2955 fideles
2432 2896 2959 2972 comprehendit,
2997 2913 3195 2972 quam
3233 2904 3299 2955 et
3333 2897 3439 2956 vir
3475 2898 3606 2957 iste
3643 2899 3781 2972 ple-

671 2990 860 3050 narie
907 2986 1192 3063 adeptus
1238 2992 1366 3060 est,
1418 2991 1486 3045 et
1533 2985 1937 3062 quicumque
1986 2985 2130 3043 vult
2182 2984 2414 3044 salvus
2463 3001 2638 3060 esse,
2692 2993 2843 3045 ante
2892 2988 3118 3046 omnia
3165 3003 3332 3062 opus
3375 2992 3484 3045 est
3520 2992 3595 3045 ut
3627 3003 3778 3046 eam

671 3078 960 3155 adipisci
993 3077 1267 3137 nitatur.
1304 3076 1644 3147 Quomodo
1673 3076 1776 3134 vel
1807 3075 1978 3134 unde
2012 3082 2119 3134 est
2154 3073 2307 3133 talis
2343 3077 2773 3148 assimilati0‚
2813 3077 3176 3151 Apostolus
3202 3075 3419 3136 docet:
3457 3077 3594 3136 Hoc
3632 3096 3782 3137 sen-

670 3171 791 3228 tite
839 3170 914 3228 in
962 3166 1136 3224 vobis
1180 3166 1351 3243 quod
1399 3172 1461 3224 et
1511 3168 1582 3224 in
1636 3165 1890 3225 Christo
1940 3163 2121 3237 Jesu,
2172 3166 2287 3240 qui
2337 3183 2484 3224 cum
2534 3168 2609 3225 in
2653 3168 2872 3243 forma
2907 3167 3027 3225 Dei
3059 3172 3251 3238 esset,
3289 3183 3423 3224 non
3456 3168 3776 3241 rapinam

667 3256 1030 3318 arbitratus
1064 3260 1158 3313 est
1195 3273 1260 3313 se
1295 3272 1428 3315 esse
1477 3254 1823 3331 aequalem
1877 3254 2031 3326 Dee,
2085 3253 2199 3311 sed
2241 3256 2670 3330 semetipsum
2704 3257 3101 3327 exinanivit,
3136 3258 3423 3331 sormam
3459 3256 3637 3313 servi
3673 3273 3779 3313 ac-

669 3348 948 3422 cipiens,
985 3349 1106 3403 etc.
1140 3336 1212 3421 ³).

2154 3516 2284 3590 IV.

1987 3702 2442 3773 VARIAE

1669 3910 1754 3953 ΕΤ
1812 3910 2217 3955 sELECTAE
2277 3910 2743 3955 LECTIONES.

1984 4065 2421 4122 MOMTUM.

754 4239 1005 4300 Futuro
1056 4234 1350 4294 omnium
1399 4232 1459 4292 S.
1497 4232 1921 4306 Hildegardis
1971 4247 2246 4305 operum
2285 4231 2549 4306 editori,
2603 4248 2799 4308 quem
2852 4232 3109 4308 prolixo
3146 4238 3460 4294 votorum
3499 4240 3774 4294 nostro-

663 4346 814 4390 rum
846 4325 1183 4388 desiderio
1217 4330 1552 4399 optamuS,
1589 4323 1943 4381 consulere
1977 4338 2183 4396 quum
2234 4320 2519 4380 velimus
2555 4338 2675 4396 pro
2712 4322 2971 4381 viribus
3004 4324 3281 4395 nostrie,
3320 4324 3421 4383 illi
3461 4324 3769 4382 invidere

663 4419 980 4479 nolumus
1014 4428 1227 4488 neque
1261 4427 1623 4488 possumus
1656 4411 2013 4470 nonnullas
2049 4411 2288 4470 saltem
2317 4417 2386 4469 et
2420 4411 2707 4470 selectas
2744 4411 3101 4470 lectionum
3140 4413 3509 4472 varietates
3543 4429 3625 4471 ex
3661 4429 3769 4471 ra-

661 4510 758 4568 ris
792 4505 980 4566 codd.
1034 4519 1203 4579 quos
1235 4502 1429 4560 nobis
1480 4500 1655 4559 haud
1691 4501 1835 4560 sine
1888 4501 2115 4560 labore
2148 4504 2216 4558 et
2263 4500 2601 4574 superatis
2644 4501 3014 4560 obstaculis
3063 4501 3397 4574 attingere
3448 4503 3762 4576 contigit.

659 4598 753 4658 Ae
787 4594 1076 4672 primum
1113 4591 1521 4650 redeundum
1556 4589 1638 4648 ad
1674 4590 1917 4650 librum
1958 4591 2226 4658 SciviaS,
2261 4588 2690 4664 codicemque
2724 4589 3122 4660 Palatinum,
3152 4606 3351 4666 quum
3391 4606 3601 4666 supra
3641 4591 3767 4648 mi·

659 4688 841 4745 nima
874 4700 950 4743 ex
989 4687 1178 4757 parte
1229 4679 1766 4749 sollicitavim11S‚
1822 4685 1893 4736 ut
1928 4694 2005 4736 ex
2041 4678 2245 4746 denso
2300 4678 2701 4737 varietatum
2754 4679 3040 4752 agmine,
3081 4680 3142 4737 in
3191 4679 3462 4738 schedis
3500 4680 3764 4738 nostris

659 4775 1016 4846 instruct0‚
1055 4769 1416 4844 praecipua
1451 4770 1824 4841 scripturae
1860 4767 2248 4824 discrimina
2292 4767 2352 4824 in
2391 4768 2679 4826 medium
2719 4767 3161 4842 proferamus.

750 4863 992 4923 Redire
1030 4862 1303 4933 insuper
1339 4858 1601 4914 animus
1636 4864 1740 4915 est
1780 4856 1858 4914 ad
1896 4857 2165 4913 codices
2215 4855 2386 4913 duos
2436 4856 2995 4930 vindobonense&
3048 4857 3159 4931 qui
3212 4857 3406 4915 nobis
3460 4856 3767 4916 referunt

660 4951 1129 5012 vetustissima
1165 4946 1540 5007 Gebenonis
1577 4946 1982 5020 exemplaria
2020 4945 2265 5020 quibus
2301 4962 2425 5003 non
2464 4946 2680 5004 solum
2717 4946 3044 5021 plurimae
3079 4947 3427 5022 epistolae,
3468 4946 3585 5005 sed
3622 4963 3766 5005 am·-

729 5151 771 5215 ¹)
801 5151 975 5206 Eccli.
1012 5150 1223 5210 xxxi.
1262 5155 1340 5203 ¹1.
1381 5182 1439 5187 -—
1469 5150 1513 5215 ⁸²)
1543 5148 1702 5203 Joan.
1737 5146 1894 5211 xlv,
1931 5151 2010 5200 12.
2046 5179 2098 5184 -—
2136 5146 2179 5210 ³)
2209 5145 2357 5200 Phil.
2392 5145 2467 5208 11,
2501 5151 2547 5201 7.
