4036 6117
748 425 834 489 66
1899 444 1953 490 s.
2006 444 2562 493 manserimus

680 578 711 616 »
750 553 871 621 tibi
904 559 1094 620 daret
1129 572 1247 635 pro
1282 556 1480 619 malis
1514 575 1686 637 quae
1720 563 2049 637 operarie,
2088 561 2201 622 ubi
2233 569 2418 622 esset
2453 559 2795 640 sceptrum
2829 564 3167 640 potentiae
3202 564 3398 626 suae?
3433 565 3598 628 Cum
3630 579 3765 628 ma·

672 681 706 722 2
747 663 884 723 lum
917 664 1250 739 incepisti,
1284 662 1462 722 Deus
1498 669 1570 722 ut
1602 663 1947 738 plumbum
1977 663 2045 722 in
2079 663 2412 726 infernum
2444 666 2727 743 projecit
2759 674 2847 743 te,
2890 667 3060 727 unde
3084 668 3289 728 etiam
3323 686 3555 729 omnes
3580 685 3765 729 crea-

673 785 706 824 »
746 771 936 827 turae
971 767 1039 827 in
1085 766 1622 845 persecutionem
1654 766 1905 827 ducunt
1953 773 2041 828 te.
2076 768 2200 829 Ubi
2234 785 2395 845 ergo
2436 786 2611 830 nunc
2658 776 2765 832 est
2797 772 3096 849 potentia
3144 772 3293 832 tua‘?
3325 774 3664 834 Tenebrae
3694 778 3762 832 et

672 888 704 927 ι
743 869 1205 946 blasphemiae
1252 876 1455 946 atque
1503 871 1920 930 conculcatio
1972 871 2038 930 in
2087 877 2153 930 te
2203 878 2380 933 sunt.
2414 873 2538 934 Ubi
2586 874 2830 934 cubas?
2864 873 2931 934 in
2979 875 3584 936 maledictionibus.
3636 875 3757 937 Ubi

666 992 697 1030 ι
735 973 1074 1050 pasceris?
1107 974 1174 1033 in
1222 972 1751 1033 confusionibus,
1785 972 1908 1033 Ubi
1958 979 2065 1033 est
2098 973 2425 1035 habitatio
2475 976 2625 1036 tua‘?
2659 977 2796 1036 illic
2847 977 2960 1037 ubi
3011 978 3474 1055 unusquisque
3522 983 3757 1038 contra

665 1095 697 1134 ι
738 1079 944 1136 alium
975 1083 1104 1152 est,
1143 1082 1212 1136 et
1244 1077 1359 1136 ubi
1394 1077 1856 1153 unusquisque
1890 1077 2356 1139 infelicitatem
2392 1096 2657 1157 semper
2706 1082 3020 1152 ruminat,
3057 1088 3125 1141 et
3159 1083 3271 1142 ubi
3321 1080 3754 1142 homicidium

665 1198 697 1237 »
738 1181 805 1240 in
838 1181 1097 1240 malitia
1131 1179 1482 1239 effusionis
1518 1181 1864 1256 sanguinis
1913 1186 2039 1242 est.
2081 1199 2112 1238 »

748 1283 853 1343 11.
905 1283 1156 1355 Quarta
1192 1289 1416 1344 autem
1461 1285 1681 1359 imago
1716 1289 1903 1343 tanta
1936 1285 2271 1344 densitate
2322 1287 2749 1347 tenebrarum
2782 1285 3351 1361 circumdabatur,
3400 1286 3579 1364 quod
3611 1286 3755 1345 nul-

657 1387 789 1446 lam
821 1387 1321 1447 distinctionem
1372 1386 1823 1447 membrorum
1860 1389 1927 1447 in
1960 1404 2039 1448 ea
2088 1390 2516 1450 considerare
2550 1391 2880 1464 valebam,
2918 1397 3193 1467 excepto
3243 1389 3420 1467 quod
3454 1405 3604 1450 eam
3644 1405 3755 1448 ve·

654 1490 755 1550 lut
785 1490 1153 1550 deformem
1186 1497 1252 1550 et
1285 1496 1787 1551 monstruosam
1824 1491 2108 1552 formam
2143 1492 2432 1554 hominis
2466 1494 2532 1555 in
2581 1494 2836 1554 eisdem
2871 1495 3165 1554 tenebris
3213 1495 3322 1554 vix
3356 1494 3750 1569 dignoscere

643 1601 969 1669 poteram.
1006 1594 1086 1654 Et
1121 1594 1245 1653 hoc
1296 1611 1502 1670 supra
1538 1595 1897 1671 quamdam
1947 1612 2254 1672 spumam
2291 1599 2541 1657 siccam
2577 1603 2644 1656 et
2692 1598 2928 1656 duram
2964 1614 3042 1657 ac
3091 1598 3349 1672 nigram
3383 1603 3451 1657 et
3499 1595 3747 1655 multas

649 1698 953 1756 flammas
990 1698 1163 1772 ignis
1196 1698 1614 1757 emittentem
1648 1699 1894 1759 stabat.
1926 1699 2007 1759 Et
2040 1700 2227 1759 dixit:

2124 1923 2256 1983 v11.

1892 2125 2093 2188 Verba
2147 2127 2480 2206 fallaciae.

727 2332 834 2420 Μ.
907 2356 938 2395 α
978 2333 1139 2408 Quis
1202 2338 1307 2396 est
1370 2337 1486 2412 qui
1543 2336 1766 2396 omnia
1828 2337 2163 2396 veraciter
2225 2338 2447 2397 dicere
2510 2337 2768 2413 possit?
2821 2337 2885 2396 Si
2943 2337 3118 2397 enim
3182 2334 3335 2397 aliis
3396 2336 3734 2414 prosperi·

630 2461 662 2499 ι
703 2448 911 2501 tatem
957 2456 1188 2499 eorum
1235 2440 1568 2499 veraciter
1615 2439 1934 2513 dicerem,
1985 2455 2092 2499 me
2132 2441 2349 2516 ipsam
2398 2440 2752 2501 laederem.
2790 2440 2956 2500 Nam
2989 2441 3271 2500 alterius
3318 2440 3723 2513 sublevatio,

630 2564 663 2608 ιο
701 2561 903 2604 casus
951 2559 1140 2602 meus
1173 2547 1298 2601 est.
1347 2541 1531 2602 Unde
1565 2549 1845 2602 ventosa
1892 2543 2123 2617 verba,
2160 2558 2331 2618 quae
2366 2543 2530 2602 mihi
2579 2543 2897 2603 honorem
2929 2542 3204 2616 dabunt,
3258 2543 3322 2602 in
3371 2559 3450 2603 os
3501 2555 3721 2603 meum

628 2667 661 2708 »
697 2664 968 2725 ponam,
1004 2652 1073 2705 et
1121 2646 1218 2704 sic
1253 2661 1425 2721 quae
1477 2647 1542 2704 in
1578 2647 1790 2706 altera
1840 2652 2033 2722 parte
2082 2645 2332 2705 habere
2380 2662 2508 2704 non
2542 2662 2843 2723 possum,
2898 2647 2963 2704 in
2997 2646 3212 2704 altera
3258 2646 3620 2722 requiram.
3654 2642 3722 2703 Si

627 2770 659 2809 ι
698 2752 876 2811 enim
910 2766 1114 2810 verax
1158 2764 1401 2823 essem,
1440 2750 1767 2809 circulum
1800 2747 2185 2825 requirendi
2223 2750 2445 2808 omnia
2493 2765 2622 2808 non
2657 2748 2994 2809 haberem.
3049 2749 3215 2809 Cum
3248 2754 3474 2807 autem
3521 2762 3721 2822 nego-

625 2874 657 2912 »
696 2855 864 2914 tium
913 2869 1134 2912 meum
1168 2853 1338 2924 colo,
1389 2868 1563 2928 quae
1597 2853 1761 2912 mihi
1813 2854 2032 2913 aliena
2068 2859 2222 2912 sunt
2275 2853 2560 2929 reperio,
2594 2857 2660 2910 et
2710 2853 2808 2911 sic
2840 2853 3064 2911 dicere
3112 2858 3346 2927 potero
3394 2866 3566 2926 quae
3601 2865 3720 2909 vo·-

621 2977 653 3015 >
693 2958 900 3018 luer0.
937 2957 1124 3016 Multi
1158 2956 1333 3014 enim
1381 2971 1658 3014 veraces
1695 2961 1832 3014 tam
1870 2956 2247 3016 immobiles
2298 2958 2362 3015 in
2395 2956 2680 3015 veritate
2714 2961 2892 3030 sunt,
2945 2953 3122 3031 quod
3156 2970 3228 3013 se
3278 2968 3548 3012 movere
3581 2967 3715 3011 non

619 3081 651 3120 ι
689 3066 996 3140 possunt,
1049 3060 1245 3136 quasi
1281 3060 1363 3119 ad
1417 3060 1670 3135 lignum
1704 3060 1893 3135 ligati
1931 3067 2110 3135 sunt3
2164 3060 2278 3120 sed
2328 3060 2453 3121 hoc
2502 3060 2960 3119 tantummodo
3009 3058 3359 3135 proferunt
3405 3055 3583 3134 quod
3614 3056 3715 3116 vi-

614 3186 647 3225 »
685 3166 843 3226 dcnt
877 3171 944 3225 et
983 3164 1281 3235 audiunt;
1320 3163 1493 3222 unde
1526 3163 1730 3222 etiam
1764 3165 1958 3223 multi
1991 3181 2072 3232 ex
2104 3165 2204 3223 eis
2246 3179 2576 3240 pauperes
2610 3170 2676 3223 et
2709 3163 2898 3239 egeni
2933 3169 3001 3222 et
3048 3162 3316 3222 exsules
3350 3160 3535 3221 fiunt.
3569 3160 3710 3236 Ego

611 3289 644 3328 »
683 3275 909 3328 autem
957 3267 1130 3344 quod
1184 3265 1516 3326 fallaciter
1563 3266 1858 3342 requir0,
1897 3267 2023 3326 hoc
2076 3268 2358 3327 inveni0.
2414 3267 2577 3328 Cum
2625 3268 2803 3326 enim
2850 3267 3139 3326 nobilior
3183 3271 3250 3325 et
3297 3265 3503 3325 ditior
3548 3264 3707 3324 aliis

610 3390 642 3428 ι
682 3387 835 3431 esse
868 3372 1044 3444 vole,
1085 3375 1243 3430 tunc
1277 3385 1381 3429 me
1417 3370 1553 3430 illis
1587 3370 1985 3429 nobiliorem
2020 3378 2087 3429 et
2135 3371 2447 3430 ditiorem
2479 3371 2706 3430 verbis
2754 3370 3056 3445 ostendo;
3095 3375 3161 3429 et
3194 3368 3320 3455 hoc
3368 3367 3531 3427 mihi
3569 3383 3705 3426 me-

607 3493 639 3531 »
679 3475 811 3533 lius
843 3479 950 3531 est
982 3488 1184 3548 quam
1232 3471 1314 3530 ad
1350 3472 1660 3531 arborem
1697 3473 1903 3548 ligata
1952 3474 2104 3533 sim.
2141 3472 2266 3532 Sed
2298 3479 2366 3532 et
2399 3488 2599 3548 saepe
2630 3472 2780 3532 dico
2830 3487 3002 3548 quae
3037 3487 3157 3531 nec
3200 3470 3395 3531 video
3429 3485 3552 3529 nec
3586 3486 3704 3529 au-

606 3596 638 3634 »
675 3576 810 3650 dio,
847 3581 914 3634 et
962 3576 1061 3634 sic
1094 3591 1132 3633 a
1181 3575 1415 3634 multis
1451 3574 1648 3634 malis
1696 3575 1981 3649 declino,
2020 3592 2099 3635 ac
2147 3577 2353 3635 etiam
2386 3576 2674 3651 plurima
2722 3576 2899 3636 mala
2950 3582 3362 3652 pertranseO.
3397 3572 3463 3633 Si
3512 3573 3692 3633 enim

600 3697 635 3737 1
674 3677 941 3754 loquela
988 3693 1135 3737 mea
1169 3677 1236 3736 in
1283 3693 1413 3737 uno
1448 3677 1644 3737 modo
1693 3684 1898 3753 esset,
1936 3679 2021 3738 ab
2070 3679 2380 3739 omnibus
2425 3678 2801 3753 damnarer,
2836 3685 2905 3739 et
2937 3678 3085 3738 idco
3128 3693 3472 3737 sermones
3504 3692 3694 3736 meos

600 3800 631 3838 »
671 3781 1067 3857 multiplice,
1119 3796 1200 3839 ne
1233 3781 1317 3841 ab
1351 3781 1488 3840 ullo
1539 3797 1838 3857 superer;
1875 3786 1942 3840 et
1976 3781 2104 3841 hoc
2154 3782 2318 3841 mihi
2352 3782 2586 3842 utilius
2633 3788 2739 3840 est
2771 3797 2970 3858 quam
3018 3780 3313 3841 fustibus
3345 3787 3413 3839 et
3446 3777 3693 3854 gladiis

599 3903 630 3940 J»
669 3883 1030 3959 percutiar..
1066 3883 1232 3942 Nam
1266 3884 1525 3943 nobiles
1559 3890 1626 3943 et
1659 3884 1906 3943 divites
1940 3885 2086 3943 sine
2121 3901 2268 3944 meo
2303 3885 2571 3959 negotio
2605 3900 2946 3960 nunquam
2982 3884 3225 3944 inveni.
3261 3902 3294 3940 ι

2056 4108 2218 4167 VIII.

1646 4352 1651 4357 ·
1741 4316 2155 4392 Responsum
2201 4308 2519 4376 veritatisss

675 4523 778 4584 13.
827 4524 907 4584 Et
943 4521 1186 4582 iterum
1220 4522 1302 4582 de
1334 4522 1679 4597 praedicta
1716 4521 1982 4581 turbida
2014 4523 2189 4582 nube
2224 4522 2452 4583 audivi
2481 4539 2715 4583 vocem
2760 4522 2917 4584 huic
2951 4523 3222 4601 imagini
3276 4527 3679 4603 responden-

581 4634 735 4687 tem:
779 4647 810 4687 (
849 4627 900 4687 O
952 4627 1335 4702 serpentina
1384 4632 1452 4685 et
1499 4626 1889 4702 gehennalis
1940 4627 2189 4703 lingua,
2242 4628 2498 4704 absque
2532 4630 2711 4687 omni
2754 4630 3097 4691 viriditate
3129 4633 3386 4707 gratiae
3417 4631 3536 4693 Dei
3566 4649 3668 4707 es,

579 4750 613 4791 ι
651 4748 824 4810 quae
858 4733 1160 4792 flammas
1195 4730 1478 4806 injuriae
1511 4736 1579 4790 et
1610 4729 2025 4806 deceptionis
2075 4746 2343 4808 semper
2374 4732 2625 4792 educis,
2661 4733 2826 4793 Nam
2871 4736 3056 4794 nulla
3101 4722 3276 4797 mala
3309 4736 3432 4797 tibi
3482 4735 3671 4797 suffi-

577 4856 610 4897 »
650 4838 856 4912 ciunt,
893 4836 1208 4913 quoniam
1239 4834 1321 4894 de
1355 4835 1491 4894 illis
1525 4841 1675 4894 orta
1707 4850 1804 4909 eS,
1842 4840 1909 4894 et
1942 4834 2147 4895 etiam
2181 4835 2318 4896 filia
2342 4835 2602 4896 Diaboli
2636 4853 2735 4913 eS‚
2771 4838 2943 4899 unde
2975 4840 3182 4900 etiam
3218 4840 3439 4901 omnia
3474 4840 3667 4900 itine-

575 4959 607 4997 ι
647 4957 722 5001 ra
756 4946 870 5001 tua
905 4940 1154 5015 injusta
1189 4943 1366 5013 sunt,
1402 4943 1471 4999 et
1501 4938 1724 4997 nescis
1759 4954 1891 5015 quo
1926 4938 2141 4998 vadiS.
2177 4940 2615 5001 Murmuratio
2649 4959 2915 5019 quoque
2947 4949 3015 5004 et
3046 4943 3349 5021 deceptio
3383 4944 3665 5004 diaboli-

572 5063 603 5103 »
646 5061 877 5105 carum
911 5042 1419 5120 suggestionum
1455 5042 1660 5103 ubera
1693 5040 2014 5103 vitiorum
2049 5048 2317 5102 tuorum
2351 5050 2528 5119 sunt,
2567 5046 2725 5122 quia
2760 5045 2967 5106 ubera
3002 5046 3209 5107 scorti
3245 5047 3457 5122 sugis,
3488 5046 3662 5106 unde
