4036 6117
653 432 784 493 194
1803 449 1853 492 s.
1917 444 2457 493 111LDEGARDIS

581 569 688 625 tur
722 574 789 625 et
823 566 1171 625 mirantur.
1208 565 1369 625 Nam
1404 564 1485 623 de
1538 564 1926 624 fortitudine
1959 566 2288 625 donorum
2318 565 2434 624 Dei
2482 563 2769 639 Spiritus
2818 562 3100 621 Sanctus
3150 562 3342 622 suavi
3394 555 3671 622 lenitate

576 668 658 726 ad
719 667 982 728 fidelem
1030 670 1322 727 animam
1371 668 1764 743 procedenS,
1816 675 2096 729 cunctas
2142 670 2322 728 vires
2371 669 2517 743 ejus
2566 668 2647 726 de
2695 668 2947 726 virtute
2993 667 3057 725 in
3091 667 3412 726 virtutem
3456 668 3552 724 ire
3599 671 3672 724 et

573 773 934 832 ascendere
980 772 1381 833 mirabiliter
1419 772 1601 844 facit,
1639 773 1822 832 velut
1855 776 2062 832 etiam
2094 774 2174 832 de
2209 773 2521 833 cruribus
2556 771 2856 846 ejusdem
2892 771 3020 829 viri
3055 786 3171 829 aer
3202 770 3475 846 quidam
3508 784 3663 828 cum

571 877 814 936 sudore
847 878 1100 947 exiens,
1137 892 1369 936 omnes
1405 892 1616 951 aquas
1653 876 1880 952 abyssi
1915 877 2185 936 diverso
2222 877 2416 937 modo
2453 882 2695 935 movet.

2009 1100 2196 1161 XXV.

933 1294 1116 1365 Quod
1167 1295 1342 1353 Deus
1390 1295 1789 1353 tentationes
1831 1313 1957 1371 per
2004 1295 2489 1354 humanitatem
2540 1290 2700 1354 Filii
2748 1294 2851 1352 sui
2901 1290 3270 1371 compescit.

645 1500 750 1558 32.
791 1499 970 1558 Unde
1021 1500 1164 1574 ipse
1200 1500 1512 1559 videlicet
1560 1500 1737 1559 Deus
1773 1501 2176 1560 tentationes
2210 1501 2631 1560 diversarum
2669 1516 3026 1560 causarum
3061 1504 3127 1559 et
3164 1498 3645 1575 incursionum,

554 1619 725 1678 quae
759 1609 826 1662 et
854 1604 1323 1678 spiritualibus
1349 1610 1415 1662 et
1449 1605 1833 1664 carnalibus
1868 1621 1946 1663 ac
1974 1605 2413 1664 infernalibus
2442 1605 2895 1664 incitamentis
2923 1604 3212 1663 animam
3238 1601 3529 1661 hominis
3562 1598 3652 1662 ir-

551 1709 845 1782 retitam,
876 1725 995 1783 per
1021 1710 1501 1768 humanitatem
1533 1709 1714 1768 illam
1742 1726 1874 1785 qua
1906 1709 2227 1769 Diabolus
2261 1710 2590 1769 contritus
2624 1716 2750 1782 est,
2788 1707 3179 1782 compescit,
3215 1704 3646 1780 quemadmo-

546 1812 702 1872 dum
739 1821 806 1872 et
850 1814 1024 1873 idem
1063 1815 1166 1873 vir
1197 1814 1377 1873 vires
1426 1815 1909 1874 elementorum
1943 1830 2116 1890 quae
2152 1831 2356 1890 supra
2391 1819 2641 1874 terram
2689 1819 2755 1872 et
2799 1813 2865 1871 in
2898 1817 3079 1873 terra
3111 1826 3191 1871 ac
3239 1810 3476 1871 subtus
3509 1815 3643 1870 ter·-

544 1934 686 1975 ram
722 1925 897 1993 sunt,
935 1918 1217 1993 pedibus
1253 1918 1394 1977 suis
1428 1915 1762 1993 deprimit.
1799 1918 1963 1978 Nam
1997 1917 2389 1993 Unigenitus
2421 1917 2538 1977 Dei
2574 1918 2783 1976 Filius
2819 1917 2884 1975 in
2927 1915 3171 1975 mundo
3216 1915 3390 1974 inter
3423 1912 3638 1973 homi-

541 2036 657 2079 nes
692 2022 836 2081 sine
862 2028 1133 2096 peccato
1169 2029 1630 2095 conversatus,
1660 2023 1962 2097 exempla
1988 2022 2296 2081 fidelibus
2331 2022 2474 2081 suis
2506 2021 2711 2095 dedit,
2748 2026 2821 2079 ut
2849 2020 3133 2079 terrenis
3161 2018 3634 2093 concupiscen-

539 2127 652 2184 tiis
686 2127 989 2202 abjectiS,
1027 2126 1109 2185 ad
1145 2127 1463 2186 coelestia
1498 2127 1831 2201 anhelent,
1884 2135 1950 2186 et
1986 2129 2059 2186 ut
2100 2127 2165 2186 id
2198 2127 2373 2203 quod
2409 2127 2475 2187 in
2510 2127 2867 2186 sanctitate
2916 2130 3263 2185 aeternum
3305 2128 3433 2199 est,
3484 2122 3635 2183 dili-

539 2238 716 2305 gant

1970 2440 2191 2501 XXVI.

1087 2649 1269 2721 Quod
1319 2649 1494 2708 Deus
1537 2668 1664 2724 per
1709 2648 2043 2708 miracula
2090 2648 2174 2707 ad
2216 2650 2704 2725 poenitentiam
2751 2652 3074 2708 hortatur.

611 2854 716 2912 33.
761 2854 1178 2928 Quapropter
1210 2861 1275 2912 et
1311 2854 1654 2931 praefatus
1690 2856 1796 2914 vir
1828 2855 1942 2930 qui
1975 2855 2183 2913 Deum
2218 2856 2545 2930 designat,
2590 2856 2741 2915 illos
2776 2858 2887 2931 qui
2924 2872 3082 2915 vere
3124 2856 3467 2916 audientes
3503 2872 3620 2917 au-

521 2973 632 3016 res
665 2963 732 3017 et
759 2974 913 3015 vere
945 2959 1386 3032 intelligentia
1418 2959 1618 3018 corda
1647 2959 1914 3033 habent,
1949 2966 2020 3018 ut
2052 2960 2529 3035 poenitentiam
2567 2960 2647 3018 de
2682 2962 2977 3035 peccatis
3014 2961 3156 3019 suis
3198 2967 3419 3034 agant,
3457 2977 3617 3035 que-

513 3063 941 3122 madmodum
967 3064 1182 3138 audiS,
1216 3070 1460 3136 monet,
1493 3065 1649 3139 quia
1679 3069 1751 3122 ut
1784 3063 2032 3138 injusta
2060 3080 2261 3137 opera
2301 3081 2422 3122 sua
2457 3063 2797 3139 abjiciant,
2835 3069 2901 3122 et
2948 3069 3017 3122 ut
3050 3063 3132 3121 ad
3172 3064 3391 3137 ipsum
3429 3063 3614 3123 festi-

514 3172 750 3224 nanter
783 3173 1078 3239 currant,
1119 3183 1192 3225 se
1228 3168 1394 3242 ipsis
1428 3184 1547 3242 per
1581 3167 1790 3227 multa
1840 3169 2164 3227 miracula
2199 3168 2560 3226 clementer
2609 3167 3015 3226 manifestat.
3054 3167 3191 3225 Hos
3234 3174 3457 3226 autem
3490 3170 3608 3243 qui

510 3270 714 3328 verba
765 3271 1238 3330 admonitionis
1271 3271 1417 3346 ejus
1466 3272 1831 3346 negligunt,
1870 3272 2133 3347 flagella
2169 3273 2379 3346 ipsius
2414 3271 2659 3331 acriter
2692 3271 3092 3346 purgabunt,
3146 3275 3460 3346 quoniam
3495 3273 3610 3332 ad-

509 3379 883 3434 monentem
932 3383 997 3434 et
1047 3377 1518 3450 corripientem
1560 3375 1853 3450 judicem
1902 3392 2022 3451 per
2087 3377 2576 3435 contumaciam
2636 3376 3040 3435 temeritatis
3090 3390 3253 3434 suae
3312 3378 3607 3434 contem-

507 3487 688 3537 nunt.
724 3475 769 3556 ¹)
806 3479 984 3538 Unde
1022 3481 1532 3539 amaritudinem
1570 3482 1835 3555 corpori
1872 3497 1991 3539 suo
2028 3496 2145 3556 per
2180 3480 2657 3556 poenitentiam
2688 3478 2950 3553 inferat,
2996 3480 3108 3554 qui
3147 3480 3211 3538 in
3246 3478 3441 3538 domo
3484 3479 3602 3539 Dei

509 3582 724 3643 tidelis
759 3602 908 3644 esse
942 3584 1300 3643 desiderat.

1916 3795 2161 3856 XXVII.

1266 4004 1448 4077 Quod
1498 4003 1784 4064 Joannes
1833 4003 1920 4062 ad
1961 4003 2447 4079 poenitentiam
2495 4007 2816 4063 hortatur.

580 4215 688 4273 34.
741 4215 934 4274 Velut
967 4216 1171 4274 etiam
1201 4213 1487 4274 Joannes
1521 4212 1936 4287 exhortatur,
1980 4212 2096 4271 ubi
2130 4212 2313 4272 dicit:
2361 4212 2717 4273 Genimina
2747 4214 3155 4289 viperarum,
3193 4215 3339 4289 quis
3372 4219 3588 4272 osten-

485 4319 581 4377 dit
632 4317 803 4377 vobis
851 4321 1082 4396 fugere
1133 4338 1172 4377 a
1218 4326 1502 4378 ventura
1533 4321 1675 4378 ira?
1707 4318 1932 4378 Facite
1968 4335 2119 4395 erqo
2159 4319 2423 4395 fructus
2460 4319 2687 4395 diqnos
2716 4321 3197 4394 poenitentiae,
3234 4325 3296 4377 et
3329 4337 3415 4378 ne
3449 4336 3585 4379 coe-

476 4423 717 4496 peritis
753 4423 998 4481 dicere:
1039 4423 1312 4481 Patrem
1347 4421 1657 4482 habemus
1691 4421 2040 4481 Abraham.
2071 4422 2229 4482 Dico
2255 4423 2433 4480 enim
2466 4420 2661 4495 vobis,
2696 4424 2855 4499 quia
2881 4429 3117 4498 potens
3152 4422 3327 4482 Deus
3376 4423 3456 4481 de
3484 4423 3582 4481 la·

474 4523 740 4599 pidibus
772 4521 823 4601 2)
852 4527 996 4584 istis
1032 4528 1350 4585 suscitare
1383 4525 1549 4603 filios
1577 4524 1894 4586 Abrahae.
1924 4521 1973 4604 ³)
2005 4525 2211 4601 Cujus
2247 4541 2488 4584 sensus
2523 4525 2678 4584 talis
2710 4527 2831 4585 est.
2860 4525 2951 4584 De
2976 4525 3208 4599 poenis
3241 4526 3583 4602 poeniten·

477 4629 572 4687 tia
598 4634 724 4701 est,
753 4634 820 4686 et
847 4644 1039 4687 omne
1068 4629 1305 4687 vitium
1341 4628 1705 4688 secundum
1742 4630 2008 4704 culpam
2037 4644 2227 4689 suam
2254 4628 2765 4703 examinabitur,
2796 4635 2863 4689 et
2888 4643 3195 4705 quaeque
3221 4631 3444 4689 anima
3470 4634 3567 4689 ta-

476 4732 909 4791 bernaculum
961 4747 1239 4807 operum
1286 4748 1560 4792 suorum
1614 4732 1924 4793 inveniet.
1961 4732 2123 4803 Quis
2172 4731 2449 4790 enimin
2496 4732 2627 4791 alia
2662 4733 2799 4792 vita
2850 4731 3354 4793 tabernaculum
3401 4731 3562 4790 dare

471 4839 742 4911 poteri-t,
795 4838 924 4895 nisi
961 4837 1158 4910 Deus,
1211 4855 1248 4896 a
1285 4854 1421 4914 quo
1471 4839 1673 4898 etiam
1709 4839 2007 4913 praemia
2055 4837 2333 4898 dantur?
2365 4838 2541 4897 Deus
2575 4841 2797 4912 autem
2837 4839 3033 4899 homo
3071 4838 3309 4914 factuS‚
3350 4839 3417 4898 in
3463 4845 3562 4898 ta·-

467 4943 825 5003 bernaculo
883 4960 1005 5002 suo
1056 4944 1308 5002 invenit
1364 4944 1539 5019 quod
1591 4943 1720 5002 sibi
1779 4943 1972 5002 valde
2023 4943 2305 5018 placuit,
2365 4943 2680 5002 videlicet
2727 4944 3224 5019 poenitentibus
3281 4952 3557 5021 peccata

542 5112 583 5177 ¹)
609 5118 979 5185 contempnunt
1006 5112 1094 5167 W.
1130 5142 1196 5150 —-
1220 5113 1265 5176 2)
1298 5112 1439 5166 Deus
1465 5112 1746 5185 lapidibus
1771 5112 1862 5168 W.
1889 5143 1956 5150 —
1982 5109 2026 5178 ³)
2060 5112 2188 5167 Luc.
2225 5110 2329 5173 111,
2360 5114 2408 5165 7.
