4036 6117
1307 499 1543 549 Lmen
1572 498 1795 545 vrrAE
1854 496 2310 545 unm-rosum
3213 483 3296 541 23

274 620 391 699 qui
438 636 588 681 eum
636 621 1009 681 constituit.
1054 619 1184 679 Sed
1224 619 1419 679 homo
1455 618 1628 682 infra
1660 619 1933 694 globum
1969 618 2173 677 istum
2207 617 2397 691 vivit,
2437 620 2504 674 et
2538 614 2684 691 ejus
2719 617 2971 676 ambitu
3008 617 3381 681 circumda-

287 734 412 786 tur.
466 726 644 786 Unde
694 725 890 785 homo
926 726 992 785 in
1025 723 1616 801 comprehensione
1652 739 1774 782 sua
1807 722 2120 798 progredi
2155 722 2332 780 ultra
2364 737 2494 780 non
2528 724 2794 797 poterit.
2829 724 2994 784 Nam
3029 737 3380 792 creaturae

283 834 348 894 in
392 836 643 895 virtute
690 834 805 895 Dei
857 837 1033 895 sicut
1081 850 1197 894 cor
1242 834 1305 894 in
1340 833 1608 893 homine
1644 838 1820 906 sunt3
1858 832 2035 908 quod
2070 849 2279 907 parva
2312 848 2470 906 pars
2507 833 2587 890 ad
2624 839 3191 909 comparationem
3227 843 3383 903 reli-

281 936 393 1012 qui
439 939 745 1013 corporis
793 943 917 997 est.
969 937 1069 997 Ita
1101 942 1168 996 et
1199 942 1549 996 creaturae
1583 952 1830 1012 parvae
1864 942 2042 1011 sunt3
2081 936 2199 995 sed
2233 937 2450 995 virtus
2484 936 2602 995 Dei
2637 955 2874 1014 magna
2907 948 2974 1000 et
3010 944 3382 1024 incompre-

281 1036 634 1097 hensibilis
681 1045 807 1099 est.
858 1038 1101 1099 Omnes
1146 1039 1325 1098 enim
1368 1043 1740 1113 creaturae,
1776 1054 1949 1113 quae
1985 1039 2053 1097 in
2084 1037 2269 1097 coelo
2302 1044 2370 1098 et
2407 1037 2473 1096 in
2506 1044 2684 1098 terra
2719 1047 2786 1099 et
2821 1042 2890 1100 in
2922 1043 3165 1120 abysso
3199 1056 3381 1126 sunt,

281 1139 490 1202 Deum
521 1159 643 1202 nec
676 1142 1262 1221 comprehendere,
1299 1157 1420 1203 nec
1452 1140 1857 1215 discernere,
1893 1157 2014 1201 nec
2048 1142 2237 1200 finire
2271 1149 2590 1234 possunt·
2610 1143 2733 1203 Sed
2769 1152 2835 1206 et
2868 1151 3085 1208 omnis
3120 1153 3384 1229 sapien-

281 1252 371 1311 tia
411 1271 454 1313 a
486 1254 868 1316 dominante
901 1255 1033 1315 Deo
1066 1260 1193 1329 est;
1230 1254 1389 1331 quia
1421 1252 1596 1313 Deus
1631 1269 1784 1312 cum
1817 1253 2148 1327 sapientia
2181 1254 2403 1313 omnia
2437 1255 2986 1335 praedestinavit,
3025 1269 3092 1322 et
3127 1264 3194 1323 in
3229 1268 3375 1342 glo-

286 1356 441 1416 bum
490 1374 569 1418 ea
614 1359 1016 1434 composuit,
1054 1374 1225 1434 quae
1260 1359 1505 1419 iterum
1537 1374 1688 1417 cum
1722 1357 1954 1417 eadem
1989 1358 2318 1433 sapientia
2351 1358 2795 1422 discernebat.
2833 1363 2985 1441 Ipsa
3019 1370 3196 1429 enim
3231 1388 3384 1433 coe-

284 1466 482 1526 lestia
530 1465 800 1525 sciendo
848 1466 1097 1542 sapuit,
1149 1479 1226 1524 ac
1278 1464 1344 1522 in
1392 1463 1600 1539 regali
1651 1463 2026 1522 ministerio
2075 1480 2312 1539 gyrum
2361 1466 2530 1525 coeli
2579 1468 2893 1531 circuivit
2924 1467 2996 1551 ¹),
3032 1481 3099 1534 et
3134 1482 3386 1539 terram

292 1584 446 1628 cum
496 1569 773 1629 servitio
820 1575 889 1628 et
936 1568 1399 1628 aedificatione
1447 1567 1873 1627 necessitatis
1922 1567 2140 1627 omnis
2186 1574 2535 1629 creaturae
2572 1573 2908 1649 transivit,
2955 1593 3031 1636 ac
3066 1580 3387 1655 abyssum

291 1671 690 1746 penetravit:
727 1670 1286 1747 quemadmodum
1320 1675 1718 1746 procurator
1754 1668 1934 1744 facit,
1972 1670 2089 1745 qui
2122 1670 2202 1729 de
2237 1669 2343 1729 his
2377 1670 2543 1730 nihil
2577 1674 2797 1748 perire
2833 1680 3187 1757 permittit,
3217 1700 3392 1759 quae

283 1773 411 1834 sibi
464 1774 725 1834 adsunt.
775 1773 901 1833 Sed
947 1779 1015 1833 et
1062 1774 1392 1850 sapientia
1438 1774 1674 1833 oculus
1721 1772 1837 1832 Dei
1885 1779 2012 1847 est,
2060 1789 2211 1832 cum
2245 1790 2376 1850 quo
2411 1777 2633 1836 omnia
2680 1781 3026 1853 praevidet
3068 1791 3137 1844 et
3172 1788 3385 1850 intue-

286 1885 413 1955 tur;
471 1885 538 1939 et
583 1885 740 1939 ante
786 1895 939 1938 eum
987 1879 1451 1939 amantissima
1498 1879 1715 1937 amica
1766 1878 1831 1938 in
1877 1878 2151 1937 amabili
2196 1881 2609 1955 amplexione
2644 1883 2858 1960 ipsius
2892 1895 3018 1964 est,
3056 1907 3207 1953 cum
3242 1912 3378 1972 qua

285 1984 468 2045 Deus
514 1984 738 2044 omnia
785 1983 1135 2044 tractando
1181 1984 1616 2059 computavit.
1666 1982 1738 2042 ln
1790 1982 1914 2042 hac
1961 1983 2166 2042 etiam
2215 1985 2580 2062 sapientia,
2631 1988 2826 2050 homo
2875 1997 3071 2069 quasi
3107 2000 3393 2063 altitudo

288 2088 462 2147 coeli
507 2087 911 2162 nominatur,
962 2087 1278 2162 quoniam
1327 2087 1471 2163 ipse
1519 2102 1725 2162 supra
1771 2102 2004 2146 omnes
2053 2091 2400 2147 creaturas
2446 2104 2568 2164 per
2610 2092 2958 2155 scientiam
2994 2098 3395 2165 dominando

292 2188 621 2258 abundat,
672 2205 844 2266 quae
893 2190 1127 2249 oculus
1176 2191 1545 2266 sapientiae
1592 2194 1717 2250 est.
1769 2189 1893 2249 Sed
1937 2195 2005 2249 et
2037 2190 2221 2250 velut
2256 2190 2537 2251 latitudo
2574 2199 2794 2255 terrae
2825 2205 2952 2275 est,
2989 2204 3146 2277 quia
3179 2209 3400 2282 possi-

293 2294 629 2355 bilitatem
676 2293 1101 2354 desiderandi
1146 2299 1215 2352 et
1261 2294 1533 2370 optandi
1584 2293 1802 2353 habet.
1854 2293 2230 2365 Quomodo?
2276 2294 2459 2365 Quod
2511 2295 2709 2357 homo
2743 2298 3102 2381 desiderat,
3141 2306 3268 2368 hoc
3303 2310 3400 2386 ip-

298 2416 452 2460 sum
482 2399 794 2473 delectat3
828 2405 896 2458 et
943 2398 1043 2456 sic
1084 2397 1526 2457 desiderando
1559 2402 1854 2472 exoptat,
1890 2402 1958 2455 et
1994 2403 2136 2456 tum
2170 2398 2538 2459 secundum
2568 2401 2983 2466 voluntatem
3018 2424 3231 2487 suam,
3269 2413 3401 2474 sibi

296 2506 360 2565 in
391 2505 535 2565 illis
567 2504 888 2564 auxilium
920 2502 1156 2576 aderit;
1193 2503 1251 2562 si
1285 2502 1463 2561 enim
1493 2501 1702 2561 Deum
1736 2501 2170 2576 invocaverit,
2206 2502 2290 2561 ab
2325 2503 2470 2580 ipso
2506 2504 2952 2580 adjuvabitur.
2990 2511 3174 2584 Quod
3214 2516 3271 2574 si
3306 2517 3391 2576 ad

296 2609 654 2670 Diabolum
700 2622 774 2667 se
822 2605 1202 2679 tetenderit,
1255 2605 1367 2664 ille
1415 2620 1568 2663 cum
1615 2604 2047 2679 suggestione
2094 2604 2253 2663 mali
2304 2604 2433 2680 ipsi
2481 2610 2794 2669 occurrit.
2833 2611 3045 2672 Homo
3079 2616 3282 2676 etiam
3318 2618 3401 2677 de

300 2713 829 2776 rationabilitate
874 2711 1314 2783 desiderium,
1365 2716 1433 2768 et
1480 2708 1562 2768 de
1610 2714 1813 2783 gustu
1860 2708 2201 2783 optionem
2247 2707 2470 2784 habet3
2524 2711 2640 2769 sed
2678 2717 2901 2774 tamen
2933 2718 3404 2797 quodcumque

299 2818 644 2878 desiderat
689 2816 799 2875 vel
830 2819 1132 2890 exoptat,
1183 2828 1313 2872 non
1358 2817 1692 2888 potestate
1725 2828 1871 2884 sua,
1906 2811 2027 2870 sed
2061 2812 2504 2886 permissione
2536 2814 2650 2874 Dei
2686 2818 3051 2892 perficitur,
3089 2825 3406 2898 quoniam

305 2929 452 3003 ipse
498 2921 836 2982 hominem
876 2919 1153 2992 creavit3
1203 2923 1270 2976 et
1304 2917 1480 2976 sicut
1512 2915 1709 2975 homo
1745 2916 1955 2975 multa
1992 2915 2210 2975 facere
2242 2923 2488 2993 potest,
2526 2919 2624 2978 sic
2657 2922 2861 2982 etiam
2896 2924 3304 2987 desiderium
3338 2935 3406 2989 et

303 3028 646 3107 optionem
694 3024 915 3099 babet,
965 3038 1085 3100 per
1131 3035 1305 3098 quae
1351 3020 1641 3096 plurima
1688 3020 2005 3097 postulat.
2055 3019 2136 3080 Et
2182 3020 2339 3097 quia
2386 3020 2704 3083 Diabolus
2743 3026 3033 3100 primum
3070 3029 3406 3092 hominem

306 3134 604 3210 decepit,
657 3131 805 3190 ideo
852 3131 1057 3189 etiam
1105 3125 1534 3202 suggestione
1579 3124 1717 3184 Eva
1767 3125 1985 3199 ipsum
2023 3126 2364 3185 multoties
2399 3126 2677 3188 seducit.
2726 3129 2937 3190 Homo
2970 3132 3174 3192 etiam
3209 3138 3406 3210 quasi

305 3235 714 3315 profundum
747 3233 972 3309 abyssi
1006 3238 1133 3306 est,
1169 3245 1322 3290 cum
1355 3247 1394 3290 a
1426 3229 1600 3289 bono
1633 3227 1968 3287 desiderio
2001 3227 2462 3304 declinaverit,
2498 3237 2567 3289 et
2589 3231 2940 3293 Diabolum
2968 3235 3405 3314 invocaverit,

308 3342 472 3419 quia
520 3348 663 3399 tum
703 3338 910 3397 etiam
954 3334 1273 3396 Diabolus
1320 3332 1655 3392 desideria
1708 3331 1887 3390 illius
1923 3332 2231 3407 suscipit,
2268 3333 2633 3393 secundum
2666 3335 2842 3410 quod
2876 3337 3072 3396 homo
3107 3345 3265 3400 tunc
3295 3358 3412 3402 vo-

312 3445 515 3506 luerit
553 3440 632 3522 ²),
682 3446 750 3501 et
796 3439 922 3500 hoc
967 3438 1144 3498 Deus
1177 3437 1278 3496 sic
1310 3436 1453 3496 fieri
1485 3435 1835 3511 permittit.
1873 3434 2038 3495 Cum
2071 3440 2296 3494 autem
2328 3434 2527 3495 homo
2562 3437 2754 3497 bonis
2788 3439 3146 3503 desideriis
3181 3459 3253 3503 se
3287 3445 3409 3504 im-

311 3545 690 3624 plicaverit,
743 3543 838 3603 ita
883 3540 1059 3617 quod
1107 3541 1279 3601 bona
1323 3544 1663 3616 operatur,
1700 3553 1872 3613 quae
1905 3542 2126 3596 tamen
2160 3538 2515 3614 aliquando
2551 3543 2985 3618 tran-cendit,
3024 3562 3153 3605 non
3186 3553 3412 3608 autem

314 3653 415 3711 sic
467 3648 648 3727 quod
695 3645 964 3707 omnino
1010 3645 1184 3705 bona
1237 3642 1557 3717 dimittat,
1614 3642 1734 3701 sed
1783 3642 1958 3718 quod
2008 3657 2087 3701 ea
2135 3658 2256 3718 per
2287 3643 2641 3719 quemdam
2675 3647 3051 3720 neglectum
3087 3656 3409 3727 transeat,

318 3764 476 3816 tunc
528 3753 709 3812 Deus
764 3751 941 3811 hunc
995 3750 1215 3826 perire
1269 3764 1402 3809 non
1456 3748 1639 3822 sinit,
1698 3747 2013 3822 quoniam
2069 3746 2316 3806 bonum
2347 3746 2756 3808 desiderium
2790 3750 2856 3809 in
2890 3767 2961 3811 se
2997 3753 3248 3815 habuit.
3287 3757 3412 3817 Sed

317 3863 473 3921 huic
519 3858 774 3918 bomini
819 3854 1135 3916 Diabolus
1167 3869 1299 3913 non
1339 3851 1633 3927 confidit,
1682 3855 1755 3910 ut
1785 3850 2122 3909 desideria
2156 3852 2379 3910 carnis
2413 3867 2574 3911 suae
2609 3855 2932 3930 perficiat,
2970 3859 3126 3932 quia
3162 3860 3227 3918 in
3266 3862 3410 3936 ipso

320 3964 667 4041 cognoscit
708 3960 883 4038 quod
914 3959 1122 4019 Deum
1156 3958 1533 4034 relinquere
1565 3974 1697 4017 non
1729 3958 1893 4016 vult.
1930 3955 2065 4015 Iste
2099 3962 2322 4016 autem
2357 3956 2555 4017 homo
2588 3959 2990 4035 profundum
3022 3965 3251 4040 abyssi
3283 3984 3414 4028 non

320 4075 448 4142 est3
499 4065 620 4127 sed
667 4068 1058 4140 tempestas,
1105 4076 1276 4138 quae
1320 4061 1677 4137 aliquando
1714 4061 1779 4120 in
1813 4060 1954 4118 sole
1990 4060 2319 4135 fulminat,
2355 4066 2421 4119 et
2456 4077 2626 4137 quae
2660 4062 3017 4138 aliquando
3054 4067 3120 4126 in
3151 4070 3413 4144 nigram

325 4175 567 4233 nubem
618 4187 691 4230 se
742 4168 1038 4228 involvit.
1087 4167 1167 4225 Et
1214 4167 1366 4241 quis
1415 4181 1687 4224 mensus
1736 4171 1839 4223 est
1883 4166 2017 4223 ulla
2056 4165 2482 4240 inquisitione
2517 4172 2968 4242 contemptum
3005 4168 3199 4244 hunc,
3237 4175 3414 4249 quod

328 4280 524 4340 homo
574 4277 691 4353 qui
740 4290 943 4350 supra
992 4272 1212 4331 omnia
1260 4286 1465 4347 opera
1512 4270 1628 4328 Dei
1677 4270 2085 4328 constitutus
2133 4275 2259 4340 est,
2296 4269 2503 4328 Deum
2550 4271 2929 4347 dereliquit,
2966 4280 3032 4332 et
3065 4273 3416 4336 Diabolum

336 4387 657 4457 imitatur,
695 4381 812 4456 qui
843 4378 1126 4455 gloriam
1167 4392 1359 4436 suam
1396 4374 1714 4452 perdidit,
1765 4389 1914 4432 cum
1961 4372 2403 4449 superbiendo
2439 4389 2511 4432 se
2542 4372 2674 4433 Deo
2709 4376 3045 4451 opposuit,
3082 4384 3148 4436 et
3182 4379 3417 4456 periit‘?

336 4489 499 4561 Quis
546 4487 755 4547 etiam
801 4482 1242 4560 perditionem
1299 4479 1468 4540 hanc
1517 4479 1741 4538 metiri
1783 4471 1833 4556 ³)
1869 4477 2140 4554 poterit,
2192 4478 2367 4554 quod
2418 4477 2613 4538 bomo
2662 4479 2867 4539 Deum
2918 4481 3296 4559 dereliquit,
3349 4490 3417 4544 et

333 4592 703 4668 pessimum
736 4593 1110 4664 tyrannum,
1148 4583 1409 4644 scilicet
1440 4581 1814 4656 Diabolum,
1851 4597 1971 4657 pro
2013 4580 2147 4642 Deo
2180 4581 2385 4657 elegit
2414 4577 2500 4660 ⁴)‘2
2547 4582 2726 4642 Haec
2760 4583 2935 4643 Deus
2969 4586 3317 4661 praevidet
3347 4592 3416 4647 ct

326 4696 603 4771 judicat.

410 4930 455 4996 ί)
475 4929 629 4986 Eccli
653 4927 844 4992 xxn,
866 4928 1052 4994 8.-²)
1072 4926 1359 4983 seeundum
1377 4931 1504 4980 tunc
1522 4925 1676 4981 homo
1702 4911 1940 4979 voluerit
1962 4921 2106 4977 A.»
2122 4921 2166 4990 ³)
2186 4924 2387 4976 metire.
2423 4964 2434 4976 .
2466 4920 2796 4993 derelinquit
2820 4920 2890 4983 Α,
2918 4920 3079 4975 W.--
3099 4919 3142 4986 ⁴)
3163 4919 3318 4990 eliqit
3343 4919 3410 4975 A.
