4036 6117
1548 540 1784 587 LIBER
1844 539 2171 587 solvus.

3211 517 3336 581 517

1308 751 1409 811 VI.
1462 749 1676 810 VISIO
1724 749 2035 810 PRIMAE
2083 747 2395 808 PARTlS.

462 926 568 978 437
594 923 661 980 Α.
707 923 1010 994 fulgentes,
1042 923 1120 978 ita
1149 928 1214 978 ut
1237 923 1338 994 (ιυί
1369 922 1431 978 in
1459 937 1570 978 una
1598 922 1720 978 acie

702 1010 762 1065 in
791 1027 849 1066 se
876 1009 1319 1082 praetendebant

698 1096 756 1151 in
784 1096 895 1151 alia
922 1095 1045 1152 acie

700 1185 857 1239 velut
884 1182 943 1239 in
971 1183 1201 1254 speculo

696 1268 796 1341 (ιυί
828 1268 887 1324 in
915 1268 1037 1327 acie
1063 1284 1173 1324 una
1201 1267 1437 1325 istarum
1467 1265 1700 1325 suerunt

695 1355 796 1427 qui
828 1371 958 1412 vero
986 1355 1044 1411 in
1071 1356 1183 1410 alia

693 1448 751 1498 et
775 1443 875 1513 (ιυί
906 1442 966 1497 in
993 1442 1103 1498 alia
1132 1446 1255 1510 (ter)

591 1527 650 1584 Β.
692 1528 791 1599 (ιυί
820 1533 1010 1584 autem
1041 1529 1099 1584 in
1126 1544 1238 1583 una

696 1615 754 1670 in
781 1630 1008 1686 quoque
1034 1615 1199 1671 oculo

584 1702 642 1758 C.
685 1708 744 1757 et
768 1701 868 1773 qui
901 1701 959 1757 in
987 1701 1099 1756 alia
1129 1701 1364 1757 fuerunt

698 1788 757 1844 in
783 1787 992 1846 eisdem
1022 1788 1225 1868 pennis
1254 1787 1422 1860 quasi

689 1891 889 1945 genere
905 1875 1276 1947 {musicorum
1306 1874 1672 1930 mirabilibus
1703 1892 1797 1930 vo-

759 1961 926 2021 cibus
952 1962 1231 2019 miracula
1260 1960 1358 2017 illa

635 2093 647 2105 .
693 2048 802 2104 tibi
829 2048 1252 2104 demonstratur
1276 2048 1389 2103 eod.
1419 2047 1522 2117 sol.
1553 2049 1653 2103 30.

658 2134 789 2205 ‘qui
817 2134 878 2189 in
905 2148 1017 2188 una
1044 2131 1166 2188 acie

688 2219 957 2290 quoniam
988 2217 1086 2275 isti
1114 2218 1302 2287 angeli

586 2307 648 2362 B.
691 2305 750 2362 C.
792 2305 894 2376 qui
922 2303 1248 2375 archangeli

690 2390 793 2447 Dei
821 2391 1180 2447 attendentes

693 2478 1031 2535 multociens
1059 2477 1524 2550 praeveniebant,
1553 2480 1649 2536 sed

589 2566 652 2621 D.
694 2566 843 2621 unde
866 2564 969 2635 (ιυί
1000 2564 1060 2620 in
1086 2564 1210 2621 acie
1236 2579 1351 2620 una

687 2650 787 2722 qui
818 2649 1066 2707 virtutes

693 2743 847 2802 sunt,
879 2738 1105 2794 sortiter
1129 2739 1395 2796 adversus

687 2840 831 2895 quae
859 2823 967 2898 ipsi
997 2822 1104 2882 hoc
1130 2824 1295 2882 modo

693 2913 917 2967 turbam
946 2913 1176 2968 habent.

685 2997 926 3054 creatori
992 2996 1242 3070 ipsorum
1294 2995 1642 3055 incessanter
1700 2998 1792 3055 de-

758 3088 1081 3140 monstrant

689 3171 767 3228 ita
794 3170 944 3242 quod
975 3169 1148 3227 iste...
1180 3173 1239 3225 et
1260 3168 1411 3240 quod
1439 3169 1538 3227 ille

581 3258 642 3315 B.
685 3258 794 3315 Sed
842 3255 1114 3330 quamdiu
1179 3255 1549 3327 interrogatio
1603 3264 1661 3314 et
1712 3274 1794 3315 re-

759 3358 1029 3418 sponsum

690 3446 790 3503 per
811 3430 962 3502 quod
990 3427 1402 3486 monstrabitur

687 3518 786 3589 qui
815 3522 1007 3573 autem
1033 3516 1094 3571 in
1124 3516 1236 3571 alia

579 3605 638 3661 C.
681 3601 1052 3660 mortalitatis
1077 3607 1435 3676 peccatorum

689 3689 749 3745 in
776 3689 885 3746 alia
912 3688 1033 3746 acie

693 3776 969 3835 sinceram
1009 3773 1408 3835 fortitudinem
1442 3778 1672 3849 justitia
1711 3778 1794 3836 in-

454 2742 558 2794 ⁴39
582 2740 650 2796 Α.

362 3943 405 4007 ⁴)
428 3941 726 3998 Habentur
744 3953 877 4008 ergo
897 3938 1087 3995 decem
1109 3945 1168 3994 et
1189 3942 1302 3994 tres
1323 3939 1533 4010 spissae
1552 3940 1790 4013 paginae

295 4029 633 4085 varietatum
664 4027 723 4083 in
746 4027 861 4083 sola
890 4024 1025 4081 libri
1050 4024 1265 4082 Scivias
1291 4024 1470 4097 prima
1494 4032 1653 4097 parte
1671 4043 1788 4084 om-

295 4118 458 4175 nium
485 4116 766 4178 breviore,
785 4130 928 4186 quae
953 4112 1307 4181 patrologiae
1335 4112 1568 4184 paginas
1592 4112 1792 4187 implet

292 4207 367 4261 54
391 4203 512 4260 sive
541 4204 648 4260 col.
685 4207 802 4259 ¹08.
832 4200 956 4268 Quo
984 4216 1113 4256 vero
1140 4198 1364 4270 longius
1389 4200 1577 4271 pergit
1604 4206 1788 4258 totum

298 4307 462 4363 opus,
486 4306 551 4345 eo
576 4287 806 4345 uberius
830 4286 1104 4343 fruticant
1125 4285 1309 4342 variae
1327 4286 1601 4343 lectiones
1624 4287 1682 4343 in
1703 4306 1793 4345 co-

295 4376 425 4434 'dice
463 4374 740 4438 Palatino,
782 4373 930 4430 sicut
973 4377 1031 4429 et
1069 4371 1130 4427 in
1173 4372 1332 4429 codd.
1374 4373 1792 4432 Wiesbadensi-

298 4464 428 4525 hus,
453 4477 593 4532 quas
616 4476 831 4524 omnes,
859 4464 925 4515 ut
947 4456 1096 4521 dixi,
1123 4457 1333 4530 recepi,
1357 4459 1582 4529 collegi,
1611 4475 1791 4516 serva·

292 4548 372 4605 vi.
425 4547 534 4605 Sed
581 4561 794 4616 aequus
839 4546 1014 4603 lector
1050 4546 1205 4617 justa
1257 4547 1414 4604 lance
1461 4548 1789 4619 perpendat,

293 4639 505 4705 quanta
545 4634 719 4689 moles
744 4631 986 4689 creverit
1013 4649 1107 4704 per
1146 4635 1250 4687 404
1288 4634 1579 4690 columnas
1611 4634 1789 4692 totius

2368 920 2571 982 duant,
2605 935 2674 975 ne
2701 919 2763 975 in
2789 916 3180 974 diversitatem

2292 1006 2387 1064 sed
2429 1013 2495 1062 ut
2531 1011 2704 1078 caput
2740 1022 2784 1063 s.
2814 1004 2966 1077 quod
3002 1003 3266 1061 Christus
3292 1001 3393 1058 Dei

2362 1091 2549 1150 Filius
2572 1096 2660 1148 est
2687 1091 3002 1164 inspiciant

2291 1180 2352 1237 in
2379 1177 2816 1236 necessitatibus
2842 1178 2992 1233 hom.
3035 1175 3292 1246 dirigant

2183 1267 2246 1323 D.
2286 1264 2389 1338 qui
2420 1265 2480 1321 in
2506 1264 2618 1320 alia
2645 1263 2767 1321 acie

2285 1353 2354 1408 ad
2384 1357 2560 1408 terras
2588 1350 2771 1408 movit

2046 1443 2150 1494 440
2176 1437 2242 1497 Α.
2285 1440 2385 1496 sed
2409 1437 2600 1510 quijn
2627 1437 2741 1494 alia

2285 1540 2400 1581 non
2445 1528 2633 1597 potest
2674 1523 3095 1597 apprehendere
3131 1524 3247 1580 cod.
3291 1524 3392 1595 sol.

2355 1616 2461 1670 31.

2179 1701 2239 1757 B.
2283 1699 2439 1757 omni
2468 1699 2675 1755 annisu

2282 1801 2442 1842 suam
2468 1787 2536 1842 ad
2565 1786 2790 1841 interna

2282 1871 2384 1944 qui
2416 1872 2475 1927 in
2501 1887 2613 1926 una
2638 1870 2759 1927 acie

2286 1956 2345 2012 in
2369 1971 2598 2028 quoque
2625 1956 2792 2012 oculo

2279 2044 2381 2100 Dei
2409 2043 2704 2116 exspirant

2173 2129 2232 2187 C.
2273 2130 2375 2202 qui
2408 2130 2468 2185 in
2498 2130 2610 2185 alia
2736 2140 2739 2141 ’

2276 2216 2377 2290 (ιυί
2404 2216 2687 2289 seraphim
2715 2219 2851 2272 sunt
2894 2214 3285 2286 significantes
3327 2220 3391 2272 ut

2356 2304 2508 2361 sicut
2536 2301 2646 2374 ipsi

2279 2395 2338 2447 et
2356 2395 2422 2445 ut
2440 2387 2688 2445 maxima
2703 2385 2980 2444 desideria
3005 2385 3244 2443 visionis
3260 2386 3312 2459 ej
3322 2402 3387 2442 us

2351 2477 2585 2540 habent,
2616 2474 2696 2531 ita
2718 2473 2871 2545 quod
2897 2481 2974 2530 et.
2999 2474 3178 2531 etiam
3200 2472 3260 2528 in
3286 2472 3375 2529 iis·

2350 2562 2478 2619 dem
2517 2561 2759 2619 desider.
2805 2562 2925 2618 suis
3372 2565 3382 2577 '

2278 2662 2409 2706 cum
2450 2649 2628 2704 multa
2662 2648 2916 2721 puritate
2954 2647 3015 2704 in
3040 2646 3383 2706 ecclesiasti·

2349 2736 2432 2793 cis
2458 2733 2750 2808 mysteriis
2779 2733 2974 2805 vigent
3028 2789 3039 2798 ,

2166 2823 2232 2878 D.
2273 2821 2549 2895 quatinus
2594 2821 2663 2876 ad
2714 2820 2917 2891 gaudia
2956 2824 3114 2892 ‘quae
3156 2826 3384 2877 aeterna

2354 2914 2489 2965 sunt
2513 2906 2849 2979 perveniant

2276 2994 2627 3051 musicorum
2644 2991 3009 3048 mirabilibus
3026 2990 3262 3048 vocibus
3284 2989 3389 3044 mi·

2350 3082 2539 3138 racula
2568 3080 2665 3135 illa
2696 3083 2962 3135 resonant

2279 3168 2680 3225 miraculorum
2707 3166 2941 3221 illorum

2038 3261 2139 3312 441
2172 3258 2237 3313 Α.
2275 3257 2431 3311 velut
2456 3254 2629 3310 etiam
2656 3253 2837 3308 David

2269 3340 2560 3415 justitiam
2590 3339 2813 3397 faciunt
3378 3384 3383 3389 .

2266 3429 2407 3502 quid
2434 3437 2520 3485 est
2546 3427 2684 3485 boc?
2713 3427 2882 3484 bomo
2905 3425 3244 3484 multociens
3267 3427 3384 3483 ine·'

2346 3522 2499 3590 ptam
2529 3518 2945 3575 exultationem
3376 3531 3383 3540 ·

2037 3611 2143 3662 442
2170 3607 2237 3664 Α.
2280 3620 2410 3663 cum
2437 3610 2733 3678 peccatum
2764 3604 2912 3661 illud

2276 3690 2745 3748 ammonitionem
2808 3704 2992 3747 meam
3055 3707 3168 3749 non
3236 3696 3386 3747 tran-

2348 3779 2599 3836 scendat.
2631 3780 2674 3846 ¹)

1879 3944 2021 4002 editi
2048 3946 2261 4006 textus,
2283 3957 2453 4014 quam
2471 3955 2601 3996 vero
2625 3939 2925 3994 molestum
2942 3936 3023 3994 sit
3037 3942 3207 4010 atque
3230 3937 3387 4013 inop-

1878 4034 2190 4101 portunum
2228 4028 2427 4099 ingens
2474 4025 2800 4100 hujusmodi
2847 4026 3183 4084 laciniamm
3225 4030 3375 4085 volu·

1878 4133 2011 4174 men
2050 4116 2200 4172 inter
2224 4115 2492 4172 anecdota
2532 4129 2831 4175 consuere,
2858 4111 3003 4183 quin
3044 4118 3230 4169 tamen
3260 4130 3382 4186 per-

1879 4203 2142 4277 spicuum
2167 4201 2244 4258 sit
2269 4200 2459 4258 omnia
2487 4199 2851 4270 Hildegardis
2876 4215 3045 4271 opera
3070 4216 3191 4256 csse
3216 4215 3379 4272 reno7

1880 4288 2083 4354 vanda,
2127 4293 2187 4346 et
2222 4304 2292 4344 ex
2333 4285 2627 4344 codicibus
2668 4285 2768 4358 qui
2815 4284 2998 4342 adhuc
3048 4293 3377 4359 supersunt,

1881 4378 2047 4448 plene
2089 4375 2312 4431 tandem
2355 4379 2414 4431 et
2451 4375 2615 4445 plane
2652 4373 3023 4446 repurganda.
3074 4372 3184 4430 Sed
3221 4380 3386 4444 urget

1882 4480 1984 4520 nos
2009 4462 2123 4519 alia
2151 4460 2371 4524 messis,
2400 4461 2555 4517 hisce
2584 4459 2957 4516 varietatibus
2985 4459 3235 4524 uberior,
3260 4475 3385 4516 cen-

1886 4555 2007 4606 tnm
2040 4566 2209 4621 prope
2239 4561 2508 4605 novarum
2537 4547 2930 4620 epistolarum,
2950 4562 3095 4617 quae
3115 4546 3301 4604 locum
3328 4546 3388 4602 in

1884 4636 2108 4708 reliquo
2138 4640 2287 4693 tomo
2313 4634 2521 4708 potiori
2545 4634 2674 4706 jure
2701 4631 3027 4705 requirunt.
