4036 6117
1353 554 1591 602 unx-:R
1638 555 1834 602 v1r2e
1883 551 2370 602 nemi-onum
2422 558 2479 602 p,
2530 555 2593 602 v.
3321 538 3448 599 203

427 685 705 758 ponunt,
733 677 986 738 nullam
1008 677 1424 738 viriditatem
1458 680 1524 738 in
1549 680 1678 739 viis
1716 680 1858 739 suis
1884 678 2231 753 habenteS,
2259 673 2303 756 ¹)
2341 678 2457 738 sed
2506 680 2782 739 colubro
2819 679 3074 738 similes
3124 678 3510 748 existenteS,

426 784 542 859 qui
577 783 662 842 ab
694 783 874 843 omni
907 782 1149 857 gaudio
1184 786 1251 842 et
1284 783 1367 843 ab
1401 784 1578 841 omni
1613 784 1872 843 laetitia
1905 783 2075 842 coeli
2109 789 2176 842 et
2210 786 2430 842 terrae
2465 799 2538 843 se
2586 783 2954 843 abscondit.

518 887 620 948 49.
659 887 804 947 Alia
839 892 1062 947 autem
1107 886 1491 946 indumenta
1523 902 1655 946 non
1692 886 1912 962 habet,
1948 886 2080 946 nisi
2114 887 2293 963 quod
2327 887 2453 946 hoc
2488 888 2682 947 modo
2719 887 2926 946 ramis
2963 886 3112 946 istis
3147 885 3518 945 circumda-

425 999 494 1052 ta
527 998 653 1067 est,
691 992 850 1067 quia
884 989 1059 1050 idern
1092 991 1332 1050 vitium
1366 990 1671 1050 homines
1707 991 1874 1051 istos
1901 991 2083 1051 nulla
2110 992 2346 1066 gloria,
2382 991 2565 1050 nulla
2600 991 2949 1051 honestate
2982 990 3358 1064 decoratos,
3396 991 3514 1051 sed

423 1098 603 1158 omni
633 1096 951 1156 felicitate
979 1095 1193 1155 nudos
1222 1094 1460 1171 reddit,
1489 1102 1557 1155 et
1592 1102 1664 1154 ut
1697 1095 2075 1171 praefatum
2107 1101 2234 1169 est,
2264 1098 2580 1172 pessimis
2616 1095 3115 1156 calamitatibus
3150 1111 3514 1171 oppressos

424 1198 744 1273 ostendit,
781 1198 1098 1274 quoniam
1125 1213 1198 1257 se
1227 1198 1434 1275 ipSOS,
1463 1214 1586 1257 nec
1612 1199 1783 1258 alios
1816 1198 2125 1274 diligunt,
2164 1198 2282 1257 sed
2314 1200 2623 1258 omnibus
2656 1198 3085 1273 gravedinem
3113 1199 3180 1257 in
3212 1199 3515 1259 moribus

421 1305 566 1365 suis
617 1303 928 1364 inferunt.
964 1303 1149 1375 Quod
1198 1308 1422 1363 autem
1464 1303 1738 1378 maligni
1788 1303 2069 1378 spiritus
2119 1318 2271 1364 curn
2305 1304 2497 1379 nigra
2548 1304 2789 1363 nebula
2822 1302 3015 1363 valde
3067 1303 3355 1363 foetente
3404 1320 3516 1363 ve-

424 1408 708 1482 nienteS,
748 1408 963 1483 ipsam
1009 1407 1349 1481 invadunt,
1389 1407 1469 1466 ad
1505 1423 1673 1482 quos
1707 1406 2030 1481 gemendo
2066 1423 2137 1466 se
2173 1407 2476 1482 reclinat,
2514 1406 2637 1466 hoc
2670 1412 2775 1466 est
2809 1408 2985 1483 quod
3019 1408 3415 1483 nequissimi
3449 1415 3517 1467 et

422 1511 740 1573 diabolici
790 1512 1070 1588 spiritus
1119 1528 1272 1570 cum
1319 1511 1663 1585 nigredine
1712 1512 2161 1586 pessimarum
2198 1512 2443 1570 artium
2480 1527 2777 1585 suarum,
2822 1512 3001 1571 omni
3049 1512 3245 1572 sorde
3278 1518 3345 1571 et
3394 1513 3515 1571 im-

425 1616 757 1677 munditia
808 1615 1222 1688 foetentium,
1259 1615 1681 1689 ebulliente8‚
1720 1614 2102 1690 praedictos
2153 1615 2455 1674 homines
2491 1633 2639 1674 curn
2677 1615 3019 1691 praedicto
3067 1615 3231 1675 vitio
3280 1631 3515 1691 aggre-

412 1719 713 1795 diuntur,
766 1721 833 1779 et
865 1736 982 1779 eos
1017 1719 1100 1779 ab
1134 1719 1314 1780 omni
1362 1718 1819 1778 consolatione
1852 1721 1917 1778 et
1950 1718 2036 1779 ab
2070 1720 2246 1778 omni
2283 1719 2508 1795 quiete
2544 1720 2865 1779 mentium
2900 1735 3171 1779 suarum
3207 1720 3504 1795 trahunt,

415 1825 513 1884 ita
545 1823 722 1900 quod
761 1823 874 1883 isti
903 1823 1062 1896 illis,
1098 1820 1534 1898 desperantes
1560 1828 1627 1882 et
1662 1838 1734 1882 se
1770 1823 1956 1898 ipsos
1983 1824 2470 1897 abominante5‚
2510 1824 2954 1899 consentiunt,
2984 1840 3105 1883 nec
3138 1824 3268 1884 sibi
3304 1825 3509 1884 ullam

414 1926 903 1987 beatitudinem
953 1925 1193 1985 adesse
1240 1942 1438 2003 posse
1488 1925 1847 2000 confidunt;
1899 1926 2085 1986 velut
2134 1926 2309 1986 idem
2354 1928 2594 1987 vitium
2629 1928 2695 1987 in
2742 1927 2968 1988 verbis
3003 1929 3168 2003 suis,
3215 1934 3287 1987 ut
3322 1945 3511 2005 prae-

422 2032 874 2090 monstratum
906 2032 1032 2104 est,
1069 2030 1388 2090 declarat.
1427 2030 1732 2090 Coeleste
1779 2034 2002 2090 autem
2051 2030 2369 2105 gaudium
2404 2031 2500 2090 illi
2552 2031 2929 2107 respondet,
2982 2037 3048 2091 et
3079 2037 3155 2090 ut
3204 2031 3507 2092 homines

415 2134 935 2196 amaritudinem
985 2135 1301 2199 tristitiae
1337 2153 1373 2195 a
1409 2151 1480 2195 se
1528 2136 1905 2212 projiciant,
1943 2141 2009 2195 et
2042 2135 2176 2196 Deo
2214 2137 2280 2195 in
2314 2137 2554 2212 gaudio
2599 2135 3026 2210 adhaereant,
3080 2135 3367 2196 fideliter
3400 2150 3507 2194 ex-

422 2238 749 2301 hortatur.

1812 2340 2097 2407 XXXVI.

1597 2558 1690 2617 De
1738 2560 1956 2636 forma
2003 2559 2130 2618 zeli
2182 2556 2321 2617 Dei.

500 2765 606 2825 50.
642 2764 721 2824 Et
754 2778 908 2823 ecce
957 2778 1182 2823 coram
1230 2762 1535 2837 praefato
1582 2763 1730 2823 viro
1781 2780 2029 2825 aeneus
2066 2765 2288 2840 fustiS,
2330 2770 2401 2824 ut
2439 2765 2636 2826 fustis
2672 2769 3095 2842 percussoris
3144 2775 3270 2846 est,
3310 2771 3503 2847 abys-

412 2884 491 2927 so
539 2867 778 2927 infixus
827 2870 1128 2941 apparet,
1180 2866 1296 2942 qui
1341 2867 1408 2925 in
1455 2874 1819 2943 conspectu
1864 2868 2005 2944 Dei,
2060 2869 2503 2929 fortissimum
2552 2871 2763 2930 zelum
2814 2873 2960 2948 eJus
3009 2875 3091 2934 ad
3139 2877 3504 2939 vindictam

411 2969 742 3030 malorum
789 2975 1287 3046 praeparatum,
1322 2976 1389 3029 et
1423 2970 1972 3046 profundissimis
2022 2973 2295 3048 judiciis
2335 2974 2480 3050 ejus
2532 2975 2919 3051 impositum
2967 2979 3296 3057 designat,
3332 2983 3499 3043 nihil

411 3071 780 3147 ferientem,
815 3072 981 3131 nihil
1016 3074 1576 3134 comminuentem
1611 3092 1811 3152 quam
1845 3076 2024 3151 quod
2081 3078 2305 3136 divina
2356 3078 2609 3154 judicia
2664 3078 3141 3144 demonstrant.
3194 3085 3316 3156 Qui
3374 3086 3501 3147 hac

404 3181 479 3236 et
524 3176 681 3236 illac
729 3177 923 3252 quasi
973 3177 1056 3236 ad
1105 3178 1610 3252 percutiendum
1659 3185 1989 3254 movetur,
2028 3181 2185 3256 quia
2219 3183 2440 3241 omnia
2474 3184 2828 3259 perquirit,
2865 3188 3086 3246 omnia
3120 3197 3504 3264 perscruta-

406 3285 519 3340 tur
540 3295 713 3356 quae
732 3279 935 3356 Justis
959 3279 1079 3339 Dei
1105 3280 1381 3358 judiciis
1405 3284 1842 3343 examinanda
1868 3291 1935 3344 et
1959 3285 2379 3345 discutienda
2415 3291 2570 3346 sunt
2591 3285 2664 3366 ²).
2694 3288 2771 3347 Et
2797 3296 3018 3351 motus
3044 3292 3211 3369 ejus,
3240 3297 3500 3358 scilicet

408 3389 593 3445 recta
619 3383 896 3460 judicia,
933 3386 1056 3444 zeli
1089 3384 1208 3445 Dei
1244 3402 1503 3461 sonum,
1540 3387 1854 3446 videlicet
1882 3386 2269 3461 judicialem
2303 3391 2703 3450 sententiam
2746 3393 2847 3452 sio
2878 3393 3209 3456 dicentem
3254 3398 3494 3477 reddit,

401 3487 718 3563 quoniam
752 3503 992 3563 magna
1040 3489 1434 3548 austeritate
1483 3490 1750 3565 clamat,
1796 3491 1973 3566 quod
2022 3491 2391 3551 diabolicas
2439 3494 2736 3554 visiones
2782 3495 2916 3556 Deo
2967 3514 3338 3576 repugnare
3387 3520 3500 3566 cu-

400 3590 683 3667 pientes»,
719 3596 787 3650 et
813 3589 895 3651 ad
928 3590 1349 3651 altitudinem
1387 3592 1570 3651 illam
1603 3610 1778 3669 quae
1810 3595 1874 3653 in
1909 3595 2043 3654 ima
2070 3593 2433 3672 descendit,
2471 3600 2848 3675 pertingere
2875 3605 3373 3683 contendentes,
3412 3611 3497 3668 ab

404 3695 589 3754 omni
619 3693 861 3754 decore
892 3701 959 3754 et
993 3694 1077 3754 ab
1112 3696 1291 3754 omni
1326 3695 1736 3757 beatitudine
1772 3697 2053 3773 auferet,
2091 3715 2169 3757 ac
2203 3699 2269 3757 in
2303 3702 2774 3762 contumeliam
2810 3704 3121 3766 foetentis
3147 3710 3497 3771 cadaveris

399 3797 732 3874 projiciet3
785 3799 943 3873 quia
993 3799 1136 3873 ipse
1187 3816 1225 3858 a
1272 3801 1645 3860 voracitate
1692 3802 1892 3877 primi
1929 3802 2347 3863 insidiatoris
2381 3810 2448 3864 et
2481 3822 2519 3864 a
2554 3805 2739 3866 rabie
2773 3807 2916 3883 ejus
2951 3811 3314 3872 crudeliter
3346 3831 3499 3890 pro-

405 3900 711 3975 deuntes,
747 3916 1206 3978 quoscumque
1241 3909 1546 3978 possunt,
1588 3905 1654 3963 in
1688 3906 1832 3965 loca
1880 3908 2218 3982 pessimae
2266 3908 2713 3969 damnationis
2763 3927 2988 3972 secum
3039 3915 3306 3976 trahere
3357 3924 3498 3976 stu-

405 4003 583 4066 dent.
635 4002 759 4064 Sed
791 4020 907 4065 eas
940 4006 1126 4066 zelus
1159 4005 1419 4067 Domini
1454 4008 1803 4085 dispergit,
1841 4017 1907 4070 et
1941 4012 2023 4070 ad
2058 4011 2339 4072 nihilum
2373 4013 2670 4089 deducit,
2707 4019 3019 4091 quoniam
3065 4023 3285 4081 omnia
3313 4023 3496 4097 Juste

399 4109 758 4186 examinat,
808 4114 877 4170 et
924 4125 1229 4186 quaeque
1277 4127 1449 4188 quae
1492 4113 1853 4188 judicanda
1902 4121 2081 4191 sunt,
2114 4116 2296 4192 juste
2328 4116 2672 4193 dijudicat,
2712 4120 2888 4179 sicut
2918 4123 3122 4182 etiam
3168 4126 3495 4201 scriptum

400 4214 526 4273 est:

1789 4323 2090 4385 XXXVII.

1643 4536 1736 4595 De
1789 4535 1951 4597 libro
2011 4537 2243 4597 Exodi.

485 4736 592 4798 51.
639 4738 907 4799 Factum
939 4746 1033 4799 est
1068 4749 1314 4817 autem,
1348 4746 1421 4802 in
1454 4747 1662 4804 noctis
1696 4746 1933 4821 medio,
1965 4750 2296 4823 percussit
2334 4750 2653 4810 Dominus
2688 4769 2949 4813 omnem
2970 4757 3492 4833 primoqenitum

395 4844 469 4903 in
501 4849 684 4904 terra
715 4846 994 4923 Aeqypti
1019 4864 1061 4906 a
1081 4848 1520 4925 primoqenito
1546 4838 1939 4926 Pharaonis,
1975 4855 2091 4930 qui
2124 4853 2383 4914 sedebat
2416 4858 2488 4914 in
2522 4857 2680 4916 solio
2712 4855 2878 4933 ejus,
2906 4877 3113 4936 usque
3142 4861 3228 4920 ad
3244 4864 3497 4938 primo-

389 4949 690 5022 9enitum
722 4951 1016 5026 captivae
1049 4969 1216 5027 quae
1250 4959 1392 5010 erat
1425 4955 1498 5012 in
1533 4973 1815 5030 carcere,
1852 4963 1912 5015 et
1948 4973 2208 5017 omnem
2237 4961 2758 5038 primoqenitum
2774 4959 3258 5035 jumentorum.
3287 4961 3337 5044 3)

487 5049 689 5128 Cujus
725 5067 965 5113 sensus
1000 5055 1157 5114 talis
1190 5059 1313 5114 est.
1360 5056 1528 5117 Dum
1564 5059 1883 5134 iniquitas
1919 5063 2510 5140 superabundavit,
2551 5065 2641 5124 ita
2678 5065 2855 5141 quod
2891 5082 2928 5126 a
2964 5069 3144 5129 nullo
3188 5086 3261 5128 se
3297 5084 3491 5145 supe-

473 5219 515 5291 ¹)
540 5222 858 5281 homibus
883 5224 975 5283 W.
1008 5257 1073 5266 --
1098 5227 1143 5294 2)
1170 5228 1536 5299 dijudicanda
1558 5237 1685 5286 sunt
1711 5230 1800 5287 W.
1832 5263 1901 5272 —
1924 5230 1969 5300 ²)
2001 5233 2172 5290 Exod.
2205 5232 2307 5299 Xl,
2338 5238 2391 5292 5.
