4036 6117
1241 563 1472 609 menn
1526 562 1722 607 virm:
1774 562 2253 607 Mani'ronun.
2309 561 2363 603 ι».
2418 559 2504 603 lv.
3218 541 3337 602 1131

317 681 580 742 consilii
617 683 746 757 sui,
788 685 849 742 in
886 685 1192 744 omnibus
1229 685 1546 759 operibus
1583 701 1752 759 quae
1789 685 2129 759 sapienter
2164 683 2598 759 perpetravit;
2638 698 2789 740 cum
2824 681 3071 756 quibus
3106 684 3305 741 etiam
3345 684 3415 741 ss—

322 787 443 846 lios
480 786 824 847 hominum
857 788 1172 863 protegit,
1210 804 1302 846 ne·
1325 789 1483 846 nudi
1518 805 1742 847 coram
1778 787 1911 845 Deo
1947 787 2311 859 ambulent,
2349 789 2416 845 et
2451 787 2517 844 in
2548 785 2793 862 quibus
2827 786 3030 844 etiam
3069 786 3219 844 illos
3246 788 3415 845 otio-

318 906 430 948 sos
477 906 631 950 esse
682 908 812 951 non
857 892 1208 967 permittit,
1260 893 1418 967 quia
1466 892 1566 950 eis
1616 892 1905 967 plurima
1953 908 2158 967 opera
2196 892 2259 949 in
2294 890 2536 967 quibus
2571 895 2929 965 operentur
2969 890 3408 965 demonstrat3

315 997 631 1070 quoniam
680 1003 747 1056 et
798 996 943 1072 ipsa
993 1012 1257 1072 semper
1304 997 1569 1071 operari
1606 997 1797 1056 solet.
1832 997 2254 1072 Quapropter
2291 995 2483 1054 valde
2519 994 2735 1054 fidelis
2767 1000 2895 1067 est,
2937 995 3001 1053 in
3034 1010 3166 1070 qua
3201 995 3410 1054 fideli-

317 1104 450 1158 tate
500 1101 655 1160 navi
705 1101 1151 1175 assimilatur,
1205 1117 1376 1177 quae
1425 1102 1648 1160 omnia
1695 1101 1869 1161 bona
1918 1104 1985 1160 et
2017 1102 2403 1160 necessaria
2440 1100 2820 1159 hominibus
2855 1106 3102 1175 portat,
3140 1107 3206 1159 et
3240 1118 3411 1178 quae

318 1203 499 1263 illius
531 1211 659 1278 est,
695 1205 810 1281 qui
848 1204 1034 1265 faber
1067 1205 1294 1264 mundi
1330 1205 1648 1277 existenS,
1686 1205 1979 1263 coeleste
2014 1220 2292 1279 regnum
2329 1204 2713 1279 potentibus
2764 1220 2882 1279 pro
2911 1204 3116 1278 justis
3164 1205 3411 1264 labori-

316 1307 440 1367 bus
490 1308 634 1367 suis
686 1308 940 1369 tribuit.
992 1308 1116 1368 Sed
1165 1316 1232 1369 et
1279 1309 1511 1369 eadem
1561 1309 1849 1369 fidelitas
1898 1309 2266 1383 sapientiae
2316 1326 2354 1367 a
2402 1309 2527 1367 sine
2563 1309 2787 1368 mundi
2845 1326 3057 1399 usque
3095 1310 3176 1369 ad
3214 1310 3411 1369 finem

311 1410 461 1486 ejus
510 1413 733 1486 palam
782 1419 1005 1489 portat
1052 1429 1280 1473 escam
1330 1414 1543 1487 illam,
1597 1429 1727 1489 qua
1764 1429 1994 1472 omnes
2030 1413 2145 1489 qui
2180 1413 2428 1472 salvari
2464 1414 2764 1489 cupiunt,
2803 1414 2984 1472 refici
3027 1413 3293 1486 debent,
3332 1431 3412 1472 ne

319 1515 383 1573 in
430 1516 540 1575 via
574 1523 642 1575 et
677 1517 904 1577 labore
937 1519 1314 1577 animarum
1350 1533 1623 1577 suarum
1658 1516 1992 1591 deficiant,
2032 1516 2149 1575 sed
2185 1519 2255 1576 ut
2287 1532 2366 1576 ea
2401 1515 2634 1575 refecti
2670 1515 2751 1575 ad
2787 1517 3267 1591 plenitudinem
3305 1534 3408 1576 sa-

315 1618 570 1678 tietatis
609 1620 790 1679 illius
824 1622 1237 1696 perveniant,
1278 1621 1388 1680 ubi
1424 1621 1714 1697 amplius
1749 1638 1881 1679 non
1912 1621 2216 1680 esuriant
2246 1616 2313 1698 ¹).

1703 1845 2009 1905 XXVIIII.

1627 2039 1721 2097 De
1771 2038 2111 2096 oblivione.

396 2245 503 2305 39.
541 2246 620 2304 Et
646 2245 834 2305 vides
861 2246 1129 2305 tertiam
1162 2246 1540 2320 imaginem,
1573 2261 1742 2319 quae
1777 2245 2179 2304 oblivionem
2213 2245 2704 2317 demonstranS,
2744 2244 2849 2303 hic
2886 2249 3036 2318 post
3066 2246 3401 2321 torporem

319 2349 596 2424 incedit,
649 2350 966 2425 quoniam
1012 2354 1081 2409 et
1130 2350 1196 2409 in
1244 2350 1570 2409 servitute
1621 2349 1735 2407 Dei
1773 2366 1848 2408 ac
1887 2349 1948 2407 in
1992 2349 2146 2407 aliis
2182 2350 2703 2409 necessitatibus
2740 2350 2882 2408 suis
2918 2356 3259 2423 torpentes
3295 2350 3410 2407 ho-

310 2455 523 2514 mines
576 2455 658 2515 ad
709 2455 833 2516 boc
881 2457 1147 2516 tandem
1195 2457 1626 2533 perveniunt,
1663 2456 1839 2532 quod
1871 2456 2104 2531 Deum,
2141 2458 2334 2532 quasi
2369 2474 2519 2516 eum
2556 2458 2877 2529 nesciant,
2916 2458 3237 2518 oblivioni
3274 2465 3409 2517 tra-

310 2558 491 2633 dunt,
528 2565 597 2620 et
630 2560 805 2636 quod
840 2560 920 2620 ad
957 2577 1110 2620 eum
1143 2568 1418 2638 propter
1451 2562 1698 2620 multas
1734 2561 2232 2620 sciscitationes
2266 2562 2751 2621 diabolicarum
2789 2563 3177 2622 irrisionum
3225 2564 3408 2621 veni-

310 2677 378 2720 re
413 2679 544 2721 non
576 2661 982 2737 desiderant3
1021 2663 1137 2722 sed
1174 2665 1350 2739 quod
1385 2663 1665 2723 consilia
1700 2681 1822 2723 sua
1859 2664 1923 2722 in
1958 2665 2343 2740 semetipsis
2377 2681 2497 2740 pro
2532 2664 2665 2723 Deo
2702 2663 2970 2739 habent,
3001 2665 3173 2725 unde
3200 2667 3402 2725 etiam

308 2782 424 2841 pro
458 2764 596 2825 Deo
629 2766 978 2826 Diabolum
1003 2765 1054 2845 ²)
1091 2767 1616 2843 apprehendunt.
1657 2767 1859 2843 Cujus
1894 2773 2094 2843 caput
2131 2775 2201 2827 ut
2235 2773 2435 2843 caput
2470 2769 2799 2827 stellionis
2833 2773 2960 2843 est,
2991 2771 3058 2829 et
3086 2770 3279 2845 cujus
3309 2786 3408 2827 re-

303 2868 561 2946 liquum
609 2885 851 2946 corpus
900 2872 1167 2947 corpori
1218 2872 1508 2930 lacertae
1559 2871 1993 2946 assimilatur,
2049 2872 2205 2946 quia
2245 2872 2440 2930 iidem
2478 2872 2781 2931 homines
2817 2872 2944 2932 hoc
2985 2873 3226 2933 vitium
3258 2874 3408 2933 dili-

306 2980 561 3049 genteS,
609 2974 675 3034 in
709 2975 1044 3035 mentibus
1092 2982 1159 3035 et
1208 2975 1275 3034 in
1321 2975 1783 3035 voluntatibus
1817 2976 1961 3035 suis
1995 2978 2420 3035 contumaces
2456 2981 2633 3049 sunt,
2673 2991 2750 3034 ac
2782 2976 3007 3036 omnia
3043 2992 3251 3052 opera
3284 2992 3408 3036 sua

302 3076 432 3140 Deo
482 3081 970 3140 contumaciter
1013 3085 1381 3157 opponunt,
1435 3081 1528 3140 ita
1577 3081 1751 3156 quod
1800 3081 2002 3140 etiam
2054 3097 2283 3139 omnes
2332 3081 2630 3140 actiones
2680 3097 2841 3139 suas
2878 3081 2944 3139 in
2976 3096 3301 3157 praeceps
3335 3086 3404 3139 et

307 3182 370 3240 in
404 3182 1027 3243 immoderationem
1059 3189 1351 3257 vertunt,
1388 3184 1703 3259 quoniam
1736 3183 2115 3260 praefatum
2148 3183 2389 3242 vitium
2422 3198 2542 3258 per
2576 3181 2895 3241 invidiam
2931 3188 2997 3241 et
3030 3198 3151 3257 per
3185 3182 3397 3241 incre-

303 3283 654 3345 dulitatem
703 3285 1035 3346 interdum
1082 3303 1198 3347 eos
1248 3286 1374 3347 hoc
1424 3287 1617 3347 modo
1668 3293 1995 3360 exterret,
2034 3285 2212 3362 quod
2248 3285 2604 3361 aliquando
2640 3286 2949 3344 nesciunt
2982 3285 3152 3360 quid'
3180 3285 3400 3345 facere

306 3388 591 3461 possint.
642 3386 725 3447 Et
771 3404 998 3448 coram
1048 3389 1162 3449 illa
1214 3390 1424 3449 nubes
1473 3395 1774 3465 apparet,
1827 3404 1997 3464 quae
2032 3389 2223 3462 nigra
2256 3387 2525 3446 turbida
2559 3402 2637 3446 ac
2671 3386 2993 3446 nebulosa
3027 3389 3154 3462 est,
3190 3386 3399 3448 densa

295 3492 443 3552 alba
492 3491 668 3551 nube
703 3493 1107 3568 intermixta,
1145 3494 1303 3569 quia
1335 3493 1544 3553 Deum
1579 3492 1899 3553 oblivioni
1951 3492 2316 3566 tradenteS,
2356 3491 2487 3550 sibi
2535 3492 2761 3550 varias
2809 3491 3254 3566 cogitationes
3305 3493 3402 3552 in-

303 3595 730 3655 stitutionum
757 3612 1033 3657 suarum
1058 3605 1432 3674 proponunt
1456 3592 1532 3676 ³),
1562 3597 1674 3657 ubi
1709 3612 1882 3656 nunc
1913 3597 1975 3655 in
2004 3597 2345 3672 impietate
2382 3595 2583 3669 nigri,
2621 3611 2795 3655 nunc
2832 3595 2897 3654 in
2932 3595 3400 3656 incredulitate

311 3699 584 3774 turbidi,
613 3697 849 3780 nunc⁴)
882 3702 946 3761 in
972 3702 1241 3762 diversa
1268 3702 1731 3762 vicissitudine
1756 3701 2063 3761 nebulosi
2092 3706 2266 3760 sunt.
2296 3699 2473 3770 Quae
2500 3704 2723 3758 tamen
2746 3699 2969 3758 omnia
2996 3699 3187 3775 ipsiS,
3216 3700 3403 3759 velut

308 3805 368 3863 in
402 3805 557 3866 alba
592 3806 787 3881 nube,
824 3807 990 3867 bene
1023 3808 1310 3883 placent,
1362 3823 1514 3867 curn
1548 3812 1787 3866 cuncta
1819 3821 2025 3882 opera
2076 3821 2198 3864 sua
2246 3803 2611 3864 secundum
2661 3805 2982 3879 placitum
3030 3805 3399 3864 voluntatis

309 3923 467 3968 suae
520 3908 1002 3984 intermiscent;
1053 3910 1169 3970 ubi
1210 3910 1374 3969 nihil
1425 3909 1605 3969 aliud
1658 3907 1931 3983 faciunt,
1970 3887 2172 3984 quam
2220 3907 2396 3983 quod
2431 3907 2838 3966 desiderium
2882 3908 3184 3982 ipsorum
3216 3908 3317 3966 eis
3346 3901 3395 3984 ⁵)

303 4011 617 4073 ostendit.
668 4013 854 4085 Quod
904 4021 1126 4075 autem
1175 4014 1406 4073 eadem
1459 4014 1675 4087 imago
1726 4013 2100 4072 anteriores
2149 4011 2353 4088 pedes
2400 4027 2561 4070 suos
2595 4027 2799 4086 supra
2833 4010 3243 4085 praedictam
3279 4027 3398 4069 nu-

305 4111 450 4173 bem
485 4115 696 4191 ponit,
736 4116 862 4176 hoc
895 4123 1001 4176 est
1034 4117 1210 4193 quod
1248 4117 1343 4176 illi
1380 4118 1443 4175 in
1481 4116 1726 4192 quibus
1761 4115 2009 4175 oblivio
2059 4114 2176 4173 Dei
2225 4120 2353 4189 est,
2405 4115 2692 4188 vestigia
2729 4130 2850 4172 sua
2885 4129 3056 4189 quae
3106 4115 3398 4189 primum

303 4217 380 4275 ad
418 4220 707 4279 salutem
742 4221 1116 4280 animarum
1147 4236 1426 4280 suarum
1460 4220 1749 4294 dirigere
1783 4219 2132 4293 deberent,
2171 4235 2303 4278 non
2336 4233 2414 4276 ea
2450 4217 2531 4276 ad
2565 4217 2834 4292 bonum,
2872 4217 2989 4277 sed
3025 4219 3109 4278 ad
3141 4221 3392 4281 malurn

302 4329 575 4399 ponunt,
628 4329 695 4382 et
729 4339 801 4382 se
837 4324 901 4383 in
934 4323 1244 4383 omnibus
1278 4323 1593 4399 operibus
1627 4339 1704 4381 ac
1742 4323 1807 4381 in
1842 4321 2153 4382 omnibus
2189 4320 2544 4380 itineribus
2578 4319 2722 4378 suis
2758 4320 2821 4378 in
2855 4319 3023 4379 duas
3057 4322 3226 4397 viae,
3265 4325 3395 4384 sci-

305 4433 460 4492 licet
511 4435 576 4493 in
625 4432 1027 4493 oblivionem
1075 4431 1192 4490 Dei
1239 4446 1318 4490 ac
1370 4430 1433 4489 in
1482 4429 1801 4489 duritiam
1848 4427 2096 4501 cordis»,
2131 4426 2457 4500 dividunt,
2504 4426 2617 4485 illa
2668 4431 2927 4492 tanturn
2975 4428 3393 4489 attendentes

300 4554 431 4615 quo
483 4537 668 4613 ipsos
718 4550 906 4593 mens
954 4550 1187 4593 eorum
1234 4534 1439 4608 ducit,
1490 4534 1668 4592 sicut
1700 4532 1900 4590 etiam
1940 4530 2112 4590 idem
2146 4530 2383 4589 vitium
2422 4531 2486 4589 in
2519 4529 2746 4588 verbis
2780 4531 2924 4589 suis
2958 4532 3272 4608 ostendit,
3322 4542 3394 4594 ut

304 4642 719 4718 praedictum
743 4644 867 4699 est.
905 4638 1028 4698 Sed
1065 4640 1389 4700 sanctitas
1426 4639 1553 4714 ipsi
1589 4642 1935 4712 repugnat,
1973 4651 2247 4695 monens
2285 4641 2359 4694 ut
2393 4634 2721 4709 homines,
2759 4636 3095 4697 oblivione
3121 4642 3390 4715 postpo-

302 4752 454 4824 sita,
487 4749 697 4810 Deum
731 4748 1066 4807 veraciter
1098 4746 1398 4822 diligant.

373 4952 414 5016 ¹)
439 4952 684 5007 enutriunt
710 4950 799 5005 W.
833 4980 900 4990 —
923 4952 968 5014 ²)
999 4949 1413 5020 Diabolumpro
1442 4949 1551 5004 Deo
1578 4948 1667 5005 W.
1703 4980 1767 4989 —
1796 4946 1839 5010 ³)
1865 4951 2122 5021 proponit
2148 4947 2214 5001 A.
2250 4975 2311 4983 —
2341 4944 2384 5008 ⁴)
2412 4960 2503 4997 nec
2526 4943 2616 4999 bis
2643 4943 2708 4997 A.
2745 4973 2803 4980 —
2834 4945 2876 5006 ⁵)
2905 4943 2993 4996 lais
3017 4941 3082 4996 A.

477 5318 824 5378 AxALEcr.
878 5319 945 5377 T.
999 5317 1157 5376 VIII.
1215 5317 1293 5376 11
