4036 6117
1211 511 1450 558 menn
1499 512 1692 556 vxrAE
1742 509 2224 556 Mssmronum.
2278 510 2334 552 P.
2384 506 2495 552 111.
3214 492 3338 552 137

1768 733 1954 797 LXV.

1277 929 1402 1007 ⁴De
1448 948 1865 1023 poenitentia
1912 948 2413 1022 desperationis.

402 1155 509 1217 82.
560 1156 641 1216 Et
674 1155 756 1216 de
788 1155 1130 1231 praedicta
1163 1155 1432 1215 vivente
1466 1155 1612 1214 luce
1646 1170 1878 1215 vocem
1909 1156 2151 1215 iterum
2188 1154 2350 1213 mihi
2378 1153 2709 1213 dicentem
2743 1151 2992 1213 audivi:
3030 1152 3208 1216 Haec
3241 1169 3410 1229 quae

309 1262 527 1337 videS,
563 1278 728 1323 vera
774 1269 948 1323 sunt.
984 1262 1110 1322 Sed
1146 1262 1297 1322 istis
1332 1263 1445 1338 qui
1494 1260 2031 1338 desperationem
2067 1261 2197 1320 sibi
2231 1261 2678 1334 accumulant,
2714 1265 2781 1319 et
2814 1260 2928 1336 qui
2980 1259 3262 1320 bonitati
3295 1259 3412 1319 Dei

306 1382 440 1427 non
471 1366 834 1443 confidunt,
862 1365 1071 1428 Deum
1098 1366 1501 1444 habentibus
1535 1367 1730 1443 quasi
1763 1366 1940 1426 Deus
1977 1382 2107 1425 non
2142 1365 2252 1440 sit,
2282 1365 2441 1441 quid
2476 1364 2658 1425 aliud
2691 1364 2929 1439 aderit,
2960 1380 3161 1440 quam
3198 1363 3414 1423 mors?

301 1468 430 1529 Sed
462 1472 542 1529 ut
574 1470 892 1546 malignis
942 1470 1316 1546 spiritibuS,
1352 1470 1433 1530 ad
1483 1470 2023 1546 desperationem
2063 1485 2182 1530 eos
2230 1468 2762 1544 exhortantibuS,
2816 1468 3176 1542 resistant,
3228 1479 3298 1529 et
3332 1474 3407 1528 ut

302 1573 844 1648 desperationem
876 1574 959 1636 de
993 1591 1067 1635 se
1099 1575 1395 1650 abigant,
1433 1575 1622 1651 puris
1656 1574 2074 1634 orationibus
2107 1579 2175 1632 et
2207 1589 2496 1649 genuum
2531 1573 2925 1633 flexionibus
2961 1574 3139 1632 b‘ona
3174 1573 3411 1633 volun-

303 1684 443 1739 tate
479 1679 820 1754 insistant;
871 1678 987 1739 ‘sed
1021 1685 1095 1739 ut
1143 1677 1513 1753 ponderosa
1543 1678 1796 1753 jeJunia
1845 1684 1913 1738 et
1947 1678 2117 1738 alios
2152 1693 2394 1754 graves
2444 1678 2711 1738 labores
2744 1678 3094 1754 arripiant,
3138 1678 3237 1737 eis
3272 1693 3403 1737 non

299 1781 598 1858 expedit,
634 1797 717 1846 ne
752 1782 817 1842 in
852 1782 1170 1858 maj0rem
1206 1782 1744 1858 desperationem
1778 1783 2096 1858 incidant,
2135 1783 2293 1859 quia
2326 1782 2652 1856 plurimos
2681 1782 2948 1841 dolores
2984 1782 3050 1841 in
3091 1781 3409 1842 cordibus

306 1886 454 1944 suis
489 1900 614 1961 per
645 1884 770 1944 hoc
802 1885 1044 1945 vitium
1078 1900 1230 1945 cum
1265 1886 1592 1945 acerrima
1627 1885 2074 1945 amaritudine
2113 1885 2351 1944 serunt.

1757 2106 1972 2170 LXVI.

1375 2308 1468 2367 De
1509 2312 1778 2383 peccato
1831 2306 2336 2382 desperationis,

400 2510 509 2573 83.
563 2511 955 2591 Desperatio
988 2530 1274 2590 namque
1308 2529 1552 2589 corpus
1589 2513 1879 2574 hominis
1914 2514 2140 2588 laedit,
2178 2515 2466 2573 animam
2503 2511 2650 2587 ejus
2699 2511 2965 2586 occidit,
3013 2510 3220 2570 Deum
3254 2527 3417 2587 quo-

311 2634 442 2695 que
474 2601 868 2695 contemnit,
904 2625 972 2680 et
999 2619 1250 2694 judicia
1283 2619 1429 2694 ejus
1463 2620 1825 2694 postponit,
1863 2625 1929 2677 et
1964 2619 2298 2694 adjutoria
2325 2619 2471 2694 ejus
2508 2619 2570 2676 in
2608 2618 2788 2677 nullo
2821 2632 2974 2676 esse
3010 2616 3279 2676 fatetur.
3317 2616 3409 2675 Ac

320 2723 494 2783 intra
533 2725 969 2800 semetipsam
1002 2723 1183 2784 dicit:
1219 2723 1398 2795 Quae
1432 2730 1588 2783 sunt
1621 2740 1791 2800 quae
1823 2723 1999 2783 Deus
2038 2723 2227 2783 fecit?
2260 2729 2327 2783 et
2353 2723 2465 2782 ubi
2492 2737 2614 2798 ego
2649 2738 2799 2782 esse
2822 2715 2867 2801 ¹)
2897 2728 3157 2796 potem,
3186 2721 3316 2781 nisi
3346 2722 3411 2780 in

307 2826 720 2902 perditione?
751 2827 857 2887 Sic
888 2828 1268 2904 desperatio
1302 2828 1386 2887 ab
1420 2828 1598 2886 omni
1634 2828 1804 2886 bono
1839 2827 2214 2886 destruitur
2237 2824 2313 2905 ⁴²),
2345 2826 2606 2886 scilicet
2639 2841 2679 2884 a
2706 2825 2831 2884 fide
2866 2825 3238 2900 projicitur,
3269 2829 3335 2883 et
3370 2841 3408 2883 a

309 2931 453 3006 lege
486 2930 987 3007 Scripturarum
1019 2932 1302 3006 deletur,
1339 2932 1651 3008 quoniam
1688 2948 1842 2991 cum
1877 2932 1981 2992 his
2015 2932 2235 2992 omnia
2270 2931 2446 2991 bona
2478 2931 2849 3008 probantur
2890 2932 2958 2992 et
3004 2936 3398 3005 noscuntur,

309 3035 873 3112 quemadmodum
899 3052 1052 3097 cum
1077 3042 1352 3113 argento
1380 3037 1601 3096 omnia
1634 3041 2130 3097 commutantur
2155 3043 2223 3098 et
2249 3040 2743 3111 comparantur.
2779 3035 2933 3110 Ipsa
2964 3034 3143 3094 enim
3176 3048 3298 3094 nec
3336 3033 3402 3093 in

307 3137 519 3200 Deum
552 3140 843 3216 confidit,
883 3157 1004 3201 nec
1039 3142 1105 3200 in
1137 3157 1288 3200 eum
1325 3142 1560 3214 credit,
1596 3156 1718 3200 nec
1752 3141 2089 3215 intelligit,
2124 3156 2247 3200 nec
2282 3141 2410 3200 scit
2443 3140 2603 3217 quid
2638 3141 2783 3215 ipsa
2832 3140 2942 3199 sit.
2977 3139 3058 3199 Et
3092 3141 3407 3216 quoniam

314 3245 470 3304 talis
503 3250 637 3320 est,
672 3260 822 3305 eam
854 3242 1031 3305 Deus
1065 3245 1131 3305 in
1163 3246 1472 3306 omnibus
1500 3240 1551 3323 ⁸)
1584 3250 1652 3304 et
1683 3260 1844 3321 prae
1877 3245 2185 3305 omnibus
2218 3244 2529 3305 destruit.
2572 3244 2851 3320 Lignum
2894 3260 3179 3320 namque
3214 3245 3270 3305 si
3307 3245 3405 3303 vi-

312 3346 654 3408 riditatem
689 3348 755 3407 in
802 3363 876 3408 se
908 3365 1039 3408 non
1086 3347 1386 3424 haberet,
1439 3349 1691 3424 lignum
1725 3364 1855 3407 non
1901 3354 2108 3423 esset,
2143 3354 2210 3407 et
2259 3349 2317 3407 si
2351 3346 2676 3424 pomifera
2716 3362 2849 3407 non
2891 3347 3226 3422 florerent,
3266 3346 3404 3407 fru-

311 3455 494 3509 ctum
527 3468 658 3511 non
708 3451 978 3513 ferrent.
1015 3452 1121 3512 Sic
1168 3453 1373 3512 etiam
1405 3458 1474 3511 et
1519 3452 1717 3512 homo
1754 3452 1897 3512 sine
1929 3452 2272 3512 viriditate
2306 3451 2456 3511 fidei
2491 3452 2658 3511 nihil
2701 3457 2827 3526 est,
2864 3458 2931 3511 et
2964 3452 3106 3512 sine
3140 3452 3401 3513 intelle-

315 3559 432 3613 ctu
457 3543 803 3615 doctrinae
835 3562 902 3616 et
935 3554 1429 3632 Scripturarum
1464 3554 1754 3615 fructum
1779 3572 1912 3615 non
1945 3555 2079 3615 dat.
2106 3555 2288 3616 Unde
2322 3561 2388 3614 et
2419 3555 2745 3615 circuitus
2771 3554 2994 3615 cordis
3020 3554 3309 3615 hominis
3331 3551 3404 3635 ⁴),

311 3657 378 3717 in
411 3674 544 3734 quo
581 3657 928 3720 mortifera
961 3675 1081 3736 per
1111 3660 1646 3736 desperationem
1680 3667 2191 3735 componuntur,
2228 3674 2346 3736 per
2387 3660 2683 3720 divinam
2716 3660 3084 3737 potentiam
3117 3660 3407 3721 destrui-

304 3769 440 3839 tur,
476 3765 638 3841 quia
684 3763 861 3823 Deus
897 3764 1432 3841 desperationem
1480 3764 1731 3840 dejicit,
1768 3780 1889 3823 nec
1938 3762 2076 3824 ulla
2110 3770 2421 3825 creatura
2456 3766 2521 3825 in
2558 3765 2673 3825 illa
2708 3765 3018 3825 laetatur.
3056 3763 3237 3825 Haec
3285 3783 3402 3826 au-

308 3870 446 3926 tem
475 3866 560 3926 de
608 3867 1092 3943 poenitentium
1126 3869 1476 3928 animabus
1525 3868 1890 3944 purgandis
1922 3874 1991 3928 et
2046 3868 2386 3929 salvandis
2418 3868 2595 3929 dicta
2645 3870 2823 3943 sunt,
2860 3874 2927 3928 et
2968 3867 3188 3929 fidelia
3220 3876 3397 3945 sunt,

304 3973 376 4030 et
411 3970 628 4030 fidelis
662 3969 767 4031 his
800 3970 1122 4047 attendat,
1160 3976 1228 4030 et
1258 3987 1338 4031 ea
1372 3972 1438 4032 in
1472 3973 1863 4032 memoriam
1898 3972 2109 4032 bonae
2148 3973 2469 4033 scientiae
2512 3978 2884 4048 componat.

405 4072 512 4134 84.
563 4073 750 4134 Alios
798 4090 1063 4151 quoque
1097 4072 1479 4150 praedictae
1529 4076 1976 4135 multitudinis
2029 4076 2310 4152 spiritus
2342 4075 2503 4150 vidi,
2554 4091 2724 4151 quos
2774 4076 2976 4134 etiam
3014 4076 3111 4134 sic
3158 4074 3405 4136 vocife-

308 4185 538 4237 rantes
572 4176 819 4238 audivi:
854 4178 1186 4255 Numquid
1220 4194 1534 4255 magnum
1568 4185 1670 4239 est
1702 4180 1878 4256 quod
1914 4179 2181 4240 Lucifer
2217 4179 2406 4239 fecit?
2437 4180 2517 4240 Et
2541 4196 2661 4239 nos
2695 4196 2899 4239 unum
2926 4194 3076 4240 cum
3110 4178 3223 4241 illo
3258 4196 3406 4241 sen-

308 4282 539 4341 timus,
575 4280 694 4339 Isti
730 4280 1030 4341 homines
1064 4281 1146 4342 ad
1180 4282 1509 4342 luxuriam
1544 4282 1963 4358 pertrahunt,
2000 4286 2069 4343 et
2099 4288 2175 4342 ut
2220 4283 2731 4342 delectationem
2766 4283 2990 4343 carnis
3025 4299 3187 4344 suae
3220 4299 3397 4345 com-

310 4384 561 4461 pleant,
596 4382 1051 4444 exhortantur.

1731 4593 1967 4654 LXVII.

1240 4804 1333 4863 De
1383 4803 1696 4862 luxuriae
1739 4806 1972 4880 poenis
2017 4806 2443 4880 put-yatoriis‘.

393 5008 499 5068 85.
547 5008 628 5068 Et
660 5008 795 5069 vidi
832 5009 1190 5069 maximum
1228 5010 1467 5086 ignom,
1507 5009 1878 5071 fortissimo
1912 5010 2151 5072 ardore
2185 5012 2552 5086 ardentem,
2596 5017 2663 5071 et
2702 5014 2911 5071 totum
2955 5012 3247 5087 pessimo
3284 5027 3393 5071 ve·-

382 5174 423 5235 ι)
449 5191 553 5228 me
577 5188 687 5228 om.
720 5174 767 5229 Α
797 5205 861 5214 -
885 5176 930 5243 ¹2)
961 5174 997 5230 f.
1029 5177 1358 5233 destituitur.
1391 5208 1452 5217 —
1483 5176 1526 5241 ⁸)
1551 5180 1610 5231 in
1636 5177 1944 5232 hominibus
1968 5177 2015 5232 Α
2046 5209 2108 5217 -
2136 5176 2178 5243 ⁴)
2206 5181 2377 5233 omnis
2401 5177 2492 5232 W.

3197 5278 3240 5322 ur
