4036 6117
1214 541 1455 586 LIBER
1504 541 1704 585 VI'rAE
1753 538 2253 584 MERITORUM.
2309 538 2364 580 P.
2417 535 2526 579 111.
3208 518 3331 577 113

1766 763 1891 821 XV.

1553 972 1748 1031 Verba
1803 974 2166 1031 Luaeuriae.

390 1183 496 1240 22.
549 1179 629 1239 Et
661 1180 848 1239 dixit:
890 1199 920 1237 «
950 1179 1086 1255 Ego
1125 1177 1406 1238 formam
1443 1180 1756 1254 imaginis
1790 1178 1903 1237 Dei
1943 1180 2007 1237 in
2042 1178 2367 1252 spurcitia
2406 1176 2787 1251 implicabo,
2828 1176 3004 1250 quod
3038 1176 3170 1235 Deo
3208 1178 3398 1236 valde

308 1305 338 1340 »
377 1285 740 1344 molestum
787 1288 912 1356 est3
964 1290 1030 1342 et
1081 1283 1179 1342 sic
1227 1298 1458 1341 omnes
1508 1283 1803 1357 perdam.
1857 1282 1991 1355 Ego
2026 1283 2203 1340 enim
2238 1280 2531 1355 gloriosa
2565 1285 2633 1337 et
2674 1279 2809 1338 alta
2857 1296 3028 1352 sum,
3067 1296 3145 1339 ac
3178 1281 3400 1339 omnia

304 1408 333 1447 ›
373 1404 546 1465 quae
595 1387 781 1447 licita
816 1393 991 1461 sunt,
1042 1402 1161 1461 per
1195 1385 1484 1446 infusam
1519 1393 1827 1445 naturam
1861 1401 2032 1462 quae
2066 1385 2230 1444 mihi
2267 1385 2491 1442 innata
2541 1388 2667 1457 est,
2716 1382 2797 1442 ad
2833 1399 2938 1441 me
2974 1384 3188 1443 trahe.
3228 1384 3396 1455 Qua-

298 1509 330 1550 »
369 1508 440 1552 re
475 1491 885 1551 abstinerem
913 1506 1038 1564 me,
1067 1496 1135 1549 et
1160 1507 1368 1566 quare
1394 1489 1814 1550 absciderem
1840 1507 1876 1548 a
1905 1505 2008 1548 me
2037 1488 2258 1547 officia
2285 1488 2460 1547 latae
2486 1488 2665 1547 vitae
2689 1482 2736 1564 ¹)
2766 1503 2843 1546 ac
2873 1488 3187 1546 saltantis
3215 1502 3397 1546 men·

306 1614 335 1652 ι
375 1594 498 1654 tis‘?
529 1594 594 1653 Si
629 1594 1030 1671 particulam
1063 1610 1307 1653 causae
1343 1609 1527 1653 meae
1562 1593 1929 1670 perfecero,
1964 1608 2125 1651 num
2161 1593 2286 1651 hoc
2319 1591 2653 1666 culpabile
2685 1591 2823 1650 est‘?
2857 1590 2923 1649 Si
2958 1597 3182 1650 autern
3216 1589 3394 1668 quod

306 1720 334 1755 »
372 1700 687 1760 voluntas
734 1700 956 1758 carnis
1008 1714 1193 1758 meae
1240 1698 1644 1774 expostulat,
1695 1714 1826 1757 non
1878 1696 2074 1770 faci0,
2128 1695 2468 1769 iracunda,
2520 1694 2777 1768 dolosa,
2840 1694 3264 1754 fraudulenta
3320 1711 3398 1753 ac

307 1821 335 1857 ι
373 1808 704 1874 tortuosa,
740 1800 1184 1876 inquietudini
1207 1797 1256 1879 ²)
1289 1801 1630 1876 implicata
1663 1815 1799 1858 ero,
1830 1799 2105 1858 Coelum
2132 1813 2290 1872 ergo
2321 1797 2655 1873 justitiam
2690 1813 2881 1855 suam
2908 1796 3130 1871 habet,
3167 1804 3234 1856 et
3268 1803 3401 1856 ter-

309 1921 336 1958 »
374 1919 446 1961 ra
480 1902 704 1961 officia
741 1919 862 1961 sua
900 1901 1120 1962 faciat.
1159 1902 1225 1961 Si
1257 1909 1496 1962 natura
1531 1903 1753 1961 carnis
1787 1901 1920 1960 Deo
1956 1901 2238 1961 molesta
2271 1906 2475 1973 esset,
2527 1900 2669 1974 ipse
2710 1899 2982 1959 fecisset
3026 1901 3199 1976 quod
3237 1917 3393 1960 caro

311 2023 339 2060 ι
375 2019 522 2063 eam
553 2005 876 2080 perficere
910 2021 1039 2063 non
1073 2011 1322 2080 posset.

1761 2212 1918 2271 XVI.

1434 2421 1846 2494 Responsum
1900 2419 2255 2478 Castitatis.

375 2626 495 2696 23.
530 2624 612 2684 Et
646 2624 889 2685 iterum
922 2626 1148 2686 audivi
1182 2642 1415 2686 vocem
1449 2627 1529 2685 de
1563 2626 1868 2702 praefata
1904 2625 2171 2685 turbida
2206 2625 2402 2697 nube,
2441 2626 2633 2699 quasi
2662 2626 2741 2683 de
2775 2625 3151 2685 diademate
3186 2627 3387 2702 regiS‚

315 2728 525 2787 eidem
563 2729 838 2803 imagini
874 2744 1271 2806 responsum
1305 2730 1593 2789 dantem:
1635 2749 1664 2786 (ι
1702 2729 1838 2804 Ego
1871 2729 2091 2788 otiosa
2123 2745 2252 2786 non
2288 2744 2460 2802 sum,
2504 2729 3064 2804 quemadmodum
3099 2738 3171 2790 tu
3206 2748 3397 2808 spur-

317 2853 343 2888 »
381 2834 540 2892 citia
570 2848 667 2906 eS,
705 2849 875 2908 quae
909 2849 1061 2893 cum
1097 2835 1375 2893 lascivia
1410 2849 1675 2909 semper
1710 2833 1903 2892 ludis,
1956 2833 2120 2891 Nam
2168 2838 2235 2890 et
2287 2832 2351 2890 in
2401 2832 2571 2891 lecto
2624 2832 2761 2904 illc,
2801 2833 2864 2891 in
2915 2850 3047 2910 quo
3083 2840 3155 2894 tu
3181 2835 3391 2910 jaces,

315 2955 342 2990 »
378 2951 500 3010 ego
534 2953 668 2995 non
694 2936 907 3013 Jace0,
944 2953 1115 3013 quae
1150 2943 1457 3012 stuprum
1492 2937 1573 2996 ad
1623 2943 1688 2995 te
1721 2943 1945 2995 vocas.
1998 2935 2089 2993 Ex
2138 2951 2252 2994 ore
2302 2950 2567 3010 quoque
2617 2950 2764 2993 meo
2811 2951 3147 2996 venenosa
3189 2938 3395 2997 verba

309 3057 338 3093 ι
373 3054 500 3098 non
534 3039 827 3116 profero,
864 3055 1036 3115 quae
1069 3040 1396 3100 lubricam
1433 3040 1914 3116 turpitudinem
1962 3039 2222 3099 docent.
2270 3037 2394 3097 Sed
2444 3039 2511 3097 in
2543 3044 2745 3113 puteo
2778 3038 3264 3101 benedictionis
3309 3041 3389 3101 de

313 3160 339 3195 ι
375 3143 782 3201 suavissimo
818 3146 970 3201 rore
1003 3148 1238 3218 potum
1273 3143 1531 3217 hauri0,
1570 3144 1884 3217 quoniam
1919 3142 2141 3201 omnia
2176 3158 2378 3216 opera
2416 3156 2563 3199 mea
2591 3142 2657 3199 in
2692 3141 3046 3216 refrigerio
3078 3158 3230 3201 curn
3255 3141 3389 3201 Deo

311 3264 339 3299 »
375 3252 549 3321 sunt,
590 3248 655 3305 in
688 3247 830 3306 sole
863 3247 1038 3305 enim
1075 3246 1296 3320 sedeo,
1332 3252 1400 3305 et
1437 3262 1662 3321 regem
1698 3261 1930 3320 regum
1966 3246 2273 3320 inspicio,
2304 3261 2454 3303 curn
2491 3245 2713 3304 omnia
2748 3245 2921 3304 bona
2949 3260 3153 3320 opera
3182 3245 3391 3305 liben-

314 3369 343 3405 »
380 3357 479 3409 ter
515 3365 776 3426 operor.
813 3349 937 3409 Sed
970 3350 1252 3409 caudam
1286 3350 1685 3425 scorpionis,
1720 3363 1892 3424 quae
1925 3355 1990 3407 te
2027 3363 2147 3423 per
2180 3347 2669 3406 immunditiam
2701 3348 3036 3423 vulnerat,
3067 3350 3242 3424 nolo;
3273 3349 3391 3409 sed

313 3473 341 3510 ι
381 3455 440 3513 in
475 3455 856 3530 simphonia
890 3455 1105 3514 laetae
1153 3455 1354 3529 vitae,
1407 3454 1723 3530 gaudium
1757 3452 2135 3512 honestatis
2169 3458 2237 3511 et
2284 3452 2648 3527 pudicitiae
2693 3451 2925 3512 habeo,
2976 3452 3179 3512 Laeta
3211 3455 3387 3514 enim

315 3574 342 3611 ι
377 3558 512 3616 vita
563 3573 764 3632 quam
815 3556 1052 3626 habeo,
1105 3573 1225 3632 per
1271 3556 1760 3633 blasphemiam
1807 3555 2247 3632 turpitudinis
2296 3570 2399 3613 me
2447 3570 2577 3613 non
2626 3554 3062 3630 constringit,
3114 3571 3236 3615 nec
3269 3572 3389 3632 per

316 3679 343 3716 ι
381 3661 931 3722 immundicitiam
983 3661 1439 3737 impudicitiae
1473 3678 1577 3720 me
1611 3662 1938 3721 vulnerat.
1990 3660 2089 3720 Tu
2136 3666 2382 3734 autem,
2437 3675 2474 3719 o
2521 3658 3012 3735 sordidissima,
3056 3661 3387 3736 ingluvies

312 3785 340 3820 n
378 3767 628 3826 ventris
664 3768 995 3842 serpentis
1032 3783 1130 3841 eS,
1167 3783 1339 3843 quae
1372 3783 1491 3842 per
1524 3767 1827 3826 auditum
1866 3766 2051 3826 auris
2086 3766 2153 3825 in
2187 3766 2396 3825 Adam
2430 3771 2497 3823 et
2524 3766 2593 3824 in
2615 3765 2754 3825 Eva
2779 3767 3080 3841 crevisti,
3117 3768 3382 3843 quando

316 3887 342 3925 ι
379 3870 756 3929 obedientia
784 3872 849 3929 in
877 3871 1043 3946 ipsis
1069 3871 1359 3931 evanuit.
1389 3870 1515 3930 Sed
1548 3887 1670 3945 ego
1700 3872 1765 3929 in
1794 3886 2057 3929 summo
2083 3876 2361 3945 paterno
2398 3867 2613 3928 Verbo
2648 3873 2881 3929 exorta
2916 3886 3085 3929 sum.
3117 3871 3389 3930 Coelum

318 3992 343 4028 ι
379 3989 532 4049 ergo
567 3979 635 4033 et
673 3980 852 4033 terra
888 3980 952 4034 te
986 3973 1412 4049 confundent,
1450 3990 1602 4033 curn
1637 3979 1701 4033 te
1734 3972 1980 4033 nudam
2018 3974 2085 4033 in
2116 3972 2506 4032 confusione
2540 3971 2849 4030 viderint.
2891 3990 2923 4029 ι»

394 4078 478 4138 24
509 4078 610 4145 Ad
635 4078 938 4137 dextram
974 4094 1240 4155 quoque
1274 4085 1534 4154 partem
1568 4078 1895 4153 praedicti
1922 4079 2054 4136 viri
2089 4077 2470 4151 imaginem,
2507 4077 2692 4135 velut
2732 4077 2798 4136 in
2823 4077 3112 4137 humana
3151 4078 3385 4152 forma,

313 4190 588 4243 stantem
615 4184 778 4258 vidi,
809 4201 978 4259 quae
1007 4184 1246 4243 faciem
1274 4186 1534 4259 igneam
1564 4185 1873 4258 habebat,
1902 4190 1969 4242 et
1995 4199 2167 4259 quae
2195 4183 2523 4242 calibineo
2554 4183 2938 4242 indumento
2967 4184 3385 4247 induebatur.

1741 4407 1927 4466 XVII.

1561 4616 1760 4675 Verba
1809 4618 1857 4676 Z
1863 4617 1952 4676 eli
2005 4617 2146 4675 Dei.

390 4827 488 4886 25.
523 4827 600 4887 Et
635 4826 799 4887 haec
834 4825 1190 4887 adversum
1227 4827 1529 4903 praefata
1557 4826 1721 4885 vitia
1755 4825 2087 4885 clamabat
2131 4825 2380 4885 dicens:
2424 4847 2454 4884 α
2486 4826 2536 4885 O
2571 4827 2834 4886 viscera
2867 4827 3149 4904 Diaboli,
3187 4838 3253 4888 et
3293 4833 3384 4890 in-

317 4946 342 4983 »
379 4931 540 4993 fusio
574 4934 985 4993 malitiarum
1020 4934 1188 5009 ejus,
1230 4950 1401 5009 quae
1441 4934 1503 4991 in
1540 4931 1909 4991 mortiferis
1959 4932 2221 4991 artibus
2276 4933 2418 4992 suis
2456 4933 2743 4992 humano
2780 4935 3005 5007 generi
3043 4936 3263 5007 infert,
3319 4939 3382 4996 in

379 5175 417 5239 ⁸>
443 5176 565 5233 fort.
598 5180 743 5234 latae
775 5181 911 5234 viae.
945 5178 1052 5234 Sed
1079 5180 1195 5234 lata
1223 5185 1338 5235 vita
1367 5180 1590 5235 videtur
1621 5176 1762 5234 infra
1793 5177 2000 5250 opponi
2031 5180 2202 5234 laetae
2228 5182 2386 5234 vitae.
2424 5210 2485 5217 —
2514 5181 2559 5241 ²)
2586 5187 2633 5235 et
2660 5180 3040 5249 inquietudini
3063 5178 3154 5231 W.

492 5285 836 5346 Anam-zer.
890 5287 957 5344 T.
1013 5286 1171 5346 VIII.
1227 5287 1266 5344 8
