4036 6117
1635 545 2024 590 εΑΒΜιΝΑ.
3166 526 3294 586 449

363 691 522 751 Ant.
556 689 732 751 Deus
758 688 936 748 enim
965 687 1030 748 in
1063 687 1279 763 prima
1317 687 1592 745 muliere
1629 686 2110 762 praesignavit,
2151 692 2221 745 ut
2256 686 2495 744 mulier
2521 704 2557 745 a
2585 687 2714 745 viri
2748 687 3054 747 custodia
3081 691 3368 748 nutrire-

269 800 409 856 tur.
462 816 494 853 e
543 813 589 853 u
638 811 671 852 ο
717 813 765 853 u
811 812 851 853 a
898 811 932 851 e
971 839 983 852 .

363 904 523 962 Ant.
558 903 689 962 Aer
735 901 911 961 enim
959 899 1167 975 volat,
1220 906 1474 960 etcum
1521 899 1833 958 omnibus
1882 898 2214 957 creaturis
2262 896 2483 956 officia
2533 914 2654 957 sua
2703 903 2995 971 exercet,
3044 905 3111 957 et
3145 898 3367 958 firma-

270 1008 578 1066 mentum
610 1021 763 1065 eum
797 1005 1110 1079 sustinet,
1149 1020 1226 1063 ac
1263 1019 1378 1063 aer
1415 1005 1481 1063 in
1514 1003 1775 1063 viribus
1813 1003 2012 1062 istius
2047 1003 2368 1078 pascitur.
2420 1021 2453 1060 e
2502 1020 2548 1060 u
2596 1019 2631 1060 o
2677 1021 2723 1060 u
2773 1021 2813 1061 a
2859 1021 2892 1060 e
2933 1050 2945 1063 .

364 1115 452 1172 In
486 1111 918 1188 Euan-aelium
966 1111 1120 1171 Ant.
1171 1109 1251 1168 Et
1300 1109 1446 1168 ideo
1497 1109 1759 1184 puellae
1810 1109 1979 1167 istae
2013 1124 2131 1182 per
2167 1123 2499 1167 summum
2533 1107 2754 1166 virum
2791 1107 3363 1183 sustentabantur,

267 1218 636 1277 vexillatae
670 1217 738 1274 in
769 1215 979 1291 regali
1013 1215 1199 1290 prole
1235 1213 1575 1290 virgineae
1612 1221 1908 1272 naturae.
1961 1235 1992 1271 e
2044 1233 2089 1271 u
2137 1231 2170 1269 ο
2222 1233 2264 1271 υ,
2311 1233 2351 1271 a
2398 1233 2430 1270 e
2468 1260 2481 1272 .

363 1327 524 1385 Ant.
573 1324 750 1383 Deus
798 1324 974 1382 enim
1023 1339 1246 1383 rorem
1296 1324 1365 1382 in
1413 1322 1565 1382 illas
1615 1323 1821 1397 misit,
1873 1323 1954 1381 de
2002 1338 2135 1399 quo
2188 1322 2532 1398 multiplex
2570 1321 2746 1381 fama
2780 1323 3011 1382 crevit:
3054 1323 3143 1383 ita
3192 1325 3368 1400 quod

271 1447 513 1491 omnes
545 1430 775 1509 populi
807 1445 888 1490 ex
921 1429 1047 1490 hac
1082 1428 1463 1489 honorabili
1499 1427 1673 1487 fama
1711 1428 1896 1488 velut
1929 1429 2153 1488 cibum
2187 1428 2568 1504 gustabant.
2605 1448 2637 1486 e
2686 1447 2732 1486 u
2781 1445 2814 1486 ο
2861 1448 2908 1487 u
2955 1447 2997 1488 a
3044 1449 3076 1487 e
3115 1477 3127 1489 .

362 1541 522 1599 Ant.
564 1538 686 1597 Sed
719 1537 1034 1597 Diabolus
1089 1538 1156 1597 in
1207 1535 1454 1595 invidia
1504 1552 1624 1595 sua
1677 1535 1853 1594 istud
1907 1534 2142 1610 irrisit,
2196 1553 2323 1612 qua
2376 1536 2627 1593 nullum
2666 1550 2834 1608 opus
2883 1533 2997 1592 Dei
3049 1535 3372 1593 intactum

270 1644 557 1703 dimisit.
608 1664 641 1701 e
691 1663 736 1701 u
785 1660 818 1699 ο
866 1662 912 1700 u
959 1661 999 1701 a
1046 1662 1129 1701 e.

1103 1827 1339 1888 XLVlI.
1394 1829 1908 1905 Responsoriam
1960 1827 2040 1886 de
2075 1825 2561 1887 InnocentibuS.

364 2002 507 2061 Rex
542 2008 772 2062 noster
804 2003 1154 2078 promptus
1203 2007 1307 2062 est
1356 2002 1703 2076 suscipere
1752 2003 2146 2078 sanguinem
2179 2004 2634 2079 Innocentum3
2687 2003 2860 2063 unde
2894 2003 3115 2078 angeli
3150 2002 3371 2061 conci-

277 2111 471 2178 nunt,
508 2107 574 2164 et
608 2105 673 2163 in
704 2103 1014 2165 laudibus
1049 2107 1310 2177 sonant,
1348 2104 1468 2163 sed
1502 2105 1713 2164 nubes
1749 2121 1951 2181 super
1983 2105 2291 2164 eumdem
2325 2107 2718 2182 sanguinem
2750 2107 3094 2182 plangunt.

371 2199 455 2292 fi.
492 2209 838 2284 Tyrannus
886 2215 1113 2268 autern
1161 2209 1228 2267 in
1275 2210 1464 2284 gravi
1515 2226 1747 2269 somno
1796 2210 2036 2270 mortis
2070 2217 2345 2286 propter
2380 2211 2707 2270 malitiam
2757 2226 2948 2270 suam
2998 2208 3368 2269 suffocatus

278 2321 406 2375 est.
445 2314 573 2374 Sed
605 2313 839 2374 nubes
876 2313 1101 2375 Gloria
1136 2312 1320 2373 Patri
1351 2319 1419 2373 et
1451 2313 1616 2373 Filio
1654 2320 1721 2373 et
1752 2314 2031 2392 Spiritui
2064 2313 2325 2374 Sancto.
2361 2312 2486 2373 Sed
2521 2314 2753 2374 nubeS.

1206 2496 1476 2557 XLVIII.
1529 2499 1610 2558 In
1648 2499 2075 2558 Dedicatione
2111 2497 2462 2558 Ecclesiae.

369 2669 422 2728 Ο
457 2667 650 2743 virgo
697 2665 1018 2740 Ecclesia,
1067 2664 1516 2742 plangendum
1562 2671 1667 2725 est
1700 2665 1877 2741 quod
1916 2666 2359 2726 saevissimus
2394 2666 2592 2741 lupus
2644 2665 2815 2724 filios
2864 2670 3017 2723 tuos
3050 2663 3131 2721 de
3166 2662 3375 2721 latere

283 2784 399 2838 tuo
435 2774 791 2835 abstraxit!
833 2773 885 2833 Ο
916 2789 1041 2834 vae
1076 2773 1318 2833 callido
1355 2773 1674 2848 serpenti!
1716 2768 1761 2851 ¹)
1798 2773 1922 2833 Sed
1957 2792 1993 2834 o
2030 2791 2230 2849 quam
2263 2775 2602 2848 pretiosus
2637 2781 2743 2834 est
2775 2774 3051 2849 sanguis
3086 2771 3383 2833 Salvato-

279 2885 400 2957 riS,
439 2880 558 2959 qui
594 2881 659 2940 in
692 2879 936 2940 vexillo
973 2880 1155 2954 regis
1188 2879 1555 2939 Ecclesiam
1593 2879 1719 2954 ipsi
1751 2878 2209 2954 desponsavit,
2246 2878 2419 2938 unde
2453 2879 2627 2938 filios
2664 2879 2847 2938 illius
2882 2878 3187 2953 requirit.

1244 3055 1465 3120 XLIX.
1518 3061 1601 3120 In
1651 3061 2080 3121 Dedicatione
2128 3061 2481 3123 Ecclesiae.

373 3242 563 3301 Nunc
597 3241 932 3317 gaudeant
963 3247 1269 3302 materna
1304 3240 1572 3301 viscera
1602 3240 1968 3317 Ecclesiae,
2005 3242 2164 3317 quia
2199 3242 2265 3301 in
2299 3256 2588 3317 superna
2638 3239 3029 3316 symphonia
3080 3239 3198 3299 filii
3234 3241 3380 3316 ejus

290 3344 354 3402 in
387 3345 612 3404 sinum
647 3361 843 3405 suum
875 3344 1190 3405 collocati
1225 3349 1398 3404 sunt.
1434 3344 1638 3418 Unde,
1690 3361 1728 3404 o
1763 3345 2152 3419 turpissime
2188 3359 2490 3420 serpens,
2541 3341 2862 3403 confusus
2910 3357 3006 3418 eS,
3060 3345 3375 3419 quoniam

288 3462 459 3521 quos
495 3452 608 3507 tua
656 3448 1039 3507 aestimatio
1091 3448 1156 3506 in
1205 3447 1585 3507 visceribus
1635 3447 1770 3506 tuis
1815 3444 1867 3526 ²)
1918 3447 2176 3521 habuit,
2226 3462 2401 3506 nunc
2453 3444 2707 3520 fulgent
2759 3446 2821 3504 in
2870 3448 3193 3521 sanguine
3228 3447 3377 3507 Filii

291 3549 426 3625 Dei,
466 3553 534 3611 et
569 3550 715 3611 ideo
751 3552 898 3611 laus
934 3551 1053 3611 tibi
1089 3552 1200 3626 sit,
1242 3566 1357 3610 rex
1391 3551 1740 3611 altissime.
1777 3551 2085 3611 Alleluia.

1165 3730 1231 3790 L.
1284 3732 1454 3793 Item
1489 3734 1559 3789 in
1597 3731 2024 3792 Dedicatione
2064 3732 2412 3793 Ecclesiae.

368 3913 426 3972 Ο
463 3915 708 3974 orzchis
729 3905 781 3991 ⁸)
815 3912 1138 3986 Ecclesia,
1190 3912 1397 3971 armis
1423 3912 1669 3972 divinis
1694 3914 2103 3989 praecincta,
2133 3920 2200 3974 et
2225 3914 2535 3989 hyacinto
2570 3922 2827 3989 ornata,
2858 3922 2928 3974 tu
2955 3932 3029 3975 es
3055 3918 3379 3978 caldemia

289 4017 682 4092 stigmatum
716 4017 1041 4095 loifolum,
1092 4022 1160 4080 et
1193 4016 1355 4077 urbs
1390 4017 1842 4078 scientiarum.
1888 4017 1967 4089 O,
2013 4036 2052 4079 o
2089 4024 2162 4078 tu
2194 4034 2268 4078 es
2300 4020 2505 4079 etiam
2554 4021 2851 4078 erizanta
2900 4020 2965 4079 in
3012 4022 3149 4081 alto
3185 4039 3372 4096 sono,

294 4129 360 4183 et
390 4140 469 4184 es
501 4126 762 4185 chorzta
792 4137 1075 4197 gemma.
3336 4125 3342 4133 ‘

1666 4303 1763 4363 LI.
1816 4296 2052 4387 [Item]

381 4487 432 4548 O
468 4464 836 4547 coruscans
869 4484 980 4544 lux
1015 4482 1391 4544 stellarum!
1447 4501 1485 4543 o
1521 4483 2067 4560 splendidissima
2117 4485 2431 4562 specialis
2482 4483 2696 4546 forma
2746 4488 3073 4563 regalium
3121 4492 3383 4568 nuptia-

296 4591 467 4653 rum!
507 4607 547 4650 o
584 4589 846 4665 fulgens
879 4604 1165 4663 gemma,
1219 4594 1290 4649 tu
1339 4604 1412 4649 es
1447 4595 1680 4649 ornata
1716 4589 1780 4649 in
1816 4589 1953 4649 alta
2000 4605 2310 4665 persona,
2360 4606 2532 4667 quae
2565 4607 2698 4651 non
2731 4592 2933 4653 habet
2975 4598 3378 4658 maculatam

297 4712 552 4772 rugam;
591 4700 663 4755 tu
695 4709 766 4753 es
800 4693 1002 4754 etiam
1037 4693 1218 4753 socia
1254 4693 1639 4768 angelorum
1676 4700 1742 4753 et
1775 4693 1944 4753 civis
1978 4701 2384 4755 sanctorum.
2421 4696 2622 4772 Fuge,
2665 4695 2817 4772 fuge
2846 4699 3233 4774 speluncam
3269 4720 3383 4763 an-

295 4801 463 4877 tiqui
495 4798 882 4877 perditoriS,
920 4802 987 4857 et
1022 4798 1299 4857 veniens
1331 4798 1485 4858 veni
1521 4799 1586 4857 in
1619 4798 1942 4873 palatium
1979 4798 2181 4874 regiS.

382 4905 580 4982 Kyrie
614 4903 864 4980 leyson.
901 4900 1045 4962 XPe
1079 4902 1330 4978 leyson.
1369 4902 1567 4979 Kyrie
1601 4904 1852 4979 leyson.
1891 4902 2091 4980 Kyrie
2125 4904 2372 4981 leyson.

372 5119 968 5192 ¹)Respectu.opinor,
985 5119 1053 5173 ad
1067 5118 1310 5175 schisma
1325 5118 1722 5175 Teutonicum.
1759 5148 1801 5158 -·
1888 5122 2163 5183 orizanta,
2200 5120 2443 5181 chor-xta.
2479 5123 2563 5172 tot
2589 5118 2756 5174 verba
2788 5118 3034 5190 Linquae
3058 5124 3295 5192 ignotae.
3326 5132 3383 5180 et

299 5206 348 5264 ’ὁ
386 5213 501 5265 suis
544 5208 666 5265 cod.
707 5239 777 5249 —
809 5208 858 5274 ³)
899 5209 1148 5270 Orzchie.
1191 5208 1479 5268 caldo-mia,
1526 5206 1798 5277 loisolum.
1891 5206 2041 5260 inter
2066 5222 2125 5260 ea
2149 5221 2293 5275 quae
2319 5204 2847 5277 interpretationem
2876 5211 3193 5277 expectant.

475 5317 822 5375 ANALECT.
874 5315 946 5373 T.
996 5313 1157 5373 VIII.
1209 5312 1294 5372 30
