<?xml version="1.0" encoding="UTF-8"?>
<!DOCTYPE html PUBLIC "-//W3C//DTD XHTML 1.0 Transitional//EN"
    "http://www.w3.org/TR/xhtml1/DTD/xhtml1-transitional.dtd">
<html xmlns="http://www.w3.org/1999/xhtml" xml:lang="en" lang="en">
 <head>
  <title>
</title>
<meta http-equiv="Content-Type" content="text/html;charset=utf-8" />
  <meta name='ocr-system' content='tesseract 3.04.00' />
  <meta name='ocr-capabilities' content='ocr_page ocr_carea ocr_par ocr_line ocrx_word'/>
</head>
<body>
  <div class='ocr_page' id='page_1' title='image "analectasacrasp05pitrgoog_0128.png"; bbox 0 0 4036 6117; ppageno 0'>
   <div class='ocr_carea' id='block_1_1' title="bbox 739 499 2550 565">
    <p class='ocr_par' dir='ltr' id='par_1_1' title="bbox 739 499 2550 565">
     <span class='ocr_line' id='line_1_1' title="bbox 739 499 2550 565; baseline 0.002 -5"><span class='ocrx_word' id='word_1_1' title='bbox 739 499 826 561; x_wconf 69' lang='lat'>92</span> <span class='ocrx_word' id='word_1_2' title='bbox 1889 511 2550 565; x_wconf 69' lang='lat' dir='ltr'>S.n1LDEGAnnis</span> 
     </span>
    </p>
   </div>
   <div class='ocr_carea' id='block_1_2' title="bbox 664 587 3758 1221">
    <p class='ocr_par' dir='ltr' id='par_1_2' title="bbox 669 587 3755 800">
     <span class='ocr_line' id='line_1_2' title="bbox 672 587 3755 698; baseline 0.001 -18"><span class='ocrx_word' id='word_1_3' title='bbox 672 622 1022 682; x_wconf 79' lang='lat' dir='ltr'><strong>animabus</strong></span> <span class='ocrx_word' id='word_1_4' title='bbox 1049 622 1420 698; x_wconf 66' lang='lat' dir='ltr'>&#39;purgandis</span> <span class='ocrx_word' id='word_1_5' title='bbox 1453 627 1518 681; x_wconf 89' lang='lat' dir='ltr'>et</span> <span class='ocrx_word' id='word_1_6' title='bbox 1553 622 1892 681; x_wconf 82' lang='lat' dir='ltr'>salvandis</span> <span class='ocrx_word' id='word_1_7' title='bbox 1924 622 2103 681; x_wconf 91' lang='lat' dir='ltr'>dicta</span> <span class='ocrx_word' id='word_1_8' title='bbox 2139 627 2313 694; x_wconf 91' lang='lat' dir='ltr'>sunt,</span> <span class='ocrx_word' id='word_1_9' title='bbox 2353 630 2419 681; x_wconf 89' lang='lat' dir='ltr'>et</span> <span class='ocrx_word' id='word_1_10' title='bbox 2454 623 2669 681; x_wconf 84' lang='lat' dir='ltr'>fidelia</span> <span class='ocrx_word' id='word_1_11' title='bbox 2708 628 2893 696; x_wconf 88' lang='lat' dir='ltr'>sunt;</span> <span class='ocrx_word' id='word_1_12' title='bbox 2932 627 2999 681; x_wconf 91' lang='lat' dir='ltr'>et</span> <span class='ocrx_word' id='word_1_13' title='bbox 3036 622 3248 682; x_wconf 79' lang='lat' dir='ltr'>fidelis</span> <span class='ocrx_word' id='word_1_14' title='bbox 3294 620 3402 681; x_wconf 90' lang='lat' dir='ltr'>his</span> <span class='ocrx_word' id='word_1_15' title='bbox 3445 587 3755 694; x_wconf 46' lang='lat' dir='ltr'>attendat,</span> 
     </span>
     <span class='ocr_line' id='line_1_3' title="bbox 669 726 2315 800; baseline 0.001 -15"><span class='ocrx_word' id='word_1_16' title='bbox 669 733 736 785; x_wconf 91' lang='lat' dir='ltr'>et</span> <span class='ocrx_word' id='word_1_17' title='bbox 769 742 846 785; x_wconf 87' lang='lat' dir='ltr'>ea</span> <span class='ocrx_word' id='word_1_18' title='bbox 885 726 948 784; x_wconf 91' lang='lat' dir='ltr'>in</span> <span class='ocrx_word' id='word_1_19' title='bbox 983 728 1305 786; x_wconf 86' lang='lat' dir='ltr'>memoria</span> <span class='ocrx_word' id='word_1_20' title='bbox 1343 727 1553 786; x_wconf 91' lang='lat' dir='ltr'>bonae</span> <span class='ocrx_word' id='word_1_21' title='bbox 1588 726 1905 785; x_wconf 82' lang='lat' dir='ltr'>scientiae</span> <span class='ocrx_word' id='word_1_22' title='bbox 1941 733 2315 800; x_wconf 86' lang='lat' dir='ltr'>componat.</span> 
     </span>
    </p>

    <p class='ocr_par' dir='ltr' id='par_1_3' title="bbox 664 829 3758 1221">
     <span class='ocr_line' id='line_1_4' title="bbox 761 829 3756 908; baseline 0.001 -20"><span class='ocrx_word' id='word_1_23' title='bbox 761 829 863 890; x_wconf 82' lang='lat'>71.</span> <span class='ocrx_word' id='word_1_24' title='bbox 915 830 1162 890; x_wconf 83' lang='lat' dir='ltr'>Deinde</span> <span class='ocrx_word' id='word_1_25' title='bbox 1196 832 1498 905; x_wconf 79' lang='lat' dir='ltr'>eJusdem</span> <span class='ocrx_word' id='word_1_26' title='bbox 1533 831 1981 891; x_wconf 87' lang='lat' dir='ltr'>multitudinis</span> <span class='ocrx_word' id='word_1_27' title='bbox 2015 832 2184 891; x_wconf 90' lang='lat' dir='ltr'>alios</span> <span class='ocrx_word' id='word_1_28' title='bbox 2220 833 2502 907; x_wconf 87' lang='lat' dir='ltr'>spiritus</span> <span class='ocrx_word' id='word_1_29' title='bbox 2541 832 2698 906; x_wconf 90' lang='lat' dir='ltr'>vidi,</span> <span class='ocrx_word' id='word_1_30' title='bbox 2738 849 2907 908; x_wconf 86' lang='lat' dir='ltr'>quos</span> <span class='ocrx_word' id='word_1_31' title='bbox 2941 831 3142 891; x_wconf 86' lang='lat' dir='ltr'>etiam</span> <span class='ocrx_word' id='word_1_32' title='bbox 3182 832 3279 891; x_wconf 91' lang='lat' dir='ltr'>sic</span> <span class='ocrx_word' id='word_1_33' title='bbox 3315 831 3756 891; x_wconf 86' lang='lat' dir='ltr'>vociferantes</span> 
     </span>
     <span class='ocr_line' id='line_1_5' title="bbox 664 932 3758 1011; baseline -0 -18"><span class='ocrx_word' id='word_1_34' title='bbox 664 935 910 995; x_wconf 89' lang='lat' dir='ltr'>audivi:</span> <span class='ocrx_word' id='word_1_35' title='bbox 954 955 983 992; x_wconf 76' lang='grc' dir='ltr'><em>α</em></span> <span class='ocrx_word' id='word_1_36' title='bbox 1023 935 1190 1006; x_wconf 85' lang='lat' dir='ltr'>Quid</span> <span class='ocrx_word' id='word_1_37' title='bbox 1225 941 1330 994; x_wconf 90' lang='lat' dir='ltr'>est</span> <span class='ocrx_word' id='word_1_38' title='bbox 1364 935 1489 994; x_wconf 91' lang='lat' dir='ltr'>hoc</span> <span class='ocrx_word' id='word_1_39' title='bbox 1524 934 1702 1011; x_wconf 89' lang='lat' dir='ltr'>quod</span> <span class='ocrx_word' id='word_1_40' title='bbox 1736 935 1849 994; x_wconf 90' lang='lat' dir='ltr'>ille</span> <span class='ocrx_word' id='word_1_41' title='bbox 1883 937 1998 1010; x_wconf 87' lang='lat' dir='ltr'>qui</span> <span class='ocrx_word' id='word_1_42' title='bbox 2032 935 2278 994; x_wconf 89' lang='lat' dir='ltr'>dicitur</span> <span class='ocrx_word' id='word_1_43' title='bbox 2309 934 2516 1007; x_wconf 78' lang='lat' dir='ltr'>DeuS,</span> <span class='ocrx_word' id='word_1_44' title='bbox 2562 935 2753 995; x_wconf 78' lang='lat' dir='ltr'>facit‘?</span> <span class='ocrx_word' id='word_1_45' title='bbox 2785 936 2863 994; x_wconf 87' lang='lat' dir='ltr'>Et</span> <span class='ocrx_word' id='word_1_46' title='bbox 2896 935 3057 1011; x_wconf 87' lang='lat' dir='ltr'>quid</span> <span class='ocrx_word' id='word_1_47' title='bbox 3093 934 3174 994; x_wconf 88' lang='lat' dir='ltr'>ad</span> <span class='ocrx_word' id='word_1_48' title='bbox 3225 949 3369 994; x_wconf 90' lang='lat' dir='ltr'>rem</span> <span class='ocrx_word' id='word_1_49' title='bbox 3420 932 3596 1008; x_wconf 89' lang='lat' dir='ltr'>quod</span> <span class='ocrx_word' id='word_1_50' title='bbox 3644 934 3758 992; x_wconf 81' lang='lat' dir='ltr'>Lu-</span> 
     </span>
     <span class='ocr_line' id='line_1_6' title="bbox 673 1037 3758 1115; baseline 0 -20"><span class='ocrx_word' id='word_1_51' title='bbox 673 1058 705 1095; x_wconf 80' lang='lat'><strong>»</strong></span> <span class='ocrx_word' id='word_1_52' title='bbox 744 1040 913 1099; x_wconf 82' lang='lat' dir='ltr'>cifer</span> <span class='ocrx_word' id='word_1_53' title='bbox 961 1039 1277 1099; x_wconf 91' lang='lat' dir='ltr'>honorem</span> <span class='ocrx_word' id='word_1_54' title='bbox 1330 1039 1775 1098; x_wconf 68' lang='lat' dir='ltr'>desideravit?</span> <span class='ocrx_word' id='word_1_55' title='bbox 1813 1059 1843 1095; x_wconf 74' lang='lat'>1&gt;</span> <span class='ocrx_word' id='word_1_56' title='bbox 1882 1037 1960 1099; x_wconf 90' lang='lat' dir='ltr'>Et</span> <span class='ocrx_word' id='word_1_57' title='bbox 1993 1039 2099 1098; x_wconf 90' lang='lat' dir='ltr'>his</span> <span class='ocrx_word' id='word_1_58' title='bbox 2137 1039 2518 1099; x_wconf 88' lang='lat' dir='ltr'>hominibus</span> <span class='ocrx_word' id='word_1_59' title='bbox 2552 1039 2989 1100; x_wconf 82' lang='lat' dir='ltr'>acerbitatem</span> <span class='ocrx_word' id='word_1_60' title='bbox 3041 1040 3406 1115; x_wconf 85' lang='lat' dir='ltr'>incutiunt,</span> <span class='ocrx_word' id='word_1_61' title='bbox 3460 1045 3527 1097; x_wconf 91' lang='lat' dir='ltr'>et</span> <span class='ocrx_word' id='word_1_62' title='bbox 3574 1045 3644 1097; x_wconf 88' lang='lat' dir='ltr'>ut</span> <span class='ocrx_word' id='word_1_63' title='bbox 3691 1055 3758 1096; x_wconf 85' lang='lat' dir='ltr'>se</span> 
     </span>
     <span class='ocr_line' id='line_1_7' title="bbox 670 1144 3023 1221; baseline -0.002 -15"><span class='ocrx_word' id='word_1_64' title='bbox 670 1162 936 1206; x_wconf 88' lang='lat' dir='ltr'>amaros</span> <span class='ocrx_word' id='word_1_65' title='bbox 969 1146 1051 1205; x_wconf 90' lang='lat' dir='ltr'>ad</span> <span class='ocrx_word' id='word_1_66' title='bbox 1083 1151 1441 1221; x_wconf 89' lang='lat' dir='ltr'>praecepta</span> <span class='ocrx_word' id='word_1_67' title='bbox 1475 1144 1593 1203; x_wconf 91' lang='lat' dir='ltr'>Dei</span> <span class='ocrx_word' id='word_1_68' title='bbox 1627 1151 1692 1202; x_wconf 88' lang='lat' dir='ltr'>et</span> <span class='ocrx_word' id='word_1_69' title='bbox 1728 1144 1808 1203; x_wconf 89' lang='lat' dir='ltr'>ad</span> <span class='ocrx_word' id='word_1_70' title='bbox 1846 1145 2147 1203; x_wconf 88' lang='lat' dir='ltr'>homines</span> <span class='ocrx_word' id='word_1_71' title='bbox 2182 1144 2558 1217; x_wconf 89' lang='lat' dir='ltr'>ostendant,</span> <span class='ocrx_word' id='word_1_72' title='bbox 2598 1144 3023 1219; x_wconf 50' lang='lat' dir='ltr'>persuadent,</span> 
     </span>
    </p>
   </div>
   <div class='ocr_carea' id='block_1_3' title="bbox 2147 1365 2296 1431">
    <p class='ocr_par' dir='ltr' id='par_1_4' title="bbox 2147 1365 2296 1431">
     <span class='ocr_line' id='line_1_8' title="bbox 2147 1365 2296 1431; baseline 0.013 -2"><span class='ocrx_word' id='word_1_73' title='bbox 2147 1365 2296 1431; x_wconf 74' lang='lat' dir='ltr'>LXI.</span> 
     </span>
    </p>
   </div>
   <div class='ocr_carea' id='block_1_4' title="bbox 1295 1559 3133 1644">
    <p class='ocr_par' dir='ltr' id='par_1_5' title="bbox 1295 1559 3133 1644">
     <span class='ocr_line' id='line_1_9' title="bbox 1295 1559 3133 1644; baseline 0 -18"><span class='ocrx_word' id='word_1_74' title='bbox 1295 1559 1386 1626; x_wconf 84' lang='lat' dir='ltr'>De</span> <span class='ocrx_word' id='word_1_75' title='bbox 1432 1570 1662 1642; x_wconf 78' lang='lat' dir='ltr'>poenis</span> <span class='ocrx_word' id='word_1_76' title='bbox 1714 1585 1940 1624; x_wconf 79' lang='lat' dir='ltr'>eorum</span> <span class='ocrx_word' id='word_1_77' title='bbox 1991 1570 2105 1642; x_wconf 78' lang='lat' dir='ltr'>qui</span> <span class='ocrx_word' id='word_1_78' title='bbox 2156 1569 2224 1624; x_wconf 82' lang='lat' dir='ltr'>in</span> <span class='ocrx_word' id='word_1_79' title='bbox 2275 1566 2625 1626; x_wconf 76' lang='lat' dir='ltr'>acerbitate</span> <span class='ocrx_word' id='word_1_80' title='bbox 2672 1570 3133 1644; x_wconf 71' lang='lat' dir='ltr'>peccaverunt.</span> 
     </span>
    </p>
   </div>
   <div class='ocr_carea' id='block_1_5' title="bbox 666 1766 3764 2890">
    <p class='ocr_par' dir='ltr' id='par_1_6' title="bbox 666 1766 3764 2890">
     <span class='ocr_line' id='line_1_10' title="bbox 763 1766 3764 1850; baseline -0.001 -16"><span class='ocrx_word' id='word_1_81' title='bbox 763 1766 864 1836; x_wconf 78' lang='lat'>72.</span> <span class='ocrx_word' id='word_1_82' title='bbox 901 1777 978 1834; x_wconf 82' lang='lat' dir='ltr'>Et</span> <span class='ocrx_word' id='word_1_83' title='bbox 1013 1774 1374 1835; x_wconf 87' lang='lat' dir='ltr'>maximum</span> <span class='ocrx_word' id='word_1_84' title='bbox 1412 1775 1628 1849; x_wconf 83' lang='lat' dir='ltr'>ignem</span> <span class='ocrx_word' id='word_1_85' title='bbox 1666 1774 1836 1849; x_wconf 83' lang='lat' dir='ltr'>nigri</span> <span class='ocrx_word' id='word_1_86' title='bbox 1873 1776 1939 1832; x_wconf 89' lang='lat' dir='ltr'>et</span> <span class='ocrx_word' id='word_1_87' title='bbox 1975 1774 2327 1834; x_wconf 85' lang='lat' dir='ltr'>rubicundi</span> <span class='ocrx_word' id='word_1_88' title='bbox 2368 1792 2443 1834; x_wconf 92' lang='lat' dir='ltr'>ac</span> <span class='ocrx_word' id='word_1_89' title='bbox 2478 1776 2611 1834; x_wconf 87' lang='lat' dir='ltr'>albi</span> <span class='ocrx_word' id='word_1_90' title='bbox 2647 1777 2893 1835; x_wconf 88' lang='lat' dir='ltr'>coloris</span> <span class='ocrx_word' id='word_1_91' title='bbox 2929 1776 3090 1848; x_wconf 91' lang='lat' dir='ltr'>vidi,</span> <span class='ocrx_word' id='word_1_92' title='bbox 3129 1776 3193 1834; x_wconf 90' lang='lat' dir='ltr'>in</span> <span class='ocrx_word' id='word_1_93' title='bbox 3229 1791 3364 1850; x_wconf 87' lang='lat' dir='ltr'>quo</span> <span class='ocrx_word' id='word_1_94' title='bbox 3400 1775 3596 1834; x_wconf 92' lang='lat' dir='ltr'>multi</span> <span class='ocrx_word' id='word_1_95' title='bbox 3622 1774 3764 1833; x_wconf 72' lang='lat' dir='ltr'>hor·-</span> 
     </span>
     <span class='ocr_line' id='line_1_11' title="bbox 673 1877 3764 1956; baseline -0.002 -15"><span class='ocrx_word' id='word_1_96' title='bbox 673 1883 844 1942; x_wconf 88' lang='lat' dir='ltr'>roris</span> <span class='ocrx_word' id='word_1_97' title='bbox 880 1881 1111 1956; x_wconf 83' lang='lat' dir='ltr'>igneae</span> <span class='ocrx_word' id='word_1_98' title='bbox 1144 1880 1415 1953; x_wconf 88' lang='lat' dir='ltr'>viperae</span> <span class='ocrx_word' id='word_1_99' title='bbox 1452 1877 1741 1953; x_wconf 88' lang='lat' dir='ltr'>fuerunt,</span> <span class='ocrx_word' id='word_1_100' title='bbox 1771 1895 1941 1954; x_wconf 86' lang='lat' dir='ltr'>quae</span> <span class='ocrx_word' id='word_1_101' title='bbox 1967 1880 2331 1955; x_wconf 90' lang='lat' dir='ltr'>plurimum</span> <span class='ocrx_word' id='word_1_102' title='bbox 2362 1880 2579 1954; x_wconf 86' lang='lat' dir='ltr'>ignem</span> <span class='ocrx_word' id='word_1_103' title='bbox 2606 1896 2683 1939; x_wconf 87' lang='lat' dir='ltr'>ex</span> <span class='ocrx_word' id='word_1_104' title='bbox 2712 1896 2826 1939; x_wconf 89' lang='lat' dir='ltr'>ore</span> <span class='ocrx_word' id='word_1_105' title='bbox 2854 1897 2974 1940; x_wconf 89' lang='lat' dir='ltr'>suo</span> <span class='ocrx_word' id='word_1_106' title='bbox 3000 1880 3390 1939; x_wconf 88' lang='lat' dir='ltr'>emiserunt.</span> <span class='ocrx_word' id='word_1_107' title='bbox 3411 1878 3493 1938; x_wconf 88' lang='lat' dir='ltr'>Et</span> <span class='ocrx_word' id='word_1_108' title='bbox 3517 1879 3764 1938; x_wconf 86' lang='lat' dir='ltr'>animae</span> 
     </span>
     <span class='ocr_line' id='line_1_12' title="bbox 674 1983 3760 2063; baseline -0.002 -17"><span class='ocrx_word' id='word_1_109' title='bbox 674 2002 868 2063; x_wconf 88' lang='lat' dir='ltr'>quae,</span> <span class='ocrx_word' id='word_1_110' title='bbox 899 1986 1057 2044; x_wconf 91' lang='lat' dir='ltr'>dum</span> <span class='ocrx_word' id='word_1_111' title='bbox 1085 1987 1151 2044; x_wconf 89' lang='lat' dir='ltr'>in</span> <span class='ocrx_word' id='word_1_112' title='bbox 1177 1984 1570 2061; x_wconf 84' lang='lat' dir='ltr'>corporibus</span> <span class='ocrx_word' id='word_1_113' title='bbox 1597 1984 1740 2044; x_wconf 88' lang='lat' dir='ltr'>suis</span> <span class='ocrx_word' id='word_1_114' title='bbox 1770 1983 2076 2058; x_wconf 83' lang='lat' dir='ltr'>fuissent,</span> <span class='ocrx_word' id='word_1_115' title='bbox 2105 1985 2271 2043; x_wconf 89' lang='lat' dir='ltr'>vitio</span> <span class='ocrx_word' id='word_1_116' title='bbox 2304 1984 2697 2044; x_wconf 83' lang='lat' dir='ltr'>acerbitatis</span> <span class='ocrx_word' id='word_1_117' title='bbox 2731 1986 3125 2057; x_wconf 86' lang='lat' dir='ltr'>servierant,</span> <span class='ocrx_word' id='word_1_118' title='bbox 3161 1985 3229 2043; x_wconf 90' lang='lat' dir='ltr'>in</span> <span class='ocrx_word' id='word_1_119' title='bbox 3261 1984 3419 2059; x_wconf 81' lang='lat' dir='ltr'>igne</span> <span class='ocrx_word' id='word_1_120' title='bbox 3451 1984 3585 2043; x_wconf 88' lang='lat' dir='ltr'>isto</span> <span class='ocrx_word' id='word_1_121' title='bbox 3618 1997 3760 2042; x_wconf 88' lang='lat' dir='ltr'>ure-</span> 
     </span>
     <span class='ocr_line' id='line_1_13' title="bbox 669 2080 3759 2165; baseline -0.003 -14"><span class='ocrx_word' id='word_1_122' title='bbox 669 2091 934 2156; x_wconf 83' lang='lat' dir='ltr'>bantur,</span> <span class='ocrx_word' id='word_1_123' title='bbox 987 2095 1055 2150; x_wconf 87' lang='lat' dir='ltr'>et</span> <span class='ocrx_word' id='word_1_124' title='bbox 1103 2089 1186 2149; x_wconf 88' lang='lat' dir='ltr'>ab</span> <span class='ocrx_word' id='word_1_125' title='bbox 1220 2088 1474 2148; x_wconf 91' lang='lat' dir='ltr'>eisdem</span> <span class='ocrx_word' id='word_1_126' title='bbox 1507 2080 1760 2162; x_wconf 84' lang='lat' dir='ltr'>viperis</span> <span class='ocrx_word' id='word_1_127' title='bbox 1795 2087 2299 2164; x_wconf 85' lang='lat' dir='ltr'>torquebantur.</span> <span class='ocrx_word' id='word_1_128' title='bbox 2338 2088 2617 2165; x_wconf 89' lang='lat' dir='ltr'>Propter</span> <span class='ocrx_word' id='word_1_129' title='bbox 2652 2088 3110 2149; x_wconf 86' lang='lat' dir='ltr'>infidelitatem</span> <span class='ocrx_word' id='word_1_130' title='bbox 3145 2089 3320 2147; x_wconf 90' lang='lat' dir='ltr'>enim</span> <span class='ocrx_word' id='word_1_131' title='bbox 3358 2102 3563 2162; x_wconf 87' lang='lat' dir='ltr'>quam</span> <span class='ocrx_word' id='word_1_132' title='bbox 3597 2087 3661 2144; x_wconf 91' lang='lat' dir='ltr'>in</span> <span class='ocrx_word' id='word_1_133' title='bbox 3691 2100 3759 2143; x_wconf 87' lang='lat' dir='ltr'>se</span> 
     </span>
     <span class='ocr_line' id='line_1_14' title="bbox 669 2187 3760 2268; baseline -0.003 -13"><span class='ocrx_word' id='word_1_134' title='bbox 669 2194 1181 2267; x_wconf 87' lang='lat' dir='ltr'>absconderant,</span> <span class='ocrx_word' id='word_1_135' title='bbox 1216 2194 1553 2251; x_wconf 86' lang='lat' dir='ltr'>flammam</span> <span class='ocrx_word' id='word_1_136' title='bbox 1586 2194 1845 2267; x_wconf 83' lang='lat' dir='ltr'>nigram</span> <span class='ocrx_word' id='word_1_137' title='bbox 1882 2193 2324 2265; x_wconf 87' lang='lat' dir='ltr'>sustinebant;</span> <span class='ocrx_word' id='word_1_138' title='bbox 2361 2196 2429 2252; x_wconf 92' lang='lat' dir='ltr'>et</span> <span class='ocrx_word' id='word_1_139' title='bbox 2462 2199 2735 2268; x_wconf 87' lang='lat' dir='ltr'>propter</span> <span class='ocrx_word' id='word_1_140' title='bbox 2766 2192 3201 2252; x_wconf 84' lang='lat' dir='ltr'>acerbitatem</span> <span class='ocrx_word' id='word_1_141' title='bbox 3241 2207 3417 2267; x_wconf 88' lang='lat' dir='ltr'>quae</span> <span class='ocrx_word' id='word_1_142' title='bbox 3453 2191 3522 2250; x_wconf 90' lang='lat' dir='ltr'>in</span> <span class='ocrx_word' id='word_1_143' title='bbox 3555 2187 3760 2248; x_wconf 88' lang='lat' dir='ltr'>cordi-</span> 
     </span>
     <span class='ocr_line' id='line_1_15' title="bbox 668 2291 3753 2373; baseline -0.003 -14"><span class='ocrx_word' id='word_1_144' title='bbox 668 2301 793 2359; x_wconf 88' lang='lat' dir='ltr'>bus</span> <span class='ocrx_word' id='word_1_145' title='bbox 828 2300 971 2358; x_wconf 89' lang='lat' dir='ltr'>suis</span> <span class='ocrx_word' id='word_1_146' title='bbox 1006 2303 1171 2371; x_wconf 90' lang='lat' dir='ltr'>erat,</span> <span class='ocrx_word' id='word_1_147' title='bbox 1211 2297 1546 2356; x_wconf 86' lang='lat' dir='ltr'>flammam</span> <span class='ocrx_word' id='word_1_148' title='bbox 1581 2296 2015 2356; x_wconf 89' lang='lat' dir='ltr'>rubicundam</span> <span class='ocrx_word' id='word_1_149' title='bbox 2052 2312 2293 2372; x_wconf 89' lang='lat' dir='ltr'>passae</span> <span class='ocrx_word' id='word_1_150' title='bbox 2328 2304 2505 2369; x_wconf 88' lang='lat' dir='ltr'>sunt;</span> <span class='ocrx_word' id='word_1_151' title='bbox 2542 2304 2610 2356; x_wconf 91' lang='lat' dir='ltr'>et</span> <span class='ocrx_word' id='word_1_152' title='bbox 2642 2303 2918 2373; x_wconf 91' lang='lat' dir='ltr'>propter</span> <span class='ocrx_word' id='word_1_153' title='bbox 2951 2297 3178 2357; x_wconf 88' lang='lat' dir='ltr'>dolum</span> <span class='ocrx_word' id='word_1_154' title='bbox 3210 2301 3276 2355; x_wconf 90' lang='lat' dir='ltr'>et</span> <span class='ocrx_word' id='word_1_155' title='bbox 3312 2297 3552 2368; x_wconf 89' lang='lat' dir='ltr'>risum,</span> <span class='ocrx_word' id='word_1_156' title='bbox 3590 2291 3753 2369; x_wconf 90' lang='lat' dir='ltr'>quod</span> 
     </span>
     <span class='ocr_line' id='line_1_16' title="bbox 671 2397 3762 2478; baseline -0.003 -15"><span class='ocrx_word' id='word_1_157' title='bbox 671 2405 735 2463; x_wconf 93' lang='lat' dir='ltr'>in</span> <span class='ocrx_word' id='word_1_158' title='bbox 786 2404 891 2462; x_wconf 88' lang='lat' dir='ltr'>his</span> <span class='ocrx_word' id='word_1_159' title='bbox 942 2401 1334 2474; x_wconf 85' lang='lat' dir='ltr'>habuerant,</span> <span class='ocrx_word' id='word_1_160' title='bbox 1389 2401 1652 2460; x_wconf 86' lang='lat' dir='ltr'>flamma</span> <span class='ocrx_word' id='word_1_161' title='bbox 1702 2401 1857 2460; x_wconf 88' lang='lat' dir='ltr'>alba</span> <span class='ocrx_word' id='word_1_162' title='bbox 1903 2400 2370 2476; x_wconf 87' lang='lat' dir='ltr'>puniebantur.</span> <span class='ocrx_word' id='word_1_163' title='bbox 2420 2401 2544 2460; x_wconf 87' lang='lat' dir='ltr'>Sed</span> <span class='ocrx_word' id='word_1_164' title='bbox 2594 2408 2661 2460; x_wconf 93' lang='lat' dir='ltr'>et</span> <span class='ocrx_word' id='word_1_165' title='bbox 2701 2402 2859 2478; x_wconf 87' lang='lat' dir='ltr'>quia</span> <span class='ocrx_word' id='word_1_166' title='bbox 2897 2402 2961 2460; x_wconf 92' lang='lat' dir='ltr'>in</span> <span class='ocrx_word' id='word_1_167' title='bbox 2993 2400 3220 2461; x_wconf 89' lang='lat' dir='ltr'>verbis</span> <span class='ocrx_word' id='word_1_168' title='bbox 3253 2406 3324 2460; x_wconf 90' lang='lat' dir='ltr'>et</span> <span class='ocrx_word' id='word_1_169' title='bbox 3361 2400 3427 2459; x_wconf 91' lang='lat' dir='ltr'>in</span> <span class='ocrx_word' id='word_1_170' title='bbox 3454 2397 3762 2474; x_wconf 89' lang='lat' dir='ltr'>operibus</span> 
     </span>
     <span class='ocr_line' id='line_1_17' title="bbox 667 2503 3756 2581; baseline -0.003 -14"><span class='ocrx_word' id='word_1_171' title='bbox 667 2510 807 2567; x_wconf 84' lang='lat' dir='ltr'>suis</span> <span class='ocrx_word' id='word_1_172' title='bbox 855 2505 1401 2565; x_wconf 84' lang='lat' dir='ltr'>contrarietatem</span> <span class='ocrx_word' id='word_1_173' title='bbox 1448 2504 1918 2564; x_wconf 89' lang='lat' dir='ltr'>amaritudinis</span> <span class='ocrx_word' id='word_1_174' title='bbox 1967 2508 2198 2565; x_wconf 86' lang='lat' dir='ltr'>contra</span> <span class='ocrx_word' id='word_1_175' title='bbox 2248 2505 2543 2566; x_wconf 89' lang='lat' dir='ltr'>divinam</span> <span class='ocrx_word' id='word_1_176' title='bbox 2587 2506 2960 2581; x_wconf 89' lang='lat' dir='ltr'>jussionem</span> <span class='ocrx_word' id='word_1_177' title='bbox 3011 2508 3080 2565; x_wconf 91' lang='lat' dir='ltr'>et</span> <span class='ocrx_word' id='word_1_178' title='bbox 3126 2509 3364 2565; x_wconf 88' lang='lat' dir='ltr'>contra</span> <span class='ocrx_word' id='word_1_179' title='bbox 3409 2503 3756 2562; x_wconf 89' lang='lat' dir='ltr'>humanam</span> 
     </span>
     <span class='ocr_line' id='line_1_18' title="bbox 666 2602 3759 2685; baseline -0.004 -14"><span class='ocrx_word' id='word_1_180' title='bbox 666 2611 1085 2671; x_wconf 82' lang='lat' dir='ltr'>affectionem</span> <span class='ocrx_word' id='word_1_181' title='bbox 1135 2616 1513 2681; x_wconf 88' lang='lat' dir='ltr'>erexerant,</span> <span class='ocrx_word' id='word_1_182' title='bbox 1567 2626 1604 2667; x_wconf 89' lang='lat' dir='ltr'>a</span> <span class='ocrx_word' id='word_1_183' title='bbox 1638 2609 1891 2682; x_wconf 88' lang='lat' dir='ltr'>viperis</span> <span class='ocrx_word' id='word_1_184' title='bbox 1930 2609 2065 2668; x_wconf 90' lang='lat' dir='ltr'>illis</span> <span class='ocrx_word' id='word_1_185' title='bbox 2100 2609 2591 2685; x_wconf 83' lang='lat' dir='ltr'>affligebantur.</span> <span class='ocrx_word' id='word_1_186' title='bbox 2628 2611 2708 2669; x_wconf 86' lang='lat' dir='ltr'>Et</span> <span class='ocrx_word' id='word_1_187' title='bbox 2742 2610 2880 2669; x_wconf 90' lang='lat' dir='ltr'>vidi</span> <span class='ocrx_word' id='word_1_188' title='bbox 2914 2614 2983 2670; x_wconf 89' lang='lat' dir='ltr'>et</span> <span class='ocrx_word' id='word_1_189' title='bbox 3019 2608 3315 2669; x_wconf 80' lang='lat' dir='ltr'>intellexi</span> <span class='ocrx_word' id='word_1_190' title='bbox 3352 2607 3539 2667; x_wconf 89' lang='lat' dir='ltr'>haec.</span> <span class='ocrx_word' id='word_1_191' title='bbox 3575 2605 3652 2664; x_wconf 85' lang='lat' dir='ltr'>Et</span> <span class='ocrx_word' id='word_1_192' title='bbox 3682 2602 3759 2661; x_wconf 91' lang='lat' dir='ltr'>de</span> 
     </span>
     <span class='ocr_line' id='line_1_19' title="bbox 668 2710 3758 2792; baseline -0.003 -18"><span class='ocrx_word' id='word_1_193' title='bbox 668 2715 973 2792; x_wconf 83' lang='lat' dir='ltr'>praefata</span> <span class='ocrx_word' id='word_1_194' title='bbox 1020 2715 1288 2773; x_wconf 88' lang='lat' dir='ltr'>vivente</span> <span class='ocrx_word' id='word_1_195' title='bbox 1339 2712 1485 2772; x_wconf 90' lang='lat' dir='ltr'>luce</span> <span class='ocrx_word' id='word_1_196' title='bbox 1533 2728 1767 2771; x_wconf 90' lang='lat' dir='ltr'>vocem</span> <span class='ocrx_word' id='word_1_197' title='bbox 1803 2715 2046 2772; x_wconf 85' lang='lat' dir='ltr'>iterum</span> <span class='ocrx_word' id='word_1_198' title='bbox 2084 2714 2245 2772; x_wconf 88' lang='lat' dir='ltr'>mihi</span> <span class='ocrx_word' id='word_1_199' title='bbox 2281 2715 2615 2773; x_wconf 90' lang='lat' dir='ltr'>dicentem</span> <span class='ocrx_word' id='word_1_200' title='bbox 2652 2714 2898 2774; x_wconf 88' lang='lat' dir='ltr'>audivi:</span> <span class='ocrx_word' id='word_1_201' title='bbox 2934 2714 3114 2772; x_wconf 88' lang='lat' dir='ltr'>Haec</span> <span class='ocrx_word' id='word_1_202' title='bbox 3149 2727 3322 2787; x_wconf 83' lang='lat' dir='ltr'>quae</span> <span class='ocrx_word' id='word_1_203' title='bbox 3356 2710 3572 2783; x_wconf 86' lang='lat' dir='ltr'>vides,</span> <span class='ocrx_word' id='word_1_204' title='bbox 3608 2722 3758 2766; x_wconf 87' lang='lat' dir='ltr'>vera</span> 
     </span>
     <span class='ocr_line' id='line_1_20' title="bbox 677 2815 932 2890; baseline -0.012 -11"><span class='ocrx_word' id='word_1_205' title='bbox 677 2822 850 2879; x_wconf 70' lang='lat' dir='ltr'>sunt.</span> <span class='ocrx_word' id='word_1_206' title='bbox 886 2815 932 2890; x_wconf 61' lang='grc' dir='ltr'>ί)</span> 
     </span>
    </p>
   </div>
   <div class='ocr_carea' id='block_1_6' title="bbox 2130 3022 2309 3090">
    <p class='ocr_par' dir='ltr' id='par_1_7' title="bbox 2130 3022 2309 3090">
     <span class='ocr_line' id='line_1_21' title="bbox 2130 3022 2309 3090; baseline 0.011 -2"><span class='ocrx_word' id='word_1_207' title='bbox 2130 3022 2309 3090; x_wconf 83' lang='lat' dir='ltr'>LXII.</span> 
     </span>
    </p>
   </div>
   <div class='ocr_carea' id='block_1_7' title="bbox 1714 3233 2717 3317">
    <p class='ocr_par' dir='ltr' id='par_1_8' title="bbox 1714 3233 2717 3317">
     <span class='ocr_line' id='line_1_22' title="bbox 1714 3233 2717 3317; baseline 0 -19"><span class='ocrx_word' id='word_1_208' title='bbox 1714 3233 1805 3298; x_wconf 85' lang='lat' dir='ltr'>De</span> <span class='ocrx_word' id='word_1_209' title='bbox 1840 3243 2269 3317; x_wconf 64' lang='lat' dir='ltr'>poenitentia</span> <span class='ocrx_word' id='word_1_210' title='bbox 2315 3242 2717 3299; x_wconf 79' lang='lat' dir='ltr'>eorumdem.</span> 
     </span>
    </p>
   </div>
   <div class='ocr_carea' id='block_1_8' title="bbox 676 3438 3763 3938">
    <p class='ocr_par' dir='ltr' id='par_1_9' title="bbox 676 3438 3763 3938">
     <span class='ocr_line' id='line_1_23' title="bbox 769 3438 3756 3526; baseline -0.001 -20"><span class='ocrx_word' id='word_1_211' title='bbox 769 3438 869 3507; x_wconf 89' lang='grc'>73.</span> <span class='ocrx_word' id='word_1_212' title='bbox 921 3448 1339 3524; x_wconf 87' lang='lat' dir='ltr'>Quapropter</span> <span class='ocrx_word' id='word_1_213' title='bbox 1387 3448 1686 3508; x_wconf 88' lang='lat' dir='ltr'>homines</span> <span class='ocrx_word' id='word_1_214' title='bbox 1735 3450 1848 3526; x_wconf 89' lang='lat' dir='ltr'>qui</span> <span class='ocrx_word' id='word_1_215' title='bbox 1899 3466 2016 3524; x_wconf 92' lang='lat' dir='ltr'>per</span> <span class='ocrx_word' id='word_1_216' title='bbox 2066 3451 2497 3511; x_wconf 87' lang='lat' dir='ltr'>acerbitatem</span> <span class='ocrx_word' id='word_1_217' title='bbox 2547 3450 2680 3509; x_wconf 93' lang='lat' dir='ltr'>Deo</span> <span class='ocrx_word' id='word_1_218' title='bbox 2730 3456 2798 3510; x_wconf 88' lang='lat' dir='ltr'>et</span> <span class='ocrx_word' id='word_1_219' title='bbox 2846 3444 3228 3510; x_wconf 88' lang='lat' dir='ltr'>hominibus</span> <span class='ocrx_word' id='word_1_220' title='bbox 3277 3441 3668 3525; x_wconf 81' lang='lat' dir='ltr'>repugnant,</span> <span class='ocrx_word' id='word_1_221' title='bbox 3701 3439 3756 3501; x_wconf 87' lang='lat' dir='ltr'>si</span> 
     </span>
     <span class='ocr_line' id='line_1_24' title="bbox 676 3546 3763 3630; baseline -0.003 -19"><span class='ocrx_word' id='word_1_222' title='bbox 676 3551 1188 3612; x_wconf 87' lang='lat' dir='ltr'>adversantibus</span> <span class='ocrx_word' id='word_1_223' title='bbox 1213 3559 1281 3612; x_wconf 93' lang='lat' dir='ltr'>et</span> <span class='ocrx_word' id='word_1_224' title='bbox 1306 3554 1799 3628; x_wconf 88' lang='lat' dir='ltr'>praedictorum</span> <span class='ocrx_word' id='word_1_225' title='bbox 1830 3554 2188 3629; x_wconf 89' lang='lat' dir='ltr'>spirituum</span> <span class='ocrx_word' id='word_1_226' title='bbox 2217 3559 2285 3613; x_wconf 91' lang='lat' dir='ltr'>et</span> <span class='ocrx_word' id='word_1_227' title='bbox 2311 3554 2807 3629; x_wconf 89' lang='lat' dir='ltr'>praedictarum</span> <span class='ocrx_word' id='word_1_228' title='bbox 2831 3569 3197 3630; x_wconf 89' lang='lat' dir='ltr'>poenarum</span> <span class='ocrx_word' id='word_1_229' title='bbox 3225 3552 3514 3613; x_wconf 87' lang='lat' dir='ltr'>subesse</span> <span class='ocrx_word' id='word_1_230' title='bbox 3547 3546 3763 3609; x_wconf 86' lang='lat' dir='ltr'>nolue-</span> 
     </span>
     <span class='ocr_line' id='line_1_25' title="bbox 681 3654 3763 3732; baseline -0.003 -19"><span class='ocrx_word' id='word_1_231' title='bbox 681 3661 851 3727; x_wconf 82' lang='lat' dir='ltr'>rant,</span> <span class='ocrx_word' id='word_1_232' title='bbox 882 3654 1155 3729; x_wconf 87' lang='lat' dir='ltr'>jejuniis</span> <span class='ocrx_word' id='word_1_233' title='bbox 1190 3672 1268 3714; x_wconf 87' lang='lat' dir='ltr'>ac</span> <span class='ocrx_word' id='word_1_234' title='bbox 1301 3655 1717 3715; x_wconf 90' lang='lat' dir='ltr'>orationibus</span> <span class='ocrx_word' id='word_1_235' title='bbox 1752 3655 2117 3715; x_wconf 90' lang='lat' dir='ltr'>secundum</span> <span class='ocrx_word' id='word_1_236' title='bbox 2151 3655 2547 3732; x_wconf 89' lang='lat' dir='ltr'>qualitatem</span> <span class='ocrx_word' id='word_1_237' title='bbox 2580 3671 2898 3716; x_wconf 85' lang='lat' dir='ltr'>excessus</span> <span class='ocrx_word' id='word_1_238' title='bbox 2932 3656 3059 3730; x_wconf 92' lang='lat' dir='ltr'>sui,</span> <span class='ocrx_word' id='word_1_239' title='bbox 3096 3661 3164 3715; x_wconf 93' lang='lat' dir='ltr'>et</span> <span class='ocrx_word' id='word_1_240' title='bbox 3190 3654 3559 3716; x_wconf 89' lang='lat' dir='ltr'>secundum</span> <span class='ocrx_word' id='word_1_241' title='bbox 3583 3661 3763 3726; x_wconf 86' lang='lat' dir='ltr'>prae-</span> 
     </span>
     <span class='ocr_line' id='line_1_26' title="bbox 681 3754 3760 3835; baseline -0.003 -18"><span class='ocrx_word' id='word_1_242' title='bbox 681 3766 948 3834; x_wconf 88' lang='lat' dir='ltr'>ceptum</span> <span class='ocrx_word' id='word_1_243' title='bbox 992 3757 1239 3834; x_wconf 89' lang='lat' dir='ltr'>judicis</span> <span class='ocrx_word' id='word_1_244' title='bbox 1284 3776 1355 3818; x_wconf 90' lang='lat' dir='ltr'>se</span> <span class='ocrx_word' id='word_1_245' title='bbox 1399 3758 1852 3833; x_wconf 81' lang='lat' dir='ltr'>dijudicantiS‚</span> <span class='ocrx_word' id='word_1_246' title='bbox 1889 3756 1939 3835; x_wconf 81' lang='lat'>²)</span> <span class='ocrx_word' id='word_1_247' title='bbox 1979 3760 2379 3834; x_wconf 89' lang='lat' dir='ltr'>inserviant,</span> <span class='ocrx_word' id='word_1_248' title='bbox 2433 3761 2749 3835; x_wconf 88' lang='lat' dir='ltr'>quoniam</span> <span class='ocrx_word' id='word_1_249' title='bbox 2793 3760 2858 3819; x_wconf 91' lang='lat' dir='ltr'>in</span> <span class='ocrx_word' id='word_1_250' title='bbox 2891 3776 3130 3835; x_wconf 79' lang='lat' dir='ltr'>magna</span> <span class='ocrx_word' id='word_1_251' title='bbox 3164 3759 3533 3819; x_wconf 87' lang='lat' dir='ltr'>acerbitate</span> <span class='ocrx_word' id='word_1_252' title='bbox 3565 3754 3760 3814; x_wconf 90' lang='lat' dir='ltr'>Deum</span> 
     </span>
     <span class='ocr_line' id='line_1_27' title="bbox 678 3867 1245 3938; baseline -0.005 -15"><span class='ocrx_word' id='word_1_253' title='bbox 678 3867 1245 3938; x_wconf 46' lang='lat' dir='ltr'>contempserunt,</span> 
     </span>
    </p>
   </div>
   <div class='ocr_carea' id='block_1_9' title="bbox 2116 4065 2329 4134">
    <p class='ocr_par' dir='ltr' id='par_1_10' title="bbox 2116 4065 2329 4134">
     <span class='ocr_line' id='line_1_28' title="bbox 2116 4065 2329 4134; baseline 0.005 -2"><span class='ocrx_word' id='word_1_254' title='bbox 2116 4065 2329 4134; x_wconf 83' lang='lat' dir='ltr'><strong>LXIII.</strong></span> 
     </span>
    </p>
   </div>
   <div class='ocr_carea' id='block_1_10' title="bbox 1805 4274 2647 4362">
    <p class='ocr_par' dir='ltr' id='par_1_11' title="bbox 1805 4274 2647 4362">
     <span class='ocr_line' id='line_1_29' title="bbox 1805 4274 2647 4362; baseline 0 -19"><span class='ocrx_word' id='word_1_255' title='bbox 1805 4274 1896 4343; x_wconf 82' lang='lat' dir='ltr'>De</span> <span class='ocrx_word' id='word_1_256' title='bbox 1946 4282 2317 4344; x_wconf 83' lang='lat' dir='ltr'>acerbitatis</span> <span class='ocrx_word' id='word_1_257' title='bbox 2360 4291 2647 4362; x_wconf 72' lang='lat' dir='ltr'>peccam.</span> 
     </span>
    </p>
   </div>
   <div class='ocr_carea' id='block_1_11' title="bbox 679 4481 3761 4987">
    <p class='ocr_par' dir='ltr' id='par_1_12' title="bbox 679 4481 3761 4987">
     <span class='ocr_line' id='line_1_30' title="bbox 773 4481 3758 4569; baseline -0.001 -17"><span class='ocrx_word' id='word_1_258' title='bbox 773 4481 876 4555; x_wconf 62' lang='grc' dir='ltr'>Ἡ.</span> <span class='ocrx_word' id='word_1_259' title='bbox 927 4493 1276 4553; x_wconf 88' lang='lat' dir='ltr'>Acerbitas</span> <span class='ocrx_word' id='word_1_260' title='bbox 1325 4493 1500 4552; x_wconf 90' lang='lat' dir='ltr'>enim</span> <span class='ocrx_word' id='word_1_261' title='bbox 1550 4492 1756 4552; x_wconf 93' lang='lat' dir='ltr'>Deum</span> <span class='ocrx_word' id='word_1_262' title='bbox 1808 4494 2048 4568; x_wconf 88' lang='lat' dir='ltr'>renuit,</span> <span class='ocrx_word' id='word_1_263' title='bbox 2086 4495 2402 4569; x_wconf 87' lang='lat' dir='ltr'>pietatem</span> <span class='ocrx_word' id='word_1_264' title='bbox 2437 4494 2583 4569; x_wconf 89' lang='lat' dir='ltr'>ejus</span> <span class='ocrx_word' id='word_1_265' title='bbox 2617 4510 2748 4552; x_wconf 90' lang='lat' dir='ltr'>non</span> <span class='ocrx_word' id='word_1_266' title='bbox 2781 4493 3023 4569; x_wconf 82' lang='lat' dir='ltr'>diligit,</span> <span class='ocrx_word' id='word_1_267' title='bbox 3061 4484 3589 4552; x_wconf 85' lang='lat' dir='ltr'>misericordiam</span> <span class='ocrx_word' id='word_1_268' title='bbox 3624 4481 3758 4559; x_wconf 71' lang='lat' dir='ltr'>ejus</span> 
     </span>
     <span class='ocr_line' id='line_1_31' title="bbox 683 4586 3759 4675; baseline -0.005 -16"><span class='ocrx_word' id='word_1_269' title='bbox 683 4606 811 4659; x_wconf 79' lang='lat' dir='ltr'>hon</span> <span class='ocrx_word' id='word_1_270' title='bbox 845 4600 1131 4675; x_wconf 88' lang='lat' dir='ltr'>quaerit,</span> <span class='ocrx_word' id='word_1_271' title='bbox 1165 4597 1415 4674; x_wconf 90' lang='lat' dir='ltr'>judicia</span> <span class='ocrx_word' id='word_1_272' title='bbox 1449 4598 1594 4673; x_wconf 86' lang='lat' dir='ltr'>ejus</span> <span class='ocrx_word' id='word_1_273' title='bbox 1627 4615 1756 4658; x_wconf 94' lang='lat' dir='ltr'>non</span> <span class='ocrx_word' id='word_1_274' title='bbox 1789 4605 1991 4672; x_wconf 77' lang='lat' dir='ltr'>aniat;</span> <span class='ocrx_word' id='word_1_275' title='bbox 2030 4599 2145 4659; x_wconf 89' lang='lat' dir='ltr'>sed</span> <span class='ocrx_word' id='word_1_276' title='bbox 2180 4600 2377 4659; x_wconf 89' lang='lat' dir='ltr'>malis</span> <span class='ocrx_word' id='word_1_277' title='bbox 2410 4599 2637 4659; x_wconf 90' lang='lat' dir='ltr'>verbis</span> <span class='ocrx_word' id='word_1_278' title='bbox 2671 4604 2904 4659; x_wconf 90' lang='lat' dir='ltr'>contra</span> <span class='ocrx_word' id='word_1_279' title='bbox 2938 4598 3055 4658; x_wconf 90' lang='lat' dir='ltr'>illa</span> <span class='ocrx_word' id='word_1_280' title='bbox 3089 4597 3370 4669; x_wconf 82' lang='lat' dir='ltr'>frendet,</span> <span class='ocrx_word' id='word_1_281' title='bbox 3405 4603 3473 4656; x_wconf 91' lang='lat' dir='ltr'>et</span> <span class='ocrx_word' id='word_1_282' title='bbox 3521 4586 3759 4654; x_wconf 87' lang='lat' dir='ltr'>securi-</span> 
     </span>
     <span class='ocr_line' id='line_1_32' title="bbox 684 4693 3761 4777; baseline -0.005 -15"><span class='ocrx_word' id='word_1_283' title='bbox 684 4707 886 4762; x_wconf 88' lang='lat' dir='ltr'>tatem</span> <span class='ocrx_word' id='word_1_284' title='bbox 940 4703 1006 4761; x_wconf 91' lang='lat' dir='ltr'>in</span> <span class='ocrx_word' id='word_1_285' title='bbox 1054 4701 1362 4761; x_wconf 90' lang='lat' dir='ltr'>omnibus</span> <span class='ocrx_word' id='word_1_286' title='bbox 1414 4701 1542 4761; x_wconf 91' lang='lat' dir='ltr'>sibi</span> <span class='ocrx_word' id='word_1_287' title='bbox 1591 4703 1801 4777; x_wconf 82' lang='lat' dir='ltr'>elig1t3</span> <span class='ocrx_word' id='word_1_288' title='bbox 1852 4718 1974 4761; x_wconf 88' lang='lat' dir='ltr'>nec</span> <span class='ocrx_word' id='word_1_289' title='bbox 2023 4718 2141 4777; x_wconf 90' lang='lat' dir='ltr'>per</span> <span class='ocrx_word' id='word_1_290' title='bbox 2189 4704 2519 4777; x_wconf 91' lang='lat' dir='ltr'>timorem,</span> <span class='ocrx_word' id='word_1_291' title='bbox 2584 4719 2705 4761; x_wconf 91' lang='lat' dir='ltr'>nec</span> <span class='ocrx_word' id='word_1_292' title='bbox 2752 4719 2871 4776; x_wconf 87' lang='lat' dir='ltr'>per</span> <span class='ocrx_word' id='word_1_293' title='bbox 2920 4718 3211 4762; x_wconf 90' lang='lat' dir='ltr'>amorem</span> <span class='ocrx_word' id='word_1_294' title='bbox 3262 4701 3379 4761; x_wconf 91' lang='lat' dir='ltr'>Dei</span> <span class='ocrx_word' id='word_1_295' title='bbox 3427 4693 3761 4777; x_wconf 85' lang='lat' dir='ltr'>praevidet</span> 
     </span>
     <span class='ocr_line' id='line_1_33' title="bbox 679 4803 3759 4882; baseline -0.003 -17"><span class='ocrx_word' id='word_1_296' title='bbox 679 4806 840 4881; x_wconf 84' lang='lat' dir='ltr'>quid</span> <span class='ocrx_word' id='word_1_297' title='bbox 895 4803 1150 4865; x_wconf 89' lang='lat' dir='ltr'>factura</span> <span class='ocrx_word' id='word_1_298' title='bbox 1185 4806 1291 4864; x_wconf 91' lang='lat' dir='ltr'>sit.</span> <span class='ocrx_word' id='word_1_299' title='bbox 1331 4806 1493 4863; x_wconf 89' lang='lat' dir='ltr'>Nam</span> <span class='ocrx_word' id='word_1_300' title='bbox 1543 4805 1719 4881; x_wconf 86' lang='lat' dir='ltr'>quod</span> <span class='ocrx_word' id='word_1_301' title='bbox 1771 4806 1913 4864; x_wconf 87' lang='lat' dir='ltr'>vult</span> <span class='ocrx_word' id='word_1_302' title='bbox 1951 4806 2130 4879; x_wconf 77' lang='lat' dir='ltr'>facit,</span> <span class='ocrx_word' id='word_1_303' title='bbox 2169 4807 2344 4882; x_wconf 89' lang='lat' dir='ltr'>quod</span> <span class='ocrx_word' id='word_1_304' title='bbox 2381 4809 2605 4866; x_wconf 89' lang='lat' dir='ltr'>autem</span> <span class='ocrx_word' id='word_1_305' title='bbox 2640 4822 2768 4866; x_wconf 89' lang='lat' dir='ltr'>non</span> <span class='ocrx_word' id='word_1_306' title='bbox 2801 4806 2968 4879; x_wconf 87' lang='lat' dir='ltr'>vult,</span> <span class='ocrx_word' id='word_1_307' title='bbox 3013 4807 3076 4864; x_wconf 93' lang='lat' dir='ltr'>in</span> <span class='ocrx_word' id='word_1_308' title='bbox 3111 4806 3368 4865; x_wconf 89' lang='lat' dir='ltr'>malitia</span> <span class='ocrx_word' id='word_1_309' title='bbox 3403 4819 3524 4863; x_wconf 90' lang='lat' dir='ltr'>sua</span> <span class='ocrx_word' id='word_1_310' title='bbox 3549 4812 3759 4860; x_wconf 83' lang='lat' dir='ltr'>corro-</span> 
     </span>
     <span class='ocr_line' id='line_1_34' title="bbox 681 4900 3753 4987; baseline -0 -17"><span class='ocrx_word' id='word_1_311' title='bbox 681 4912 801 4986; x_wconf 78' lang='lat' dir='ltr'>dit,</span> <span class='ocrx_word' id='word_1_312' title='bbox 853 4912 1165 4987; x_wconf 88' lang='lat' dir='ltr'>quoniam</span> <span class='ocrx_word' id='word_1_313' title='bbox 1218 4910 1500 4970; x_wconf 87' lang='lat' dir='ltr'>acerbus</span> <span class='ocrx_word' id='word_1_314' title='bbox 1550 4914 1617 4970; x_wconf 89' lang='lat' dir='ltr'>et</span> <span class='ocrx_word' id='word_1_315' title='bbox 1666 4927 1933 4970; x_wconf 82' lang='lat' dir='ltr'>amarus</span> <span class='ocrx_word' id='word_1_316' title='bbox 1984 4910 2179 4969; x_wconf 92' lang='lat' dir='ltr'>homo</span> <span class='ocrx_word' id='word_1_317' title='bbox 2232 4912 2631 4986; x_wconf 89' lang='lat' dir='ltr'>sapientiam</span> <span class='ocrx_word' id='word_1_318' title='bbox 2684 4910 2872 4986; x_wconf 79' lang='lat' dir='ltr'>fugit,</span> <span class='ocrx_word' id='word_1_319' title='bbox 2912 4911 3390 4971; x_wconf 84' lang='lat' dir='ltr'>beatitudinem</span> <span class='ocrx_word' id='word_1_320' title='bbox 3431 4900 3753 4978; x_wconf 75' lang='lat' dir='ltr'>relinquit,</span> 
     </span>
    </p>
   </div>
   <div class='ocr_carea' id='block_1_12' title="bbox 688 5094 2819 5265">
    <p class='ocr_par' dir='ltr' id='par_1_13' title="bbox 688 5094 2819 5265">
     <span class='ocr_line' id='line_1_35' title="bbox 760 5094 2819 5173; baseline -0.002 -11"><span class='ocrx_word' id='word_1_321' title='bbox 760 5108 799 5173; x_wconf 89' lang='lat'>¹)</span> <span class='ocrx_word' id='word_1_322' title='bbox 840 5100 1148 5162; x_wconf 75' lang='lat' dir='ltr'>Addiderat</span> <span class='ocrx_word' id='word_1_323' title='bbox 1187 5098 1252 5161; x_wconf 75' lang='lat' dir='ltr'>A:</span> <span class='ocrx_word' id='word_1_324' title='bbox 1297 5104 1345 5160; x_wconf 74' lang='lat' dir='ltr'>el</span> <span class='ocrx_word' id='word_1_325' title='bbox 1383 5111 1441 5160; x_wconf 78' lang='lat' dir='ltr'>ul</span> <span class='ocrx_word' id='word_1_326' title='bbox 1479 5123 1543 5161; x_wconf 79' lang='lat' dir='ltr'>ea</span> <span class='ocrx_word' id='word_1_327' title='bbox 1583 5108 1750 5169; x_wconf 60' lang='lat' dir='ltr'>vides,</span> <span class='ocrx_word' id='word_1_328' title='bbox 1790 5112 1870 5162; x_wconf 81' lang='lat' dir='ltr'>ita</span> <span class='ocrx_word' id='word_1_329' title='bbox 1906 5113 2054 5167; x_wconf 70' lang='lat' dir='ltr'>mm,</span> <span class='ocrx_word' id='word_1_330' title='bbox 2091 5094 2186 5160; x_wconf 85' lang='lat' dir='ltr'>sed</span> <span class='ocrx_word' id='word_1_331' title='bbox 2346 5109 2390 5171; x_wconf 64' lang='grc' dir='ltr'>Ἰ)</span> <span class='ocrx_word' id='word_1_332' title='bbox 2419 5103 2727 5163; x_wconf 71' lang='lat' dir='ltr'>dimicant-is</span> <span class='ocrx_word' id='word_1_333' title='bbox 2752 5102 2819 5159; x_wconf 82' lang='grc' dir='ltr'>Α.</span> 
     </span>
     <span class='ocr_line' id='line_1_36' title="bbox 688 5191 2179 5265; baseline -0.003 -16"><span class='ocrx_word' id='word_1_334' title='bbox 688 5210 830 5264; x_wconf 76' lang='lat' dir='ltr'>quae.</span> <span class='ocrx_word' id='word_1_335' title='bbox 858 5199 1046 5265; x_wconf 81' lang='lat' dir='ltr'>postea</span> <span class='ocrx_word' id='word_1_336' title='bbox 1077 5200 1356 5265; x_wconf 82' lang='lat' dir='ltr'>expuncta</span> <span class='ocrx_word' id='word_1_337' title='bbox 1386 5197 1540 5255; x_wconf 85' lang='lat' dir='ltr'>sunt,</span> <span class='ocrx_word' id='word_1_338' title='bbox 1573 5202 1671 5247; x_wconf 79' lang='lat' dir='ltr'>nec</span> <span class='ocrx_word' id='word_1_339' title='bbox 1703 5192 1967 5261; x_wconf 83' lang='lat' dir='ltr'>leguntur</span> <span class='ocrx_word' id='word_1_340' title='bbox 2004 5191 2060 5245; x_wconf 89' lang='lat' dir='ltr'>in</span> <span class='ocrx_word' id='word_1_341' title='bbox 2090 5192 2179 5245; x_wconf 81' lang='lat' dir='ltr'>W.</span> 
     </span>
    </p>
   </div>
  </div>
 </body>
</html>
