4036 6117
1263 518 1319 563 11
1381 513 1609 565 Lmen
1668 520 1865 566 VITAE
1922 519 2383 565 nemi-onum
3213 503 3301 564 97

1702 744 1941 804 LXXII.

1245 935 1338 993 De
1383 938 1798 1011 poenitentia
1847 935 2412 996 contendentium.

358 1137 464 1198 86.
503 1139 930 1216 Quapropter
963 1143 1266 1204 homines
1298 1146 1414 1222 qui
1449 1145 1778 1220 malignos
1822 1146 2126 1221 spirituS,
2164 1146 2659 1206 contentionem
2701 1145 2829 1205 sibi
2865 1147 3370 1224 persuadentes,

272 1240 350 1301 de
399 1258 475 1302 se
511 1245 853 1319 expellere
888 1244 1303 1323 studuerint,
1338 1254 1406 1307 et
1438 1254 1771 1308 tormenta
1803 1249 2103 1324 ejusdem
2138 1248 2605 1322 contentioniS,
2641 1264 2842 1324 quam
2878 1249 3194 1325 operibus
3226 1266 3375 1327 per-

271 1352 735 1424 paraverunt,
795 1348 1088 1425 effugere
1134 1353 1552 1428 optaverint,
1606 1369 1844 1412 carnes
1894 1369 2055 1412 suas
2098 1352 2372 1428 Jejuniis
2424 1358 2783 1427 macerent,
2836 1359 2904 1413 et
2938 1370 2977 1413 a
3010 1354 3373 1429 pinguibus

271 1450 448 1510 escis
498 1467 579 1510 se
626 1451 1032 1528 abstineant,
1088 1461 1288 1531 atque
1320 1456 1719 1516 verberibus
1753 1472 1827 1515 se
1861 1457 2213 1531 castigent.
2250 1455 2372 1527 Qui
2408 1462 2632 1515 autem
2667 1456 2811 1516 sine
2844 1457 3187 1532 operibuS‚
3223 1475 3373 1517 ver-

269 1552 367 1613 bis
400 1559 673 1615 tantum
705 1558 1105 1617 contendere
1139 1560 1482 1635 solebant,
1520 1560 1994 1621 abstinentiam
2030 1560 2336 1621 ciborum
2371 1566 2438 1621 et
2470 1566 2750 1636 potuum
2782 1561 3203 1622 solummodo
3240 1563 3371 1622 sibi
3462 1631 3472 1641 ⁶

270 1657 633 1732 imponant.

1681 1873 1953 1933 LXXIII.

1405 2083 1496 2142 De
1545 2083 1721 2140 malo
1768 2084 2226 2142 contentionis.

345 2282 450 2344 87.
508 2286 867 2346 Contentio
899 2287 1075 2345 enim
1113 2288 1482 2362 inquietum
1512 2290 1758 2347 malum
1792 2296 1926 2360 est,
1965 2305 2088 2348 nec
2123 2288 2546 2348 concordiam
2581 2292 2785 2362 amat,
2823 2286 2939 2347 sed
2972 2287 3367 2364 patientiam

264 2387 448 2463 fugit,
500 2395 581 2448 et
630 2389 940 2466 injuriam
989 2408 1118 2451 non
1167 2390 1436 2468 suffert,
1489 2393 1605 2452 sed
1650 2394 1986 2468 litigiosos
2029 2393 2333 2453 homines
2368 2393 2655 2468 quaerit,
2698 2399 2766 2450 et
2798 2407 2914 2451 eos
2949 2392 3031 2451 ad
3066 2393 3221 2452 lites
3254 2409 3365 2452 ex-

263 2492 609 2568 hortatur,
660 2510 782 2554 nec
831 2495 1016 2571 ipsos
1064 2496 1339 2571 pacifice
1389 2497 1568 2573 loqui
1618 2498 1971 2573 permittit,
2009 2498 2168 2573 quia
2201 2496 2283 2556 ad
2320 2495 2723 2572 loquendum
2757 2512 3003 2571 procax
3044 2503 3112 2556 et
3144 2513 3365 2574 prom-

264 2603 370 2672 pta
414 2606 565 2674 est,
618 2616 696 2659 ac
731 2616 1270 2677 unumquemque
1305 2603 1745 2661 contentiosis
1778 2603 2004 2662 verbis
2041 2603 2313 2662 invadit.
2345 2603 2506 2662 Nam
2543 2602 2844 2662 homines
2877 2605 2994 2680 qui
3027 2604 3182 2665 lites
3215 2604 3366 2664 dili-

260 2707 437 2775 gunt,
474 2701 838 2763 Diabolum
890 2705 1266 2778 imitantur,
1303 2706 1416 2780 qui
1466 2705 2033 2780 pulchritudinem
2069 2705 2393 2764 bonorum
2430 2705 2818 2780 angelorum
2861 2705 3221 2767 obfuscare
3254 2725 3369 2769 vo-

261 2805 401 2878 luit,
452 2812 536 2864 et
582 2821 656 2865 se
705 2807 841 2866 illis
887 2806 1338 2882 pulchriorem
1371 2808 1744 2868 ostendere.
1782 2809 1963 2869 Unde
1995 2808 2173 2869 Deus
2210 2809 2395 2868 illum
2430 2815 2498 2868 et
2533 2815 2892 2884 sequentes
2931 2826 3085 2871 eum
3122 2811 3187 2870 in
3223 2812 3365 2871 inti-

257 2909 456 2968 nitam
515 2909 977 2971 confusionem
1024 2911 1328 2987 projecit,
1368 2914 1480 2973 ubi
1529 2914 1936 2988 sempiterna
1985 2913 2349 2989 opprobria
2394 2912 2762 2988 habebunt,
2799 2915 3360 2990 quemadmodum

256 3026 368 3086 per
399 3028 515 3072 me
555 3013 922 3091 inspiratus
953 3012 1161 3075 David
1198 3015 1515 3091 ostendit,
1552 3016 1804 3076 dicens:

1662 3238 1965 3300 Lxxlm.

1358 3433 1569 3493 David
1615 3434 1702 3491 ad
1749 3433 2052 3491 eamdem
2099 3449 2260 3490 rem.

335 3641 443 3705 88.
483 3644 892 3716 Induantur,
919 3644 1035 3720 qui
1060 3642 1419 3702 detrahunt
1446 3643 1634 3715 mihi,
1659 3642 1935 3718 pudore,
1974 3649 2038 3700 et
2072 3643 2465 3719 operiantur
2498 3642 2668 3700 sicut
2694 3640 2987 3718 diploide
3021 3643 3355 3721 confusio-

251 3766 331 3805 ne
379 3767 528 3807 sua.
578 3744 624 3825 ¹)
661 3747 844 3818 Quod
878 3747 1082 3806 etiam
1117 3747 1216 3805 sic
1251 3744 1753 3821 intelligendum
1784 3751 1909 3804 est.
1947 3745 2362 3805 Contritione
2394 3751 2717 3821 perpetua
2752 3747 3026 3821 maligni
3063 3748 3347 3822 spiritus

250 3849 633 3923 induantur,
685 3850 798 3924 qui
849 3848 1144 3908 mordaci
1192 3847 1607 3907 detractione
1655 3849 1978 3908 coelestia
2020 3847 2193 3907 dona
2227 3846 2611 3923 corrodunt,
2650 3847 3035 3908 indumenta
3069 3849 3347 3924 pudoris

250 3955 682 4031 accipientes,
732 3955 1048 4029 quoniam
1098 3954 1324 4028 opinio
1359 3969 1589 4011 eorum
1624 3954 1918 4025 evanum
1972 3953 2131 4028 quia
2172 3951 2348 4027 quod
2390 3951 2607 4011 facere
2639 3953 2976 4027 volebant,
3029 3954 3350 4029 perlicere

247 4073 367 4117 non
416 4062 806 4135 potuerunt.
860 4058 1021 4117 Nam
1069 4056 1347 4116 claritas
1395 4072 1629 4115 eorum
1681 4056 1745 4114 in
1778 4054 2126 4132 nigredine
2158 4071 2358 4114 versa
2391 4060 2520 4128 est,
2575 4054 2688 4114 ubi
2731 4055 2908 4131 quod
2957 4071 3157 4131 posse
3202 4056 3347 4116 fleri

251 4161 767 4236 existimabant,
821 4161 1261 4220 annihilatum
1311 4167 1435 4220 est.
1495 4160 1600 4219 Sic
1649 4160 1852 4218 etiam
1909 4160 2398 4235 operimentum
2446 4159 2735 4234 duplicis
2783 4159 3198 4219 confusionis
3242 4161 3357 4222 ha-

251 4263 469 4337 beant,
521 4265 837 4340 quoniam
889 4264 1367 4324 beatitudinem
1419 4262 1881 4339 perdiderunt,
1933 4270 2001 4321 et
2049 4261 2515 4321 infelicitatem
2568 4260 2944 4336 induerunt,
2982 4277 3060 4321 ac
3093 4262 3175 4321 de
3209 4264 3353 4339 glo-

252 4368 344 4431 ria
390 4369 660 4443 expulsi
709 4376 896 4441 sunt,
948 4374 1015 4427 et
1062 4384 1311 4444 poenas
1361 4370 1782 4443 acceperunt.
1818 4366 1937 4424 Isti
1971 4365 2174 4424 etiam
2211 4365 2491 4439 spiritus
2526 4365 2908 4426 hominibus
2942 4375 3344 4443 proponunt,

253 4476 318 4531 ut
365 4486 679 4547 quaeque
727 4470 894 4531 bene
940 4477 1007 4530 et
1055 4471 1333 4531 honeste
1383 4471 1749 4530 constituta
1799 4469 2149 4542 dilanient,
2200 4473 2268 4526 et
2303 4474 2374 4525 ut
2409 4468 2538 4526 sibi
2584 4468 2841 4527 similes
2876 4468 2959 4528 ad
2996 4470 3148 4529 lites
3197 4487 3350 4546 pro-

247 4582 509 4647 vocent,
561 4581 630 4635 et
678 4582 750 4634 ut
797 4576 1119 4651 praelatis
1169 4576 1313 4635 suis
1365 4576 1645 4650 injurias
1697 4572 2015 4646 inferant,
2066 4580 2133 4631 et
2169 4578 2241 4631 ut
2274 4574 2374 4632 eis
2408 4588 2561 4631 cum
2595 4573 2822 4633 verbis
2856 4590 2975 4649 per
3008 4580 3352 4635 contuma-

250 4694 388 4738 cem
440 4681 849 4755 proterviam
887 4680 1208 4755 praelatis
1241 4679 1503 4750 dicant,
1554 4677 1739 4736 velut
1774 4676 2100 4751 scriptum
2134 4681 2259 4735 est:
2299 4677 2457 4748 Quis
2491 4683 2553 4734 te
2596 4678 2937 4736 constituit
2966 4679 3351 4754 principem

248 4788 305 4837 et
330 4777 630 4852 judicem
662 4800 863 4859 super
894 4784 1047 4841 nos?
1077 4781 1127 4860 ²)
1164 4781 1348 4854 Quod
1383 4783 1582 4839 etiam
1622 4781 1718 4837 sic
1757 4778 2258 4852 intelligendum
2293 4786 2416 4838 est.

320 4997 360 5059 ¹)
391 4997 477 5052 1³³.
509 4995 715 5058 CVIII.
743 5002 831 5053 29.
865 5030 929 5038 —
957 5001 1003 5063 ²)
1031 4998 1204 5053 Exod.
1238 4999 1314 5060 11.
1350 5002 1430 5054 Η.

421 5271 773 5332 Ammon
827 5271 895 5329 T.
949 5270 1109 5330 VIII.
1171 5271 1206 5328 7
