4036 6117
778 477 908 541 49⁴2
1915 497 1966 540 s.
2024 495 2597 541 mitescamus

706 614 885 675 Deus
919 616 1031 691 qui
1072 615 1288 689 ipsum
1326 615 1390 674 in
1428 614 1759 674 infernum
1796 615 2099 689 projecit,
2148 633 2275 674 non
2310 617 2454 674 vult
2491 622 2560 673 ut
2600 615 2712 673 illa
2740 614 2931 673 sciat.
2961 613 3203 673 Omnes
3243 614 3477 690 itaque
3512 610 3777 690 volupta-

706 726 810 776 tes
845 719 1068 776 carnis
1105 718 1392 776 hominis
1429 725 1492 775 et
1530 719 1970 776 saevissimae
2005 718 2633 792 nequitiaeDiaboli
2681 720 2742 776 in
2777 718 3263 792 dispersionem
3301 727 3773 790 convertentur,

706 824 880 883 sicut
931 824 1179 898 stipula
1216 826 1366 880 ante
1422 823 1660 880 faeiem
1694 823 1900 890 venti;
1955 824 2110 897 quia
2152 830 2219 881 ut
2268 824 2453 881 calor
2490 824 2665 880 venti
2717 840 3019 898 quaeque
3070 824 3325 881 leviora
3382 824 3450 880 in
3485 825 3774 882 creaturis

715 928 998 986 arefacit
1045 933 1113 985 et
1145 927 1497 1001 dispergit,
1556 928 1642 985 ita
1677 933 1743 984 et
1792 931 2106 1001 aspectus
2141 928 2255 985 Dei
2308 929 2527 984 omnia
2574 928 2747 984 mala
2799 928 2879 985 ad
2924 928 3205 986 nihilum
3258 927 3528 999 redigit.
3578 927 3690 984 Sed
3727 932 3778 984 et

709 1030 1039 1103 homineS,
1094 1047 1242 1090 eum
1281 1047 1400 1106 per
1447 1030 1814 1104 nequitiam
1864 1031 2123 1089 Diaboli
2178 1031 2255 1089 ad
2294 1032 2703 1105 voluptatem
2755 1034 2976 1089 earnis
3027 1032 3565 1104 suecenduntur,
3614 1030 3776 1106 quasi

711 1133 947 1192 faciem
1002 1134 1130 1192 sibi
1183 1138 1447 1206 creant,
1515 1134 1597 1190 de
1645 1150 1776 1207 qua
1824 1133 2105 1192 dieitur:
2162 1136 2370 1210 [mpla
2416 1138 2622 1211 facies
2671 1152 2898 1191 corum
2946 1137 3334 1209 iynominia,
3391 1129 3441 1210 ¹)
3496 1133 3773 1207 quoniam

706 1239 1120 1314 plenitudine
1170 1239 1470 1297 sordium
1523 1238 1903 1297 voluntates
1953 1255 2181 1297 eorum
2236 1246 2647 1310 saturantur,
2701 1241 2768 1298 in
2817 1240 3059 1314 quibus
3110 1240 3311 1297 etiam
3370 1237 3779 1314 ignominiose

707 1343 1142 1416 deteguntur;
1194 1343 1348 1416 quia
1400 1358 1549 1399 cum
1605 1342 1668 1399 in
1719 1343 2105 1416 semetipsis
2153 1346 2515 1416 operantur
2564 1343 2736 1417 quod
2794 1343 2857 1400 in
2907 1341 3352 1400 delectatione
3405 1342 3629 1400 carnis
3672 1339 3776 1398 sihi

708 1446 988 1519 eligunt,
1043 1445 1405 1519 ignominia
1440 1445 1741 1503 cadentis
1777 1445 2059 1504 Satanae
2107 1448 2667 1506 contaminantur.
2705 1447 2784 1504 Et
2817 1447 3130 1520 quoniam
3168 1447 3313 1504 sine
3350 1447 3595 1503 timore
3626 1445 3778 1503 velut

702 1552 796 1611 dii
847 1556 1024 1624 sunt,
1076 1549 1145 1608 in
1192 1549 1635 1608 delectatione
1685 1551 1909 1608 earnis
1959 1567 2120 1608 suae
2169 1552 2435 1624 operari
2487 1551 2716 1609 volunt
2778 1550 2843 1607 in
2891 1550 3281 1624 operatione
3328 1550 3681 1622 malorum;
3726 1551 3779 1607 in

713 1655 958 1731 quibus
1009 1660 1191 1714 stare
1226 1653 1663 1726 contendunt,
1719 1654 2155 1726 ignominiose
2203 1654 2734 1729 dissipabuntur.
2784 1654 2997 1727 Igitur
3044 1653 3369 1728 quidquid
3424 1652 3620 1711 homo
3664 1653 3780 1710 sine

711 1760 846 1819 Deo
896 1764 1233 1834 operatur,
1271 1774 1389 1832 pro
1439 1756 1647 1815 nihilo
1699 1762 2146 1830 computatur,
2198 1761 2264 1816 et
2309 1760 2768 1833 unusquisque
2819 1759 3157 1832 propriam
3211 1757 3594 1815 mercedem
3640 1758 3783 1814 acci·

705 1865 842 1939 piet
877 1862 1243 1922 secundum
1292 1878 1486 1920 suum
1523 1861 1822 1919 laborem
1872 1861 1955 1919 ab
1993 1862 2105 1919 illo
2157 1864 2269 1937 qui
2306 1877 2458 1920 eum
2509 1863 2785 1922 creavit.
2821 1862 2998 1920 Deus
3033 1868 3257 1920 autem
3293 1864 3364 1920 in
3398 1863 3643 1920 dilecto
3677 1878 3777 1919 suo

707 1968 1004 2045 liuperto
1056 1970 1375 2042 stipulam
1408 1976 1606 2026 vento
1658 1969 1978 2042 agitatam
2014 1984 2145 2026 non
2198 1969 2473 2042 invenit,
2509 1969 2666 2043 quia
2716 1968 3038 2044 quidquid
3076 1968 3249 2026 idem
3286 1975 3570 2025 sanctus
3601 1966 3675 2025 de
3706 1967 3782 2024 in-

711 2076 1080 2151 spiratione
1128 2075 1416 2150 Spiritus
1452 2073 1674 2132 Sancti
1709 2074 1997 2147 accepit‚
2038 2075 2185 2148 ipso
2219 2074 2599 2149 adjuvante,
2644 2074 3036 2133 festinanter
3070 2076 3464 2149 complevit,
3501 2075 3779 2149 quoniam

709 2186 1012 2255 tempora
1061 2179 1493 2256 proprietatis
1528 2194 1691 2237 suae
1740 2179 1870 2237 sibi
1906 2195 2034 2238 non
2082 2180 2453 2255 proposuit.
2490 2180 2784 2255 Denique
2834 2186 3050 2239 mater
3083 2181 3262 2239 beati
3306 2181 3579 2255 juvenis
3612 2179 3778 2254 hujus

713 2285 994 2360 Ruperti
1026 2290 1153 2343 ete.

775 2428 996 2484 Caetera
1022 2427 1148 2482 inde
1171 2443 1340 2500 usque
1362 2429 1438 2481 ad
1463 2429 1750 2481 terminum
1777 2429 1921 2480 vitae
1943 2424 2000 2480 S.
2033 2424 2281 2497 Ruperti,
2311 2433 2369 2481 ut
2384 2431 2571 2496 jacent
2592 2430 2654 2481 in
2672 2429 2859 2490 editis,
2880 2431 2998 2484 sine
3019 2428 3140 2483 ulla
3158 2429 3275 2499 [ere
3293 2431 3561 2484 varietate
3580 2432 3779 2500 peram

711 2520 771 2570 in
789 2517 965 2571 codice
991 2514 1273 2574 Caesareo,
1301 2514 1464 2568 donec
1486 2518 1772 2568 occurrant
1796 2516 2094 2584 sequentia.

2166 2706 2217 2786 ς.
2271 2709 2371 2769 lv,

1758 2919 2069 2996 Epiloqus
2120 2920 2290 2976 vitae
2343 2919 2405 2980 S.
2458 2919 2763 2997 Ruperti.

784 3125 1044 3182 Absoluta
1067 3131 1247 3180 autem
1271 3127 1386 3180 vita
1410 3124 1646 3194 ejusdem
1669 3122 1836 3184 beati.
1875 3125 2069 3177 iterum
2104 3124 2222 3176 sine
2449 3123 2550 3180 lin.
2589 3126 2679 3180 14.
2709 3125 2870 3181 Tunc
2899 3126 3045 3181 Deus
3072 3123 3282 3183 fecit...

707 3218 936 3287 praevio
974 3215 1160 3275 titulo,
1195 3214 1397 3284 absque
1432 3211 1550 3265 uuo
1588 3208 1903 3269 intervallo,
1944 3211 2006 3261 in
2043 3209 2220 3261 media
2375 3226 2429 3279 p.
2465 3210 2607 3265 359.
2640 3210 2738 3264 lin.
2777 3215 2828 3266 1.
2861 3212 3042 3282 pisces
3069 3212 3278 3267 adsunt
3309 3211 3600 3267 homini...

711 3306 905 3359 ultima
930 3302 1178 3358 columna
1199 3300 1300 3371 fol.
1328 3301 1464 3359 154.
1488 3316 1555 3351 ex
1579 3298 1810 3367 abrupto
1835 3296 2133 3349 ordiuntur
2156 3310 2220 3347 ea
2447 3295 2546 3349 lin.
2579 3299 2637 3351 6.
2673 3297 2851 3350 voluit
2880 3299 3027 3351 Deus
3054 3296 3274 3352 homini
3304 3298 3641 3368 conjungi...

713 3406 855 3461 qnae
873 3404 1042 3459 supra
1065 3404 1121 3458 p.
1147 3388 1272 3438 358
1292 3381 1576 3453 epilogum
1602 3384 1986 3453 inscripsimus.
2017 3378 2083 3431 In
2104 3396 2221 3431 eum
2452 3383 2551 3437 liu.
2586 3385 2642 3437 7.
2672 3383 2887 3437 Vivens
2914 3384 3122 3440 dicit...

713 3491 904 3527 rursus
941 3474 1180 3526 incidere
1216 3490 1273 3524 eo
1298 3473 1474 3539 mayis
1499 3468 1729 3538 placuit.
1769 3468 1915 3538 quod
1947 3470 2220 3534 inteqrum
2451 3467 2550 3521 lin.
2584 3470 2640 3522 8.
2673 3469 2821 3536 quod
2848 3469 3050 3523 deinde
3078 3474 3415 3538 sequetur...

712 3562 831 3619 cius
857 3563 904 3610 et
929 3560 1270 3625 perspicuum
1295 3554 1672 3623 apoqruphum
1709 3570 1776 3605 ea:
1812 3553 1988 3603 codice
2036 3549 2219 3603 Visba-
2453 3554 2551 3606 lin.
2586 3554 2640 3606 9.
2674 3569 2837 3619 surge
2865 3559 2919 3606 et
2950 3553 3243 3621 require...

711 3644 864 3695 (1ιίιεὶ
888 3643 962 3694 ad
999 3660 1076 3692 mc
1113 3657 1222 3692 non
1260 3644 1588 3710 pervenerat.
1632 3640 1880 3709 quodque
1921 3637 2222 3706 Hildeyar-
2451 3640 2550 3692 lin.
2580 3642 2674 3700 13,
2701 3643 2791 3693 14.
2817 3639 2892 3692 ita
2914 3640 3063 3709 quod
3091 3640 3148 3693 in
3172 3639 3425 3695 medic...
3449 3639 3601 3710 quod
3622 3635 3776 3693 omnia

715 3728 801 3779 dis
826 3729 1036 3779 cantica
1063 3741 1264 3794 „taqua
1289 3741 1355 3777 ex
1376 3728 1534 3793 parte
1561 3725 1620 3775 iu
1645 3724 1743 3775 hoc
1767 3723 1977 3792 epiloyo
2015 3725 2218 3792 poetico
2452 3724 2552 3776 liu.
2596 3728 2695 3778 21.
2750 3724 2825 3778 ita
2863 3725 3081 3793 quod...
3115 3729 3194 3780 sic
3226 3732 3535 3781 constanter
3558 3731 3664 3781 sine
3682 3725 3779 3779 nb·

712 3829 855 3865 nova
884 3817 931 3865 et
957 3815 1215 3864 accurata
1239 3812 1512 3880 scriptura
1552 3815 1907 3867 recensentur;
1945 3810 2088 3862 uncle
2112 3825 2221 3862 non
2297 3810 2569 3876 ιφἰιηείτῗυο.

714 3896 990 3950 temnenda
1049 3898 1376 3949 varietatum
1430 3900 1479 3947 et
1521 3896 1905 3946 correctionum
1959 3897 2220 3947 mantissa
2374 3911 2431 3964 p.
2478 3896 2600 3945 360
2641 3895 2741 3948 lin.
2784 3897 2839 3949 3.
2872 3894 2976 3966 Oyl
3009 3902 3097 3967 oy!
3131 3897 3209 3951 De
3237 3895 3376 3951 limo
3405 3901 3587 3951 terrae
3621 3891 3777 3949 omnia

712 3984 896 4034 statim
919 3981 1261 4050 subjicienda
1281 3986 1370 4034 est.
1402 3978 1604 4049 Incipit
1623 3984 1683 4033 ut
1707 3996 1874 4050 supra
1899 3997 1952 4049 p.
1973 3983 2128 4039 358,·
2150 3980 2221 4033 Et
2310 3978 2650 4034 miracula...
2697 3980 2773 4034 ita
2811 3980 2959 4049 quod
3002 3997 3246 4037 novus...
3294 3986 3520 4037 mutatis
3544 3982 3778 4037 verbis*

712 4067 849 4136 quia
880 4068 1078 4121 beatus
1104 4066 1457 4134 RupertuS...
2310 4067 2658 4136 quentibus...

857 4154 955 4207 lin.
1001 4154 1064 4213 3,
1102 4152 1159 4205 4.
1203 4149 1252 4204 O
1288 4150 1667 4204 Jerusalem...
1710 4153 1852 4205 inter
1887 4155 2134 4207 carmina
2159 4170 2215 4206 n.
2451 4151 2549 4203 lin.
2570 4153 2627 4204 6.
2652 4150 2825 4218 Virgo
2848 4151 3051 4212 Maria.
3075 4168 3217 4221 quae
3239 4167 3404 4207 omne
3425 4167 3601 4220 genus
3620 4151 3778 4206 huma·

721 4237 921 4293 LXIV,
2310 4249 2446 4286 num
2477 4235 2791 4297 coronavit,
2827 4236 2902 4288 ita
2930 4236 3078 4304 quod
3107 4236 3376 4291 Diabolus
3403 4238 3713 4293 ammodo..

785 4339 840 4393 p.
871 4325 1014 4378 455.
1046 4340 1100 4375 n.
1139 4318 1324 4374 LXIV
1347 4320 1445 4373 lin.
1490 4321 1579 4373 10.
1610 4320 1774 4376 adde:
1810 4319 1965 4384 Quae
1992 4321 2126 4374 dum
2159 4322 2216 4377 in
2450 4321 2549 4374 lin.
2594 4323 2683 4373 18.
2717 4336 2771 4374 n.
2806 4319 3082 4376 van...

718 4410 828 4462 alia
869 4407 1030 4461 vinea
1072 4407 1358 4475 plantatae
1398 4408 1607 4463 essent,
1647 4402 1727 4456 ibi
1761 4404 1896 4457 tulit
1923 4421 2013 4459 eas
2042 4406 2220 4476 Spiri-
2450 4406 2553 4458 lin.
2588 4408 2684 4459 220.
2721 4404 3017 4459 defendere
3043 4404 3340 4473 dignare...
3374 4407 3507 4463 Cod.
3537 4409 3635 4479 sol.
3670 4406 3773 4461 156.

719 4500 812 4548 tus
852 4492 1115 4552 Sanetus,
1156 4498 1213 4545 et
1255 4488 1334 4543 ibi
1363 4504 1455 4542 eas
1498 4487 1771 4541 nobiliter
1800 4487 1858 4542 in
1897 4490 2222 4546 ministerio
2311 4491 2443 4545 Ante
2468 4493 2666 4545 lincam
2692 4498 2985 4564 sequentem
3018 4497 3293 4547 inseratur
3315 4512 3417 4547 om.
3458 4486 3779 4548 canescunt-0

720 4598 822 4637 suo
848 4577 1165 4648 conjunxit.
1201 4576 1330 4629 Cod.
1361 4575 1460 4645 sol.
1500 4577 1635 4629 155.
2314 4585 2471 4649 pater
2495 4578 2749 4631 omnium
2785 4583 2949 4640 (inter
2972 4577 3186 4635 cantica
3212 4596 3266 4633 n.
3298 4578 3595 4641 LXVIII).

765 4662 770 4668 ”
863 4667 962 4721 lin.
1003 4667 1093 4718 17.
1126 4668 1182 4716 et
1213 4662 1271 4714 in
1300 4659 1746 4715 adolescentia...
2456 4664 2554 4717 lin.
2587 4667 2690 4719 30.
2731 4664 2888 4720 Unde
2916 4681 2965 4719 0.
3002 4665 3152 4719 hom.
3184 4665 3534 4733 gaudeant...
3576 4662 3777 4721 crimina

863 4754 963 4806 lin.
995 4751 1093 4802 20.
1131 4745 1469 4799 torrentium
1502 4745 1853 4815 lapidibus...
2317 4767 2358 4805 S.
2394 4751 2735 4820 plangant...

863 4839 965 4893 lin.
999 4836 1096 4889 27.
1129 4838 1185 4887 et
1216 4838 1298 4893 tu,
1329 4848 1361 4884 o
1388 4832 1742 4901 Rupperte...
2291 4867 2294 4870 ⁴
2385 4857 2437 4910 p.
2472 4842 2619 4898 361.
2650 4838 2748 4891 lin.
2779 4842 2837 4890 5.
2869 4835 2936 4897 Ο,
2967 4853 2999 4891 o
3029 4834 3230 4889 infelix
3266 4842 3482 4893 terra...

791 4945 845 4997 p.
877 4925 1025 4984 358,
1054 4920 1153 4973 lin.
1194 4920 1284 4971 10.
1315 4916 1464 4985 quod
1494 4917 1755 4987 abyssum
1790 4918 2048 4987 tetigit...
2381 4943 2439 4996 p.
2487 4927 2628 4978 449.
2676 4929 2734 4979 in
2788 4931 2928 4979 cant.
2982 4924 3045 4978 L.
3090 4923 3379 4993 caldemya
3420 4924 3778 4992 stigmatum...

864 5012 963 5064 lin.
1006 5010 1096 5061 11.
1131 5005 1439 5057 humanum
1469 5019 1529 5057 ca
1562 5010 1907 5074 potestate...
2320 5007 2663 5064 loiffolum...

803 5171 843 5234 ι)
873 5168 959 5221 rs.
995 5163 1281 5224 Lxxxn,
1318 5168 1398 5218 17.
