4036 6117
817 444 947 508 426
1980 461 2033 506 s.
2086 460 2624 508 muneminms

745 581 850 639 sui
883 587 950 640 et
998 579 1432 655 congruentia
1481 580 1679 655 posui
1727 579 1954 653 verba,
2006 582 2093 641 ab
2130 582 2494 642 intentione
2547 581 2807 641 itineris
2859 575 3149 640 nondum
3183 582 3375 643 finire
3413 599 3710 658 cessans„
3739 579 3807 643 ibi

744 683 998 745 incidas
1034 685 1099 744 in
1132 685 1480 746 deficiendi
1513 686 1911 762 periculum,
1951 685 2065 744 ubi
2097 686 2484 760 proficiendi
2517 685 2915 762 deposueris
2951 686 3339 762 appetitum.

2180 911 2398 970 XVIII.
2910 951 2939 960 -

831 1121 908 1181 Et
942 1122 1257 1197 quoniam
1285 1136 1439 1179 cum
1467 1120 1812 1196 religionis
1846 1120 2222 1197 splendore,
2252 1119 2456 1178 etiam
2485 1118 2757 1177 sublimi
2787 1117 3229 1177 sacerdotalis
3257 1117 3627 1177 ministerii
3658 1112 3698 1193 ¹)
3730 1133 3811 1175 or-

740 1228 894 1287 dine
942 1227 1292 1304 praeditus
1339 1243 1436 1301 e8‚
1489 1229 1859 1287 curandum
1909 1228 2032 1287 tibi
2082 1242 2527 1300 summopere,
2581 1232 2654 1285 ut
2703 1226 2816 1300 qui
2853 1231 3037 1285 tauto
3075 1223 3373 1299 fungeris
3429 1223 3676 1293 officio⁹
3708 1240 3812 1282 non

743 1334 1005 1394 infirma
1039 1335 1145 1393 vel
1181 1334 1523 1408 popularis
1557 1333 1648 1392 sit
1679 1333 1821 1391 vita
1856 1336 1993 1404 tua,
2031 1347 2113 1388 ne
2149 1335 2379 1404 tangat
2411 1340 2477 1389 te
2511 1328 2675 1389 illud
2709 1327 3194 1405 propheticum:
3232 1331 3311 1389 Et
3349 1331 3486 1388 erit
3533 1332 3693 1387 sicut
3720 1345 3810 1405 po—

731 1439 968 1513 pulus,
998 1441 1090 1498 sic
1116 1439 1434 1511 sacerdos,
1453 1435 1503 1513 ²)
1535 1436 1648 1496 sed
1676 1439 1997 1511 quantum
2025 1435 2241 1493 distas
2268 1434 2593 1506 dignitate
2622 1432 2916 1506 honoriS,
2941 1435 3199 1491 tantum
3225 1433 3693 1507 praeemineas
3715 1447 3807 1489 au-

738 1541 1051 1600 ctoritate
1085 1541 1641 1600 conversationis.
1681 1539 2059 1598 Cavendum
2098 1537 2301 1596 etiam
2339 1537 2459 1596 tibi
2495 1536 2575 1595 de
2608 1536 2873 1608 nuntiO,
2919 1536 3034 1612 qui
3070 1537 3135 1594 in
3169 1536 3523 1610 regalibus
3568 1535 3807 1609 nuptiiS,

739 1661 1008 1706 mensae
1044 1647 1274 1721 sponsi
1307 1652 1375 1705 et
1411 1660 1699 1720 sponsae
1747 1643 2116 1716 ministras,
2171 1643 2440 1701 illorum
2490 1641 2752 1700 scilicet
2800 1641 2880 1701 de
2915 1656 3200 1716 quorum
3235 1640 3455 1699 altero
3501 1644 3802 1698 cantatur:

743 1750 1087 1825 speciosus
1120 1753 1338 1828 forma
1364 1768 1528 1826 prae
1561 1749 1716 1827 filiis
1750 1749 2115 1815 hominum,
2152 1747 2396 1824 diffusa
2429 1752 2522 1804 est
2557 1748 2777 1822 qratia
2809 1749 2875 1805 in
2916 1744 3103 1804 labiis
3138 1746 3296 1818 tuis;
3324 1739 3373 1821 ³)
3406 1750 3480 1802 et
3517 1745 3692 1802 item:
3718 1744 3808 1803 Di-

738 1852 946 1911 lectus
978 1871 1164 1912 meus
1200 1853 1522 1913 candidus
1572 1857 1634 1909 et
1661 1851 2096 1922 rubicundus,
2133 1850 2381 1909 electus
2417 1868 2501 1908 ea:
2534 1848 2849 1907 millibus:
2883 1847 2931 1926 ⁴)
2967 1847 3048 1906 de
3092 1848 3306 1907 altera
3355 1853 3614 1906 autem:
3662 1848 3806 1905 Asti-

738 1958 817 2014 tit
853 1959 1085 2033 reyina
1116 1975 1156 2014 a
1188 1957 1445 2015 dextris
1495 1957 1628 2013 tuis
1677 1955 1750 2013 in
1796 1956 2039 2012 vestitu
2087 1953 2429 2027 deauraw,
2484 1953 2896 2012 circumdata
2942 1953 3285 2026 varietate;
3326 1946 3372 2029 ⁵)
3413 1957 3487 2009 et
3533 1950 3640 2009 cui
3670 1950 3805 2009 dicit

737 2056 912 2116 idem
946 2074 1238 2133 sponsus
1289 2074 1479 2117 suus:
1535 2059 1692 2117 Tota
1732 2059 2021 2134 pulchra
2067 2076 2157 2130 eS,
2194 2059 2409 2116 amica
2454 2075 2628 2126 mea,
2666 2061 2800 2113 tota
2841 2056 3127 2131 pulchra
3173 2074 3265 2128 es,
3300 2061 3361 2113 et
3398 2055 3670 2115 macula
3697 2071 3803 2112 non

733 2167 826 2219 est
862 2163 935 2220 in
970 2167 1053 2220 te:
1086 2155 1134 2238 ⁶)
1172 2160 1564 2235 cavendum,
1603 2160 1897 2235 inquam,
1952 2160 2074 2219 tibi
2111 2176 2188 2218 ne
2222 2175 2372 2218 cum
2409 2159 2763 2232 indecenti,
2802 2159 2926 2218 hoc
2959 2161 3063 2218 est
3096 2159 3463 2232 communi,
3502 2159 3797 2230 desciss0,

660 2301 664 2304 v
733 2266 839 2324 vel
874 2266 1214 2341 aliquibus
1263 2265 1548 2323 maculis
1584 2264 1827 2324 infecto
1879 2262 2113 2323 habitu
2161 2263 2243 2322 ad
2294 2279 2592 2322 mensam
2642 2262 2881 2322 harum
2916 2265 3138 2321 tantae
3185 2261 3711 2338 pulchritudinis
3749 2265 3801 2318 et

733 2370 1151 2428 reverentiae
1183 2384 1626 2445 personarum
1662 2368 2106 2438 ministrator,
2146 2367 2424 2425 introire
2458 2366 2729 2426 audeas:
2766 2383 2847 2425 ne
2882 2382 3033 2425 cum
3085 2365 3471 2425 officiosum
3510 2373 3574 2426 te
3607 2371 3795 2442 putaS,

733 2487 854 2546 pro
891 2470 1215 2545 injurioso
1253 2471 1609 2546 reputeriS‚
1647 2476 1714 2530 et
1747 2471 2314 2546 praesumptionis
2349 2475 2503 2529 tuae
2536 2470 2982 2529 temeritatem
3020 2470 3190 2543 luaS,
3229 2469 3407 2529 sicut
3437 2470 3555 2529 ille
3589 2469 3696 2544 qui
3727 2469 3798 2525 in-

733 2579 835 2633 ter
869 2576 1275 2651 nuptianteS,
1304 2594 1342 2634 a
1375 2592 1531 2651 rege
1564 2593 1694 2636 non
1727 2576 2016 2635 vestitus
2053 2576 2336 2650 nuptiali
2367 2581 2556 2634 veste
2590 2574 3073 2650 deprehensuS,
3106 2576 3170 2635 in
3197 2577 3517 2636 tenebras
3552 2576 3796 2634 exterio-

734 2693 844 2736 res
877 2677 1141 2737 detrudi
1171 2680 1406 2753 Jussus
1439 2686 1563 2739 est.
1601 2680 1721 2749 Qui
1760 2679 1818 2737 si
1856 2680 2028 2738 inter
2076 2680 2634 2754 constipationem
2682 2681 2953 2754 nuptias
3005 2685 3137 2738 tam
3174 2679 3482 2738 celebres
3530 2679 3796 2753 frequen-

735 2785 1019 2843 tantium
1055 2785 1264 2842 latere
1314 2800 1443 2841 non
1489 2783 1732 2858 potuit,
1783 2788 1855 2841 tu
1905 2784 2237 2858 quomodo
2287 2784 2401 2859 qui
2439 2784 2610 2843 inter
2645 2800 2964 2859 sponsum
3001 2789 3068 2842 et
3103 2799 3418 2858 sponsam
3459 2783 3711 2843 medius
3736 2797 3795 2840 ex

732 2888 1108 2946 ministerio
1143 2890 1516 2946 consistere
1549 2885 1777 2960 debeS,
1814 2892 1881 2945 et
1916 2904 1953 2945 a
1987 2904 2233 2962 sponso
2270 2888 2578 2946 manibus
2618 2888 2748 2947 tuis
2783 2886 3102 2946 traditum
3136 2903 3374 2962 panem
3420 2893 3491 2945 et
3526 2887 3788 2954 calicem,

727 2999 796 3051 et
828 3009 980 3052 eum
1015 3008 1251 3067 panem
1284 2992 1350 3051 et
1385 2991 1684 3064 calicem,
1722 3007 1890 3067 quos
1926 2992 2071 3049 sola
2104 2991 2268 3050 fides
2302 2991 2717 3050 credentium
2766 2991 3194 3049 vehementer
3245 2990 3330 3049 ab
3365 2991 3529 3049 aliis
3570 2991 3793 3048 victua·

729 3100 905 3159 libus
940 3095 1384 3156 secernendos
1434 3094 1770 3168 intelligit,
1822 3109 2108 3167 sponsae
2158 3093 2366 3154 habes
2400 3095 2780 3169 porrigere?
2827 3095 2908 3154 Ut
2938 3110 3098 3169 ergo
3148 3093 3601 3153 ministerium
3634 3099 3789 3152 tuum

728 3205 1040 3263 decenter
1071 3206 1138 3259 et
1172 3197 1537 3258 salubriter
1571 3198 1876 3273 impleas,
1914 3197 2185 3257 sobrius
2219 3203 2383 3258 estc.

2184 3439 2345 3499 XIX.

809 3668 1034 3743 Neque
1082 3669 1387 3743 graveris
1437 3670 1502 3728 in
1552 3669 1677 3729 hoc
1725 3676 1791 3729 et
1825 3671 2115 3730 caeteris
2151 3669 2536 3746 hujusmodi
2571 3688 2609 3730 a
2644 3686 2749 3730 me
2798 3672 3076 3745 moneri,
3128 3686 3280 3729 cum
3329 3674 3397 3730 et
3450 3670 3680 3730 melior
3708 3669 3776 3737 te,

720 3771 1109 3830 Timotheus
1158 3772 1493 3847 videlicet,
1547 3789 1750 3848 super
1798 3773 1923 3833 hoc
1972 3774 2205 3834 eodem
2255 3780 2321 3834 et
2371 3790 2574 3849 super
2622 3775 2799 3849 aliiS,
2840 3774 2906 3834 in
2939 3774 3185 3850 quibus
3223 3773 3397 3833 forte
3449 3784 3781 3847 numquam

715 3874 1115 3951 deliquerat,
1151 3879 1418 3937 etiamsi
1454 3872 1738 3962 [palam]
1777 3884 2159 3939 moneretur
2194 3898 2230 3939 a
2269 3881 2612 3955 magistro,
2652 3881 3036 3940 mandatum
3072 3881 3426 3957 acceperit.
3469 3881 3777 3940 Sobrietas

715 3989 938 4043 autem
975 4000 1074 4057 ea,
1107 4002 1307 4060 quam
1335 3986 1614 4044 satietas
1648 3986 1941 4045 excitare
1977 3987 2166 4045 solet.
2196 3986 2273 4046 Et
2299 3985 2530 4059 regula
2566 3985 2779 4045 sancti
2814 3986 3036 4045 Patris
3070 3963 3282 4044 nostri
3322 3984 3662 4044 Benedicti
3691 3994 3778 4037 ve-

712 4090 1057 4151 hementer
1105 4093 1503 4153 condemnat
1553 4094 2057 4165 scurrilitatem,
2110 4102 2176 4152 et
2223 4094 2430 4152 verba
2478 4094 2816 4168 superflua
2865 4094 2971 4152 vel
3019 4094 3229 4152 risum
3266 4092 3609 4152 moventia
3652 4104 3685 4145 a
3724 4090 3775 4141 te

709 4197 1098 4257 removebit.
1147 4198 1274 4257 Pro
1323 4197 1428 4257 his
1463 4199 1778 4257 nimirum
1827 4203 1895 4256 et
1926 4198 2117 4255 dives
2160 4198 2294 4270 ille,
2346 4198 2462 4273 qui
2506 4198 2905 4273 epulabatur
2952 4197 3255 4273 quotidie
3302 4193 3673 4271 splendide,
3710 4202 3773 4245 eo

707 4302 886 4376 quod
920 4303 1091 4361 inter
1127 4304 1310 4377 ipsas
1345 4305 1579 4378 epulas
1615 4302 2005 4377 loquacitati
2044 4318 2161 4360 ora
2199 4302 2515 4374 laxasset,
2555 4301 2621 4361 in
2654 4302 2881 4376 lingua
2916 4302 3142 4360 acrius
3179 4317 3251 4360 se
3286 4299 3591 4374 torqueri
3634 4290 3773 4354 indi-

707 4411 837 4478 cat,
874 4406 1032 4464 dum
1066 4406 1247 4466 dicit:
1288 4409 1491 4467 Pater
1524 4406 1873 4479 Abraham,
1909 4408 2226 4464 miserere
2260 4408 2416 4481 mei,
2466 4413 2527 4465 et
2580 4410 2767 4465 mitte
2806 4409 3157 4480 Lazarum,
3193 4413 3266 4463 ut
3301 4407 3639 4481 intinyuat
3682 4413 3772 4455 ἐπ’

707 4514 995 4566 tremum
1027 4511 1217 4585 diqiti
1252 4513 1360 4568 sui
1395 4513 1464 4569 in
1501 4529 1769 4585 aquam,
1805 4518 1877 4568 ut
1911 4512 2263 4587 refriqeret
2302 4511 2602 4587 linquam
2634 4529 2873 4583 meam,
2902 4512 3060 4587 quia
3086 4510 3343 4568 crucior
3373 4508 3449 4565 in
3480 4511 3598 4567 hac
3618 4504 3771 4581 fiam*

702 4629 831 4669 ma.
867 4608 914 4687 ⁷)
952 4611 1235 4670 Proinde
1285 4628 1435 4670 cum
1486 4612 1664 4670 omni
1716 4612 1982 4687 quidem
2020 4618 2087 4671 et
2120 4614 2271 4672 loco
2317 4619 2383 4672 et
2439 4618 2760 4689 tempore,
2800 4620 2938 4673 tum
2976 4613 3336 4689 praecipue
3386 4611 3565 4670 inter
3607 4618 3769 4683 pran-

701 4716 811 4774 dia
842 4711 891 4793 ⁸)
928 4718 994 4775 et
1025 4724 1180 4792 post
1226 4719 1463 4794 epulas
1512 4717 1887 4778 adhibenda
1919 4724 2024 4777 est
2057 4719 2197 4777 oris
2233 4719 2564 4793 custodia,
2602 4725 2669 4779 et
2704 4719 3076 4779 cohibenda
3112 4720 3363 4794 lingua,
3401 4733 3486 4777 ne
3519 4706 3771 4793 potioni-

697 4817 822 4878 bus
858 4820 1146 4879 excitata
1182 4821 1266 4880 ad
1300 4822 1820 4897 stultiloquium,
1860 4827 1976 4879 aut
2009 4838 2128 4897 per
2165 4822 2679 4882 immoderatum
2730 4837 3136 4891 sermonem,
3189 4826 3307 4880 aut
3339 4835 3460 4895 per
3509 4820 3763 4893 ineptam

772 5019 814 5083 ¹)
835 5022 1061 5076 sublime
1081 5024 1429 5078 sacerdotalis
1447 5022 2035 5079 ministeriumcod..---
2053 5025 2100 5087 2)
2125 5023 2194 5079 ls,
2286 5025 2579 5080 bicundum
2604 5023 2726 5079 cod.
2758 5026 2802 5087 ⁵)
2839 5025 2928 5079 Ps.
2970 5024 3173 5085 XLIV,
3220 5026 3301 5079 Η.
3341 5054 3399 5063 -··
3419 5024 3466 5087 ⁶)
3495 5022 3646 5077 Cant.
3676 5013 3760 5073 IV.

701 5104 913 5166 XXIV.
937 5111 988 5161 2.
1112 5107 1157 5169 ³)
1189 5109 1275 5163 ps,
1315 5107 1516 5169 XLIV.
1539 5139 1605 5148 ---
1628 5109 1670 5176 ⁴)
1693 5107 1852 5162 Cant.
1885 5108 1958 5171 V,
1992 5112 2073 5162 10.
2105 5126 2198 5163 ru·
2290 5116 2339 5168 7.
2371 5142 2437 5150 ---
2462 5112 2505 5179 ⁷)
2541 5111 2674 5165 Luc.
2710 5108 2867 5172 xvl,
2896 5112 2982 5165 2⁴.
3108 5109 3153 5176 ⁸)
3174 5110 3412 5188 praedia
3451 5107 3571 5163 cod.
