4036 6117
736 482 864 541 560
1935 497 1984 540 s.
2048 494 2585 541 nizot-:cannis

708 627 863 682 sunt
894 624 1168 695 propter
1202 617 1686 691 malignitatem
1724 633 1937 687 suam,
1981 616 2363 676 frendentes
2397 623 2471 676 ut
2506 631 2708 675 ursus
2744 630 2891 675 cum
2927 613 3239 674 dentibus
3291 615 3455 672 suis.
3496 613 3797 672 Animam

706 730 932 786 autem
980 721 1244 782 abbatis
1278 720 1375 780 tui
1423 720 1617 779 video
1651 721 2144 796 aliquantulum
2195 721 2595 780 dissolutam
2644 720 2707 777 in
2758 718 3072 779 cruribus
3120 718 3292 792 ejuS,
3333 717 3449 777 sed
3502 715 3650 794 (fol.
3684 714 3796 781 98>

707 836 929 889 tamen
966 827 1033 887 in
1063 828 1295 885 ventre
1328 830 1395 884 et
1433 824 1498 884 in
1532 828 1803 899 pectore
1841 841 1919 884 ac
1955 826 2020 883 in
2055 825 2331 884 cerebro
2379 825 2591 898 ipsius
2626 833 2729 883 est
2765 823 2983 882 adhuc
3025 824 3088 881 in
3125 821 3608 897 inquietudine.
3645 820 3800 880 Post

702 935 895 1011 cujus
944 931 1162 1001 finem,
1217 929 1410 988 video
1464 929 1527 987 in
1580 930 1710 987 isto
1762 928 1906 987 loco
1965 944 2277 1002 magnum
2338 929 2714 993 turbinem,
2777 927 2893 986 sed
2945 933 3167 985 tamen
3215 925 3454 983 deinde
3506 923 3795 983 lucidam

708 1041 943 1099 lucem.

2106 1187 2378 1245 Cxxlll.

1470 1380 1798 1441 Berdoldo
1831 1379 2041 1439 abbati
2077 1380 2155 1437 de
2195 1378 2546 1439 Zvivelden
2586 1377 3023 1453 Hildeqardis.

775 1557 945 1615 Haud
973 1556 1096 1611 sine
1121 1550 1405 1622 ambiguis
1432 1548 1640 1611 verbis,
1670 1556 1953 1606 ammonet
1980 1555 2151 1620 atque
2176 1548 2478 1606 confortat.

792 1696 930 1756 Lux
962 1693 1198 1752 vivens
1230 1690 1414 1750 dicit:
1453 1689 1816 1760 Quemdam
1869 1688 2203 1748 hominem
2238 1689 2397 1761 vidi,
2451 1704 2648 1765 quem
2683 1688 2879 1765 quasi
2928 1687 3216 1748 debilem
3252 1702 3332 1745 ac
3381 1687 3695 1747 claudum
3732 1687 3792 1746 in

707 1796 1183 1879 praecellentia
1217 1794 1590 1868 magisterii
1624 1793 1872 1852 dimisi.
1909 1792 2285 1864 Quomodo?
2317 1793 2440 1865 Qui
2489 1794 2553 1852 in
2601 1792 3063 1852 imbecillitate
3112 1792 3337 1850 carnis
3374 1806 3559 1864 suae,
3613 1791 3791 1850 velut

700 1906 862 1967 nudi
893 1901 1231 1977 naufragi,
1269 1899 1554 1959 rebelles
1589 1905 1802 1972 erant,
1833 1899 1953 1958 hos
1990 1900 2134 1975 ipse
2170 1900 2339 1975 fugit
2373 1907 2646 1977 propter
2687 1901 2994 1960 timorem
3028 1899 3209 1960 belli.
3237 1899 3362 1959 Sed
3397 1916 3570 1960 nunc
3605 1899 3789 1959 illum

697 2009 917 2082 viden,
969 2006 1147 2065 sicut
1194 2002 1514 2061 humilem
1563 2008 1631 2061 et
1679 2002 1966 2061 flebilem
2024 2005 2470 2079 peregrinum.
2520 2004 2702 2064 Unde
2760 2004 2947 2063 illum
3007 2002 3290 2078 inspicio
3348 2004 3535 2062 velut
3584 2003 3789 2063 fllium

699 2108 1161 2182 haereditatis,
1215 2106 1405 2181 virga
1439 2106 1864 2166 verberatum
1918 2113 2192 2183 propter
2226 2108 2753 2183 inquietudinem
2807 2123 3070 2165 morum
3117 2107 3361 2166 mentis
3411 2121 3599 2165 suae.
3633 2106 3790 2165 volo

692 2221 918 2278 autem
973 2229 1126 2273 eum
1186 2212 1249 2270 in
1306 2210 1716 2287 primitivam
1775 2211 2133 2271 ecclesiam
2194 2214 2575 2287 restituere,
2636 2214 2832 2289 quasi
2895 2213 3155 2272 felicem
3217 2213 3578 2281 hominem,
3640 2228 3785 2270 cum

703 2335 894 2379 mons
930 2318 996 2376 in
1032 2318 1223 2375 tauro
1257 2313 1691 2389 demergitur.
1729 2314 1912 2373 Nunc
1952 2316 2013 2373 in
2052 2321 2395 2375 aeternum
2430 2318 2602 2377 vive.

789 2454 902 2514 fol.
937 2453 1210 2514 98-100.
1247 2451 1534 2514 Elisabet
1566 2448 1612 2530 ¹)
1649 2455 1727 2512 de
1766 2455 2133 2531 sconauyia
2168 2456 2610 2532 HildeqardiS.
2649 2458 2896 2518 Patrol.
2933 2460 3058 2518 col.
3096 2458 3247 2519 216.

788 2559 895 2619 fol.
928 2558 1077 2619 100.
1111 2557 1466 2618 Bartholdo
1492 2557 1701 2616 abbati
1730 2559 1808 2616 de
1838 2565 2063 2617 sancto
2092 2558 2418 2619 Euchario
2453 2560 2715 2620 Treveri
2745 2562 3187 2638 Hildeqardis.
3209 2562 3455 2621 Patrol.
3486 2562 3611 2620 col.
3641 2554 3783 2621 987.

2112 2766 2376 2826 Cxxlv.

1543 2960 1902 3035 Luthqardi
1938 2961 2016 3018 de
2057 2960 2466 3021 Karleburch
2501 2963 2942 3040 Hildeqardis.

766 3133 1058 3190 Matronae
1082 3131 1153 3189 de
1179 3130 1389 3188 saeculi
1418 3130 1666 3199 negotiis
1692 3137 1750 3186 et
1776 3138 2006 3200 aegroto
2033 3132 2242 3187 marito
2268 3135 2664 3204 percunctanti
2695 3137 3030 3209 respondere
3057 3152 3169 3192 non
3196 3139 3437 3194 omittit.

779 3273 829 3333 O
877 3279 1188 3332 creatura
1236 3271 1352 3330 Dei
1405 3271 1838 3346 Luthgardis,
1906 3272 2188 3348 dispone
2241 3289 2349 3331 res
2409 3281 2560 3335 tuas
2617 3277 2985 3336 secundum
3043 3278 3520 3337 necessitatem
3573 3284 3771 3344 tuam.

687 3376 847 3451 quia
879 3390 1009 3434 non
1043 3374 1238 3433 video
1276 3374 1665 3448 languorem
1698 3374 1830 3434 viri
1867 3375 1963 3434 tui
2001 3374 2087 3433 ab
2120 3390 2197 3433 eo
2234 3377 2546 3436 recedere
2580 3381 2733 3437 ante
2768 3379 2962 3438 finem
3000 3394 3217 3438 suum.
3267 3377 3561 3439 Obsecra
3594 3393 3769 3454 ergo.

684 3480 950 3554 corripe
997 3486 1064 3539 et
1100 3493 1292 3538 mone
1328 3478 1516 3538 illum
1551 3495 1673 3554 pro
1709 3480 1927 3540 salute
1961 3480 2225 3538 animae
2260 3496 2447 3554 suae,
2484 3483 2798 3557 quoniam
2833 3484 3081 3542 multas
3126 3484 3439 3543 tenebras
3477 3484 3539 3543 in
3574 3500 3652 3542 eo
3683 3485 3774 3541 vi-

686 3586 831 3644 deo,
866 3584 1041 3645 Deus
1075 3585 1158 3644 ad
1194 3589 1255 3644 te
1293 3586 1634 3660 respiciat,
1673 3586 1766 3644 ita
1802 3590 1873 3644 ut
1905 3587 2097 3645 vivas
2134 3587 2199 3645 in
2234 3592 2598 3646 aeternum.

2112 3795 2344 3853 CXXV.

1562 3985 1847 4063 Sibyllae
1880 3984 1928 4064 ²)
1975 3947 2437 4047 Lausamiensi
2472 3989 2911 4066 Hildeqardis.

755 4173 1034 4247 Coniuges
1061 4175 1132 4230 ab
1157 4174 1448 4230 aerumnis
1474 4179 1701 4246 propter
1729 4169 1997 4233 afflictam
2031 4172 2277 4229 sobolem
2307 4180 2551 4230 revocat.

774 4315 826 4376 Ο
858 4314 1133 4390 Sibylla,
1187 4329 1357 4389 quae
1391 4329 1465 4370 es
1518 4311 1779 4371 factura
1812 4312 2002 4385 digiti
2038 4310 2180 4385 Dei,
2218 4312 2481 4389 corrige
2516 4314 3046 4376 vicissitudinem
3084 4332 3345 4377 morum
3385 4324 3673 4394 tuorum,
3710 4323 3772 4380 et

680 4437 811 4480 non
859 4420 1140 4480 extende
1173 4425 1238 4478 te
1291 4419 1354 4478 in
1387 4417 1889 4478 ventilationem
1944 4417 2188 4476 mentis
2225 4422 2410 4491 tuae,
2460 4418 2541 4477 de
2576 4434 2720 4493 qua,
2744 4425 2809 4479 te
2841 4437 2971 4480 non
3004 4427 3196 4498 potes
3229 4438 3580 4499 excusare,
3616 4427 3769 4501 quia

677 4523 854 4583 Deus
902 4524 1127 4584 omnia
1161 4522 1483 4599 pervidet.
1536 4521 1659 4581 Sed
1691 4521 1867 4581 Deus
1916 4538 2046 4580 non
2078 4520 2268 4597 Jubet
2312 4521 2565 4597 jndicia
2600 4538 2723 4582 sua
2772 4540 2978 4601 super
3010 4531 3075 4585 te
3114 4525 3513 4600 edisseram,
3551 4531 3668 4590 sed
3702 4536 3771 4589 ut

675 4642 799 4701 pro
849 4630 913 4683 te
958 4640 1166 4698 orem,
1222 4624 1538 4699 quoniam
1587 4624 1858 4702 quidam
1910 4627 2062 4684 ante
2109 4630 2384 4699 peracta
2432 4640 2635 4699 opera
2694 4629 3043 4700 parentum
3095 4635 3388 4699 tuorum,
3439 4647 3618 4691 nunc
3666 4631 3774 4690 ha-

750 4829 793 4892 ι)
826 4829 910 4886 En
949 4827 1316 4885 celeberrima
1362 4834 1419 4884 et
1464 4828 1783 4900 coaequalis
1828 4828 2179 4901 prophetissa
2270 4833 2328 4882 et
2367 4826 2493 4884 ideo
2531 4835 2831 4902 utramque
2870 4828 3042 4886 etiam
3080 4830 3358 4889 distincto
3398 4833 3524 4891 loco
3553 4833 3767 4903 signifi·

679 4914 1292 4985 Schonaugiensis;cui
1315 4914 1484 4970 datur
1504 4915 1934 4983 abHildegarde
1957 4928 2182 4985 respon·
2268 4916 2407 4978 cari,
2443 4916 2589 4973 banc
2615 4924 2769 4974 tram
2806 4918 2984 4990 Alpes,
3028 4917 3183 4972 illam
3223 4918 3661 4980 Lausanensem.
3707 4917 3763 4972 in

676 5017 800 5057 snm
827 5001 975 5073 quod
1001 5000 1056 5055 in
1087 5007 1279 5055 nostro
1301 5001 1421 5056 cod.
1454 5001 1609 5069 gravi
1634 5000 1881 5055 abundat
1905 4998 2179 5052 varietate
2271 5008 2534 5072 promptu
2573 5008 2947 5064 annumerem,
2990 5003 3098 5058 nisi
3143 5003 3200 5057 in
3243 5004 3358 5058 vita
3402 5005 3766 5077 andegan-dis

674 5088 811 5144 alibi
841 5086 1176 5156 colligenda.
1240 5118 1272 5125 -‹
1301 5089 1345 5148 2)
1376 5086 1609 5142 Sinibae
1636 5087 1693 5140 in
1723 5086 1842 5141 cod.
1875 5085 2060 5139 Aliam
2096 5102 2177 5140 es·
2273 5086 2487 5148 lilel,
2507 5087 3765 5160 n.⁴0utroquecognomineappellareturflla-

675 5189 733 5226 ει·
771 5189 937 5244 quam
982 5173 1247 5240 Sibyllam
1288 5179 1439 5227 trans
1479 5173 1636 5244 Alpes
1676 5170 1730 5224 in
1772 5187 1855 5241 cp.
1903 5171 2175 5231 XXXVI,
2268 5179 2428 5228 trema
2462 5175 2679 5242 Sibylla
2703 5176 2769 5230 de
2792 5177 3013 5229 civitate
3042 5174 3383 5228 Lau-sanem·
3407 5180 3563 5230 tram
3588 5177 3758 5248 Alpes.
