4036 6117
1331 508 1577 556 Lmen
1635 509 1840 558 vrrae
1896 511 2380 559 nemi-onum
3247 496 3330 559 17

293 624 360 691 ni
411 629 696 707 inspirat
743 634 818 690 ut
867 629 1166 706 seipsum
1200 629 1606 691 sacrificium
1638 630 1774 692 Deo
1811 628 2033 691 faciat.
2073 630 2300 691 Facies
2335 635 2559 691 autem
2593 615 2858 709 aquilae
2897 630 3248 692 seientiam
3281 632 3398 694 Dei

292 733 722 810 praefigurat,
760 749 933 811 quae
964 733 1218 794 homini
1253 734 1604 794 scientiam
1637 733 1750 795 dat
1782 740 1849 794 et
1882 735 2408 812 possibilitatem
2442 734 2785 810 scientiae,
2824 734 3188 796 secundum
3223 736 3401 813 quod

294 843 421 920 ipsi
470 844 714 920 placet;
765 858 936 920 quae
985 858 1188 919 super
1235 841 1405 902 alias
1452 842 1743 902 virtutes
1786 848 1915 918 est,
1950 847 2021 902 et
2053 842 2369 918 quoniam
2403 842 2470 900 in
2504 840 2769 900 homine
2804 841 3129 901 terribilis
3163 847 3289 917 est,
3328 847 3396 902 et

290 945 542 1007 homini
579 948 721 1009 vita
756 953 883 1020 est,
919 953 987 1007 et
1018 946 1159 1005 vita
1197 945 1310 1005 illa
1345 962 1475 1007 non
1509 945 1753 1019 deficit3
1796 945 1913 1006 sed
1947 946 2239 1022 undique
2275 945 2513 1021 spirat,
2548 951 2615 1004 et
2649 944 2940 1022 undique
2974 945 3180 1021 videt,
3217 960 3294 1007 ac
3332 947 3397 1006 in

295 1047 588 1125 bomine,
627 1057 700 1111 ut
733 1050 971 1111 stellae
1002 1046 1073 1108 in
1105 1048 1547 1125 firmamentO,
1587 1055 1885 1126 apparet.

1732 1242 1953 1304 xvln.

854 1451 1234 1513 Electorum
1262 1457 1327 1512 et
1360 1448 1785 1530 reproborum
1814 1469 2138 1512 numerus
2170 1452 2350 1513 nulli
2385 1422 2637 1514 homini
2667 1459 2883 1515 notus.

377 1657 488 1719 30.
526 1657 653 1718 Sed
688 1658 998 1736 quamvis
1032 1660 1244 1721 multa
1278 1658 1561 1722 scientia
1595 1661 1663 1720 in
1696 1659 1961 1720 homine
2001 1661 2115 1735 sit,
2150 1660 2377 1720 nullus
2412 1666 2635 1722 tamen
2667 1661 3011 1725 hominum
3044 1681 3249 1742 opera
3281 1666 3397 1727 Dei

292 1761 719 1823 dinumerare
753 1760 1024 1838 poterit,
1060 1777 1183 1822 nec
1216 1777 1333 1823 eos
1371 1763 1484 1838 qui
1520 1763 1843 1824 coelestia
1867 1763 2258 1839 possessuri
2292 1768 2472 1838 sunt3
2503 1764 2663 1840 quia
2688 1766 3249 1841 quemadmodum
3283 1770 3404 1828 mi-

296 1864 537 1924 rabilia
567 1864 716 1941 ejus
751 1864 1263 1925 innumerabilia
1298 1871 1476 1942 sunt,
1508 1864 1601 1926 ita
1632 1866 1838 1926 etiam
1858 1871 1939 1926 ,et
1970 1865 2071 1925 illi
2104 1872 2262 1925 sunt
2293 1866 2837 1942 innumerabileS,
2866 1869 2981 1943 qui
3014 1885 3136 1945 per
3167 1871 3400 1931 eadem

295 1966 664 2042 mirabilia,
716 1982 1061 2047 supernas·
1092 1967 1475 2028 mansiones
1524 1967 2007 2045 adipiscuntur.
2057 1967 2183 2027 Sed
2217 1973 2286 2028 et
2318 1984 2440 2028 nec
2473 1969 2570 2029 illi
2604 1969 3015 2030 dinumerari
3050 1978 3388 2048 poterunt,

296 2074 408 2148 qui
442 2074 515 2134 in
546 2072 977 2149 suggestione
1006 2071 1267 2134 Diaboli
1303 2071 1584 2148 seducti,
1623 2088 1776 2133 cum
1808 2070 2087 2134 DiaboIo
2121 2071 2537 2134 habitabunt.

1722 2278 1973 2341 XVIIII.

1397 2487 1574 2548 Deus
1623 2488 1799 2547 solus
1846 2491 2069 2548 omnia
2113 2492 2312 2549 novit.

381 2694 493 2759 31.
544 2699 722 2759 Deus
770 2700 996 2758 autem
1042 2710 1396 2758 numerum
1445 2698 1745 2757 omnium
1794 2698 1943 2759 scit.
1994 2698 2163 2759 Nam
2210 2698 2502 2774 plurima
2565 2703 2633 2757 et
2681 2697 2972 2775 plurima
3021 2707 3283 2762 secreta
3335 2703 3401 2763 in

299 2801 428 2862 Deo
454 2809 639 2877 sunt,
674 2817 846 2878 quae
896 2801 1062 2862 nulli
1093 2801 1349 2863 revelat
1397 2805 1470 2860 ut
1502 2808 1679 2876 sunt,
1717 2801 1836 2861 sed
1867 2817 1948 2861 ex
1994 2808 2185 2878 parte
2232 2808 2301 2861 et
2334 2801 2700 2862 secundum
2746 2803 2926 2879 quod
2959 2803 3091 2864 sibi
3137 2805 3404 2881 placue-

296 2907 402 2983 rit,
454 2912 528 2967 et
564 2906 940 2968 secundum
986 2905 1165 2983 quod
1198 2905 1508 2966 voluerit.
1564 2905 1715 2982 Ipse
1747 2907 1927 2965 enim
1960 2907 2148 2967 solus
2182 2907 2406 2967 omnia
2452 2907 2660 2981 novit,
2697 2909 2814 2984 qui
2860 2908 3065 2967 etiam
3113 2923 3193 2969 ea
3241 2926 3397 2972 con-

299 3012 487 3087 tinet;
539 3016 609 3072 et
638 3015 1000 3073 conservat
1033 3025 1207 3088 quae
1254 3008 1435 3086 fecit,
1474 3010 1794 3088 quoniam
1843 3011 1908 3070 in
1943 3010 2255 3073 omnibus
2305 3012 2675 3074 secundum
2706 3012 3220 3090 dispositionem
3253 3033 3404 3094 gra-

301 3120 430 3179 tiae
465 3132 631 3180 suae
666 3121 792 3179 est:
828 3116 1005 3195 quod
1040 3122 1109 3177 et
1140 3115 1315 3179 visio
1349 3131 1673 3194 praesens
1712 3131 1915 3194 quam
1946 3117 2161 3194 vides,
2199 3123 2510 3179 testatur.

1790 3321 1920 3384 XX.

1358 3530 1493 3591 Cur
1541 3529 1735 3591 Deus,
1766 3532 1868 3589 vir
1913 3533 2323 3592 nominatur.

389 3735 504 3796 32.
555 3734 670 3794 Vir
715 3734 894 3796 enim
942 3735 1071 3796 iste
1113 3741 1340 3797 tantae
1381 3738 1837 3814 proceritatis,
1873 3738 2050 3816 quod
2086 3756 2125 3798 a
2158 3737 2546 3799 summitate
2577 3733 2855 3802 nubium
2888 3737 3057 3798 coeli
3093 3754 3307 3817 usque
3341 3741 3408 3802 in

308 3837 629 3914 abyssum
667 3837 1011 3916 pertingit,
1043 3837 1253 3900 Deum
1291 3838 1620 3917 designat,
1657 3841 1775 3919 qui
1801 3842 1984 3919 juste
2014 3841 2124 3904 vir
2151 3841 2559 3919 nominatur,
2594 3838 2911 3917 quoniam
2945 3843 3164 3904 omnis
3195 3845 3302 3907 vis
3335 3851 3403 3905 et

309 3943 530 4003 omnia
563 3956 735 4020 quae
767 3941 1025 4016 vivunt,
1060 3942 1146 4004 ab
1180 3945 1328 4021 ipso
1361 3945 1750 4022 procedunt.

1770 4153 1930 4216 XXI.

1616 4362 1815 4425 Verba
1862 4366 2097 4426 Isaiae.

404 4574 682 4653 33.1pse
707 4574 912 4636 etiam
935 4575 1042 4636 vir
1066 4574 1180 4637 ille
1205 4577 1333 4650 est,
1354 4574 1436 4635 de
1461 4587 1593 4652 quo
1618 4572 1947 4653 propheta
1965 4574 2148 4635 dicit:
2174 4593 2206 4634 α
2225 4572 2548 4635 Dominus
2576 4573 2752 4636 sicut
2778 4575 2974 4638 fortis
2999 4578 3402 4654 egis-edietum

323 4699 355 4774 ξ
396 4682 569 4744 sicut
601 4682 706 4743 vir
740 4683 1126 4759 praeliator,
1173 4680 1530 4743 suscitabit
1563 4681 1801 4757 zelum,
1838 4679 2344 4756 vociferabitur,
2381 4686 2447 4740 et
2481 4680 2819 4756 clamabit,
2857 4698 3062 4760 super
3098 4683 3402 4744 inimicos

321 4804 353 4843 »
394 4802 553 4847 suos
579 4785 1065 4847 confortabitur
1086 4779 1133 4866 ¹)
1165 4797 1223 4847 »'.
1247 4781 1453 4862 Cujus
1481 4801 1720 4847 sensus
1748 4785 1904 4846 talis
1930 4787 2056 4844 est.
2079 4785 2247 4845 Ante
2274 4785 2742 4861 antiquitatem
2769 4784 3053 4861 dierum,
3082 4784 3403 4845 Dominus

322 4877 387 4951 i'n
427 4890 795 4953 fortissima
840 4892 910 4952 vi
957 4879 1275 4968 egressus
1322 4896 1470 4951 erat
1497 4885 1574 4970 ¹),
1614 4890 1707 4952 ita
1740 4890 1917 4967 quod
1949 4889 2056 4950 vis
2107 4889 2322 4967 ipsius
2358 4890 2497 4975 vita
2544 4890 2811 4951 vivendi
2849 4890 2914 4950 in
2947 4892 3128 4951 omni
3161 4905 3403 4966 genere

319 5001 780 5058 creaturarum
815 4997 962 5076 fuit,
999 5003 1067 5058 et
1098 4996 1277 5075 quod
1309 4997 1449 5058 vita
1482 5011 1684 5073 quam
1720 4996 1864 5073 ipse
1900 4993 2081 5070 fecit,
2110 4995 2630 5072 prosperitatem
2662 4995 3047 5071 egrediendi
3084 4995 3149 5054 in
3185 4995 3408 5054 multi-

398 5165 442 5236 Ἰ
470 5165 539 5224 1⁵·
568 5166 744 5232 XLII·
775 5171 861 5227 ¹3·
1192 5163 1193 5168 ἵ
1888 5170 1899 5239 Ι
1952 5167 1996 5232 ²)
2023 5182 2335 5240 evremarus
2359 5171 2435 5222 est
2459 5163 2548 5221 W.
2635 5175 2640 5181 ·

526 5272 867 5334 ANAan‘r.
918 5274 987 5335 T.
1039 5272 1200 5336 VIII.
1252 5276 1292 5336 Ω
