4036 6117
726 476 858 540 430
1873 496 1927 543 s.
1978 496 2527 545 anEGAnms

656 607 812 670 dum
849 626 1051 688 super
1082 627 1198 672 eos
1251 611 1380 673 iter
1409 611 1886 675 dominationis
1936 633 2099 677 suae
2133 619 2429 692 potentia
2477 615 2725 677 habere
2754 615 3006 692 jubeat;
3059 623 3174 677 aut
3208 618 3266 676 si
3299 633 3421 692 per
3450 618 3752 693 aliquem

650 720 925 774 ventum
975 716 1270 776 validum
1313 733 1706 791 concussuS,
1760 720 1968 793 mergi
2004 721 2310 794 coeperis
2361 720 2808 798 (impossibile
2856 721 3035 779 enim
3068 726 3170 779 est
3205 720 3559 779 humanam
3605 720 3756 778 aui-

656 830 834 876 mam
888 835 1019 879 non
1069 821 1336 895 tentari,
1388 837 1508 879 nec
1541 828 1646 880 est
1673 821 1898 897 justus
1947 824 2061 898 qui
2103 823 2302 883 saciat
2337 824 2611 893 bonum,
2663 831 2729 882 et
2777 839 2907 882 non
2941 823 3225 899 peccet),
3264 823 3581 883 titubanti
3634 839 3761 880 an-

658 925 930 996 tequam
963 923 1263 992 decidaS,
1315 925 1420 982 vel
1452 924 1888 1000 demergaris,
1930 942 2197 985 manum
2234 927 2739 986 misericordiae
2774 927 3097 1001 porrigat,
3148 932 3216 985 et
3249 925 3747 1001 apprehensum

657 1021 932 1084 dextera
980 1024 1061 1084 ad
1111 1030 1411 1101 optatum
1461 1043 1739 1086 securae
1789 1028 2124 1103 stationiS,
2178 1030 2238 1088 id
2284 1033 2388 1090 est
2437 1037 2746 1090 aeternae
2795 1028 3254 1103 beatitudinis,
3291 1035 3557 1105 portum
3602 1044 3757 1103 per-

662 1125 882 1188 ducat.
934 1128 1053 1188 Cui
1104 1130 1416 1189 videlicet
1448 1136 1521 1190 ut
1556 1130 1620 1190 in
1669 1135 1851 1191 certa
1886 1131 2052 1191 hora
2097 1140 2382 1194 venturo
2433 1135 2575 1193 sine
2608 1135 3031 1193 cunctatione
3062 1128 3108 1208 ¹)
3160 1149 3504 1204 occurraS,
3555 1148 3755 1208 prae-

657 1228 895 1290 cinctis
944 1246 1225 1307 operoso
1275 1234 1610 1293 castitatis
1659 1235 1924 1310 cingulo
1970 1237 2240 1310 lumbiS‚
2292 1243 2359 1296 et
2392 1253 2675 1296 accensa
2727 1237 2792 1295 in
2828 1237 3135 1296 manibus
3183 1238 3594 1313 operationis
3646 1237 3751 1294 lu-

667 1349 891 1411 cerna,
943 1336 1035 1396 ita
1068 1338 1134 1397 in
1168 1338 1294 1397 fide
1340 1341 1630 1400 viriliter
1676 1358 1821 1416 age,
1873 1346 1940 1403 et
1969 1342 2222 1418 jugiter
2273 1344 2336 1402 in
2380 1344 2621 1403 melius
2666 1344 3052 1419 proficienS,
3103 1343 3483 1404 confortare
3532 1345 3598 1402 in
3628 1342 3758 1402 Da-

668 1438 850 1498 mino
883 1442 950 1499 et
982 1440 1048 1499 in
1078 1443 1377 1516 potentia
1409 1444 1680 1503 virtutis
1714 1445 1878 1520 ejus,

2109 1764 2323 1823 XXIV.

761 2056 895 2118 Nec
940 2057 1048 2118 his
1082 2060 1466 2133 contentuS,
1520 2063 1851 2134 quatenus
1888 2059 1954 2116 in
2000 2058 2186 2117 nulla
2218 2062 2409 2131 parte
2458 2056 2581 2116 tibi
2613 2055 2877 2116 decoris
2923 2056 3030 2116 vel
3063 2054 3458 2115 munimenti
3506 2051 3761 2129 aliquid

672 2158 886 2236 desit,
938 2176 1089 2221 cum
1126 2177 1413 2236 superno
1464 2160 1821 2236 adjutori0,
1873 2161 2052 2220 omni
2102 2160 2410 2219 custodia
2458 2175 2655 2218 serva
2702 2161 3062 2232 cortuum,
3112 2158 3271 2233 quia
3302 2173 3384 2216 ex
3432 2157 3576 2229 ipso
3625 2155 3763 2213 vita

670 2266 1010 2341 procedit3
1061 2268 1128 2327 et
1159 2268 1486 2326 instanter
1534 2281 1694 2340 roga
1727 2264 1936 2324 Deum
1958 2311 1974 2338 ,
2026 2271 2101 2324 ut
2136 2266 2311 2324 sicut
2358 2265 2439 2323 de
2474 2263 2875 2340 quibusdam
2911 2263 2976 2322 in
3012 2261 3412 2337 Apocalypsi
3447 2259 3759 2331 refertur,

675 2370 756 2428 ad
788 2370 1190 2429 mammillas
1221 2369 1610 2442 praecingat
1635 2374 1700 2426 te
1733 2383 1898 2427 zona
1923 2381 2157 2435 aurea,
2193 2373 2524 2441 quatenus
2559 2372 2711 2443 post
2742 2366 3149 2425 decisionem
3176 2365 3367 2440 pravi
3399 2363 3626 2439 operis
3658 2377 3767 2420 ex-

673 2474 909 2548 teriuS‚
963 2475 1167 2534 etiam
1200 2474 1436 2533 illicita
1484 2473 1765 2532 interius
1801 2491 1839 2532 a
1887 2477 1952 2532 te
1989 2477 2419 2547 amputentur
2465 2471 2822 2545 desideria,
2873 2487 2996 2530 nec
3027 2470 3541 2530 manifestorum
3573 2467 3767 2528 laude

674 2573 930 2636 habens
979 2592 1217 2635 nomen
1250 2575 1428 2652 quod
1476 2576 1692 2649 vivae,
1731 2592 1852 2652 pro
1901 2577 2320 2635 occultorum
2366 2574 2773 2650 negligentia
2821 2573 2944 2634 fias
2988 2578 3331 2649 tamquam
3378 2589 3502 2632 vas
3549 2571 3771 2648 perdi-

677 2684 844 2752 tum,
879 2686 944 2739 et
993 2680 1311 2739 oblivioni
1345 2678 1635 2738 tradaris
1657 2725 1672 2752 ‚
1726 2684 2069 2754 tamquam
2117 2680 2424 2738 mortuus
2459 2695 2496 2736 a
2530 2677 2749 2737 corde.
2786 2678 2971 2736 Intus
3004 2677 3208 2736 etiam
3245 2676 3418 2749 vide,
3469 2690 3554 2733 ne
3588 2680 3764 2748 tepe-

676 2795 829 2840 scas
878 2797 917 2841 a
951 2780 1197 2855 studi0‚
1248 2782 1354 2840 cui
1390 2782 1712 2842 hactenus
1761 2782 2116 2857 insudasti,
2154 2782 2267 2841 sed
2319 2783 2580 2842 abunda
2615 2783 2854 2858 magiS,
2905 2788 2972 2842 et
3005 2783 3221 2841 labori
3251 2782 3359 2841 vel
3391 2781 3582 2856 operi
3633 2787 3763 2851 tuo,

680 2883 790 2943 cui
847 2899 919 2943 se
969 2883 1278 2944 Christus
1334 2889 1548 2968 totum
1599 2886 1940 2961 impendit,
2002 2901 2242 2961 magno
2293 2886 2847 2959 remunerandus,
2901 2891 3218 2944 strenuus
3265 2884 3329 2943 ei
3376 2886 3767 2959 cooperator

675 2991 913 3066 existe,
964 2992 1211 3052 docens
1245 2992 1510 3070 iniquos
1557 2993 1705 3052 vias
1740 2992 1885 3068 ejus
1909 3040 1924 3067 ,
1974 2999 2042 3052 et
2075 3010 2351 3053 monens
2385 2993 2628 3070 impios
2663 2998 2735 3052 ut
2768 2994 3246 3051 convertantur
3277 2990 3358 3049 ad
3392 2989 3767 3062 Dominum,

678 3101 749 3158 et
796 3115 1107 3175 rumpere
1141 3100 1441 3160 nitantur
1488 3119 1526 3160 a
1560 3101 1820 3177 laqueis
1868 3101 2151 3175 Diaboli,
2191 3118 2228 3160 a
2264 3116 2394 3176 quo
2446 3106 2755 3159 tenentur
2787 3100 3072 3159 astricti:
3111 3106 3443 3175 quatenus
3475 3099 3586 3157 vel
3621 3113 3764 3156 sero

677 3204 1028 3279 abnegatis
1076 3206 1538 3265 saecularibus
1572 3205 1948 3280 desideriiS,
2000 3222 2153 3264 cum
2188 3206 2415 3265 sobria
2450 3205 2719 3279 pietate,
2756 3210 2824 3264 et
2860 3204 2986 3280 ipsi
3023 3209 3241 3262 tecum
3277 3208 3628 3277 expectent
3660 3201 3766 3259 ad-

676 3315 951 3369 ventum
997 3311 1280 3386 Domini,
1317 3311 1512 3386 quia,
1565 3316 1639 3370 ut
1673 3311 1997 3385 scriptum
2046 3315 2172 3383 est,
2207 3311 2320 3387 qui
2367 3315 2687 3368 venturus
2731 3314 2863 3382 est,
2914 3311 3131 3368 veniet
3181 3312 3244 3367 et
3291 3325 3425 3367 non
3458 3306 3761 3377 tardabit,

678 3416 744 3470 et
761 3408 981 3483 judea:
1031 3419 1183 3473 ante
1201 3411 1486 3486 januam
1520 3416 1787 3473 assistit:
1822 3410 1872 3491 ²)
1908 3428 2031 3471 nec
2064 3413 2178 3472 alii
2216 3413 2392 3471 beati
2428 3427 2627 3488 quam
2664 3411 2779 3487 qui
2813 3412 3031 3487 parati
3068 3415 3225 3470 sunt
3256 3424 3612 3469 occurrere
3649 3410 3761 3469 illi:

684 3515 1015 3591 siquidem
1063 3520 1361 3577 universi
1406 3520 1520 3594 qui
1569 3523 1919 3594 expectant
1956 3535 2130 3591 eum,
2167 3533 2299 3575 non
2348 3517 2865 3593 confundentur,
2899 3509 2948 3593 ⁸)
3000 3514 3272 3574 minime
3320 3514 3638 3573 timentes
3685 3513 3763 3571 ab

681 3619 916 3679 auditu
952 3623 1161 3695 malo,
1212 3625 1280 3682 et
1313 3637 1354 3681 a
1385 3622 1590 3681 verbo
1641 3637 1903 3698 aspero,
1941 3637 2072 3696 quo
2124 3621 2376 3696 repulsi
2411 3621 2906 3695 disperdentur,
2942 3620 3056 3696 qui
3089 3634 3264 3679 nunc
3297 3619 3378 3678 ad
3413 3634 3767 3678 occursum

682 3722 831 3798 ejus
879 3726 1265 3800 praeparari
1316 3731 1783 3798 contemnunt,
1835 3725 2097 3783 dicente
2131 3724 2231 3782 eis
2273 3724 2517 3798 Judice:
2569 3725 2897 3784 Discedite
2946 3742 2987 3783 a
3017 3742 3160 3798 me,
3212 3740 3434 3781 omnes
3483 3724 3767 3798 operarii

683 3829 1087 3905 iniquitatis,
1137 3846 1268 3887 non
1302 3832 1451 3889 novi
1497 3847 1623 3888 vos.
1655 3824 1703 3907 ⁴)
1753 3830 1808 3888 A
1841 3829 2034 3905 cujus
2082 3830 2488 3904 repulsionis
2521 3829 2667 3887 dira
2701 3828 3093 3887 confusione
3145 3828 3203 3886 si
3237 3843 3406 3904 quos
3441 3843 3564 3903 per
3599 3827 3773 3886 favo-

684 3946 824 3992 rem
876 3933 1190 3992 coelestis
1224 3934 1497 4008 gratiae·
1529 3939 1750 3993 tecum
1782 3950 2018 3993 eruere
2069 3935 2347 4010 poteris,
2385 3935 2564 3994 nullo
2613 3934 2887 3993 virtutis
2937 3934 3254 3993 exercitio
3289 3933 3627 4007 copiosior
3660 3934 3773 3993 tibi

686 4035 1151 4096 retributionis
1187 4036 1445 4096 fructus
1479 4037 1827 4111 excrescit,
1865 4037 2181 4113 quoniam
2215 4043 2288 4097 ut
2320 4037 2820 4097 evidentissime
2855 4037 3095 4112 probat
3127 4036 3331 4095 divini
3368 4036 3593 4111 operis
3626 4035 3775 4094 effe-

689 4144 871 4214 ctuS,
923 4141 1015 4199 nil
1049 4141 1309 4215 gratius
1356 4147 1460 4200 est.
1492 4140 1625 4199 Deo
1676 4140 2016 4199 hominum
2051 4142 2295 4211 salute,
2332 4141 2484 4200 dum
2522 4146 2589 4200 et
2620 4141 2820 4200 Pater
2852 4144 3123 4217 propter
3155 4156 3271 4198 eos
3306 4141 3578 4215 proprio
3612 4141 3771 4199 Filio

688 4259 810 4302 suo
859 4259 989 4303 non
1023 4246 1340 4319 pepercit,
1396 4244 1511 4303 sed
1547 4244 1724 4320 quod
1758 4244 1950 4303 nobis
1985 4244 2296 4303 omnibus
2334 4244 2609 4303 tradidit
2643 4245 2854 4319 illum,
2893 4247 2960 4304 et
2993 4243 3217 4319 posuit
3252 4244 3316 4302 in
3349 4259 3427 4302 eo
3466 4244 3773 4319 iniquita-

687 4350 824 4405 tem
874 4347 1168 4406 omnium
1203 4350 1527 4407 nostrum.
1577 4348 1658 4407 Et
1690 4348 1899 4407 Filius
1947 4348 2213 4407 nonnisi
2247 4348 2332 4406 ob
2364 4364 2594 4407 eorum
2632 4348 3156 4424 redemptionem
3191 4346 3468 4406 tradidit
3504 4347 3568 4405 in
3605 4362 3774 4405 mor-

689 4452 827 4507 tem
876 4451 1163 4510 animam
1201 4467 1416 4525 suam,
1466 4455 1533 4509 et
1566 4454 1840 4527 peccata
1888 4452 2256 4511 multorum
2289 4452 2470 4524 tulit,
2523 4458 2589 4510 et
2621 4469 2741 4527 pro
2777 4451 3394 4526 transgressoribus
3428 4450 3674 4524 oravit,
3711 4456 3777 4509 ut

689 4570 823 4614 non
857 4556 1171 4629 perirent.
1205 4555 1370 4627 Quia
1403 4571 1562 4631 ergo
1598 4555 2059 4631 unusquisque
2096 4555 2459 4614 secundum
2497 4571 2688 4613 suum
2724 4554 3022 4613 laborem
3056 4553 3426 4612 mercedem
3473 4553 3776 4627 accipiet,

689 4672 851 4715 vere
901 4658 1167 4717 beatum
1205 4660 1272 4719 in
1320 4659 1447 4719 hoc
1481 4667 1546 4719 te
1593 4660 1895 4733 dixerim,
1934 4660 1991 4718 si
2026 4659 2408 4735 dignatione
2442 4658 2910 4733 Redemptoris
2958 4658 3194 4731 nostri,
3233 4657 3460 4717 socius
3496 4657 3605 4715 vel
3638 4672 3782 4731 par·

693 4765 906 4840 ticeps
957 4764 1263 4824 laborum
1296 4765 1440 4841 ejus
1487 4766 1789 4840 effectus,
1830 4765 1894 4825 in
1943 4766 2157 4840 vinea,
2199 4780 2315 4823 seu
2365 4780 2582 4823 messe
2617 4764 2831 4839 ipsius
2882 4763 3135 4839 aliquid
3184 4763 3502 4822 utilitatis
3553 4762 3781 4821 effece-

694 4872 813 4947 τίει,
864 4878 931 4932 et
978 4873 1045 4932 in
1094 4874 1464 4949 piscatione
1512 4875 1591 4934 de
1641 4891 1772 4950 qua
1806 4874 2231 4934 consortibus
2267 4873 2409 4932 suis
2451 4872 2632 4932 dicit:
2671 4871 2939 4932 Faciam
2970 4890 3077 4930 vos
3110 4873 3255 4952 fieri
3283 4874 3651 4947 piscatores
3684 4874 3783 4930 ho-

771 5134 812 5201 Ι)
839 5154 947 5207 quo
970 5138 1077 5209 fine
1096 5142 1430 5195 cunctatione
1455 5138 1574 5194 eod.
1642 5168 1703 5178 ·--
1743 5140 1791 5202 ⁰²)
1819 5138 2009 5193 Jacob.
2053 5137 2127 5199 V,
2168 5140 2219 5193 9.
2252 5168 2318 5178 ---
2356 5136 2403 5200 ³)
2431 5136 2518 5190 rs.
2551 5133 2768 5194 XXW,
2797 5137 2846 5188 3.
2878 5164 2947 5173 --
2974 5131 3018 5197 ⁴)
3045 5130 3180 5186 Luc.
3222 5128 3386 5191 xm,
3413 5132 3502 5185 27.
