4036 6117
689 484 820 547 238
1839 502 1893 548 s.
1954 500 2513 549 innonoAnms

616 622 775 696 test,
811 625 1126 695 utsupra
1170 618 1424 680 dictum
1470 620 1596 679 est.
1647 620 1768 681 Isti
1817 619 1976 680 dum
2026 623 2092 682 in
2140 621 2535 697 corporibus
2585 621 2731 680 suis
2767 619 3071 695 fuissent,
3109 620 3488 696 angelicum
3530 618 3716 679 ordi·

617 739 772 785 nem
807 724 1073 799 imitati,
1099 718 1145 803 ¹)
1183 724 1250 783 in
1281 723 1694 798 virginitatis
1722 724 2191 800 singularitate
2224 700 2370 785 Deo‘
2408 724 2806 800 servierant,
2836 730 2904 784 et
2938 738 3011 783 se
3045 728 3225 784 totos
3258 723 3385 785 hoc
3421 722 3616 782 modo
3645 726 3715 779 et

617 828 904 887 caeteris
950 826 1145 887 bonis
1177 832 1245 886 et
1294 826 1549 886 sanctis
1583 827 1896 901 operibus
1948 829 2077 904 ipsi
2111 827 2581 889 holocaustum
2632 828 2946 888 fecerant.
2993 827 3272 888 Caetera
3319 841 3478 886 vero
3515 840 3716 885 orna-

618 936 842 992 menta
880 931 1179 1009 ipsorum
1201 928 1253 1011 ⁶²)
1288 935 1356 991 et
1388 931 1907 1007 significationes
1940 949 2173 993 eorum
2208 934 2383 993 visui
2418 939 2486 993 et
2521 932 2890 992 intellectui
2925 948 3072 992 meo
3116 932 3453 993 occultata
3487 935 3668 991 sunt.

2057 1155 2274 1217 XXXI.

1731 1351 1826 1411 De
1875 1351 2180 1411 claritate
2228 1348 2585 1409 beatorum.

708 1555 818 1617 50.
868 1555 995 1617 Sed
1026 1563 1093 1617 et
1127 1558 1195 1618 in
1226 1559 1572 1634 praedicta
1605 1558 1937 1633 claritate,
1976 1559 2181 1618 etiam
2213 1559 2424 1618 multo
2475 1556 2799 1633 majorem
2835 1556 3295 1631 infinitamque
3328 1554 3718 1614 claritatem

616 1660 1007 1720 sentiebam.
1059 1660 1270 1732 Quam
1318 1661 1477 1721 dum
1527 1661 1869 1722 intendere
1901 1662 2168 1737 vellem,
2207 1660 2522 1737 splendor
2573 1660 2853 1735 fulgoris
2902 1660 3049 1735 ejus
3100 1661 3359 1719 tantum
3392 1658 3717 1717 decorem

616 1764 915 1823 omnium
963 1772 1533 1841 ornamentorum,
1586 1769 1941 1843 tantasque
1998 1765 2278 1825 delicias
2327 1765 2744 1839 deliciarum,
2805 1769 3126 1840 tantaque
3158 1761 3401 1838 gaudia
3436 1760 3719 1836 gaudio-

621 1880 772 1925 rum
807 1867 1013 1927 totius
1049 1867 1485 1930 beatitudinis
1514 1870 1580 1929 in
1605 1886 1685 1929 ea
1731 1885 1883 1929 esse
1919 1870 2403 1946 intelligebam,
2439 1868 2615 1945 quod
2640 1864 2689 1949 ³)
2725 1884 2847 1928 nec
2879 1869 3113 1928 oculus
3146 1867 3338 1941 vidit,
3368 1882 3490 1926 nec
3524 1865 3720 1926 auris

621 1968 901 2046 audivit,
940 1986 1060 2031 nec
1093 1972 1160 2032 in
1193 1988 1311 2033 cor
1345 1973 1634 2035 hominis
1682 1975 2013 2051 ascendit,
2067 1975 2225 2035 dum
2260 1976 2324 2034 in
2361 1975 2581 2050 fragili
2615 1979 2683 2033 et
2702 1970 2752 2053 ⁴)
2788 1973 3209 2049 corruptibili
3245 1987 3526 2048 corpore
3573 1988 3720 2030 ma-

620 2080 770 2149 net3
825 2074 996 2136 unde
1044 2077 1247 2137 etiam
1297 2078 1629 2154 quoddam
1680 2079 1978 2154 sigillum
2026 2078 2189 2139 mihi
2238 2080 2623 2155 oppositum
2670 2085 2818 2149 est,
2870 2093 2991 2154 per
3037 2077 3213 2154 quod
3254 2076 3465 2135 multo
3513 2075 3717 2151 plura

619 2178 964 2255 multoque
996 2178 1251 2255 majora
1286 2180 1530 2256 gaudia
1565 2181 1729 2242 mihi
1776 2183 2114 2242 occultata
2147 2188 2327 2257 sunt,
2380 2198 2583 2259 quam
2622 2178 2809 2258 prius
2858 2180 3204 2240 vidissem.
3240 2178 3480 2255 Sicque
3534 2176 3717 2236 idem

619 2281 811 2345 visus
846 2283 913 2344 in
945 2300 1050 2345 me
1084 2285 1560 2346 reverberatus
1594 2289 1716 2347 est.
1752 2286 1832 2346 Et
1863 2302 1984 2362 per
2015 2288 2357 2348 viventem
2392 2286 2712 2363 Spiritum
2744 2285 2881 2346 vidi
2916 2291 2986 2345 et
3018 2284 3313 2344 intellexi
3345 2282 3533 2341 haec.

2048 2511 2294 2573 xxxn.

1799 2707 2000 2768 Verba
2048 2708 2209 2768 Filii
2256 2686 2558 2770 hominis.

708 2911 816 2973 51.
850 2910 930 2974 Et
962 2913 1043 2974 de
1076 2914 1380 2989 praefata
1426 2916 1692 2976 vivente
1725 2917 1873 2976 luce
1924 2917 2166 2976 iterum
2202 2915 2427 2976 audivi
2461 2931 2696 2976 vocem
2732 2916 2893 2977 mihi
2936 2917 3288 2975 dicentem:
3326 2913 3501 2973 Haec
3536 2925 3715 2988 quae
3779 2960 3791 2972 .

619 3018 836 3095 videS‚
871 3034 1033 3081 vera
1059 3026 1235 3097 sunt,
1272 3028 1338 3082 et
1370 3027 1445 3082 ut
1481 3037 1560 3081 ea
1591 3020 1804 3097 videS,
1861 3022 1953 3082 ita
2002 3027 2179 3096 sunt,
2230 3027 2296 3080 et
2345 3022 2540 3097 plura
2589 3025 2764 3082 sunt.
2812 3021 2891 3081 Et
2924 3035 3079 3080 occe
3123 3019 3595 3079 dulcissimum
3631 3030 3714 3074 ac

622 3123 1104 3185 suavissimum
1169 3142 1407 3186 sonum
1471 3126 1658 3186 vocis
1709 3125 1957 3202 audivi,
2007 3131 2082 3185 ut
2135 3132 2363 3200 guttas
2421 3126 2702 3185 balsami
2753 3125 2916 3184 mihi
2977 3125 3434 3198 instillantem,
3494 3124 3564 3181 et
3610 3120 3717 3179 di-

622 3231 903 3288 centem:

709 3330 816 3390 52.
874 3350 907 3389 «
943 3330 1078 3408 Ego
1129 3333 1233 3393 vis
1266 3332 1651 3394 Divinitatis
1701 3336 1851 3394 ante
1901 3349 2141 3393 aevum
2189 3339 2256 3393 et
2304 3335 2454 3393 ante
2504 3342 2807 3409 tempora
2856 3349 3036 3408 sum,
3096 3349 3217 3393 nec
3267 3331 3716 3406 inceptionem

625 3448 660 3489 x·
699 3434 1079 3508 temporum
1127 3435 1360 3496 habeo.
1412 3437 1525 3495 Vis
1574 3438 1749 3496 enim
1782 3436 2165 3497 Divinitatis
2215 3454 2394 3511 sum,
2448 3452 2578 3512 qua
2635 3436 2810 3496 Deus
2867 3437 3088 3496 omnia
3144 3432 3580 3494 discernendo
3647 3435 3716 3489 et

625 3550 660 3591 x·
699 3536 1039 3609 probando
1092 3537 1269 3598 fecit.
1317 3539 1453 3615 Ego
1506 3541 1708 3599 etiam
1766 3541 2112 3615 speculum
2161 3540 2621 3616 providentiae
2670 3541 2966 3600 omnium
3001 3555 3173 3613 sum,
3220 3543 3287 3597 et
3338 3534 3715 3596 fortissima

618 3653 653 3694 x·
693 3638 759 3696 vi
795 3638 1073 3716 intonui,
1111 3642 1179 3700 in
1213 3659 1342 3718 qua
1382 3659 1629 3704 sonans
1662 3644 1966 3718 verbum,
2005 3645 2265 3703 scilicet
2299 3644 2482 3718 Fiat,
2511 3662 2682 3720 sum,
2720 3660 2840 3719 per
2872 3642 3048 3720 quod
3084 3644 3307 3703 omnia
3354 3654 3713 3717 processe-

622 3756 655 3797 »
695 3747 886 3815 runt;
938 3743 1054 3802 ubi
1085 3750 1152 3804 et
1200 3745 1584 3806 videntibus
1618 3748 1832 3806 oculis
1866 3753 2168 3823 tempora
2202 3753 2578 3824 temporum
2612 3748 3022 3823 dividebam,
3061 3746 3496 3807 considerans
3531 3758 3713 3820 quae

623 3861 657 3904 »
695 3846 851 3921 sint,
888 3848 995 3907 vel
1028 3850 1359 3925 quomodo
1400 3851 1623 3910 omnia
1658 3851 1811 3910 sint.
1847 3850 1975 3910 Ore
2010 3867 2275 3928 quoque
2324 3868 2471 3911 meo
2505 3851 2792 3912 officiale
2841 3867 3008 3926 opus
3044 3866 3262 3910 meum
3298 3848 3710 3920 lambebam‚

621 3965 655 4007 »
693 3949 1005 4011 videlicet
1051 3953 1335 4028 figuram
1368 3969 1568 4030 quarn
1602 3953 1683 4014 de
1719 3955 1876 4015 limo
1913 3955 2062 4029 feci,
2101 3962 2167 4014 et
2201 3956 2553 4015 unicaliter
2574 3949 2622 4033 ⁵)
2658 3971 2805 4014 eam
2842 3953 3123 4015 amando
3161 3952 3504 4029 amplexus
3530 3966 3711 4023 sum,

620 4067 655 4110 >
695 4068 772 4111 ac
805 4053 901 4113 sic
935 4069 1053 4129 per
1089 4056 1354 4130 igneum
1389 4056 1726 4132 spiramen
1759 4056 1826 4115 in
1874 4073 2140 4117 carnem
2177 4073 2326 4116 eam
2348 4054 2395 4135 ⁶)
2448 4058 2742 4131 mutavi,
2793 4063 2861 4116 et
2908 4056 3205 4117 officium
3253 4055 3470 4116 omnis
3527 4068 3718 4113 crea-

630 4171 666 4214 »
704 4162 895 4217 turae
931 4159 1028 4218 illi
1061 4158 1237 4219 dedi.

708 4261 815 4321 53.
856 4280 888 4319 α
925 4261 1288 4339 Postquam
1321 4266 1646 4341 requievi.
1683 4281 2037 4342 quousque
2072 4266 2605 4339 considerarem,
2644 4264 2976 4341 quomodo
3011 4281 3133 4340 per
3164 4264 3523 4325 oonsilium
3572 4277 3718 4322 ser-

622 4381 657 4424 >
694 4364 915 4441 pentis
949 4364 1144 4426 homo
1177 4368 1497 4444 deceptus
1531 4375 1732 4444 esset,
1768 4369 2005 4430 deinde
2042 4368 2461 4429 flammanter
2493 4370 2668 4444 veni,
2707 4384 2785 4428 ac
2822 4369 2887 4427 in
2920 4373 3112 4427 utero
3140 4367 3455 4442 Virginis,
3491 4381 3569 4425 eo
3603 4381 3715 4424 ac-

620 4482 658 4526 >
695 4483 921 4541 censo,
959 4471 1284 4547 requievi,
1336 4478 1402 4531 et
1452 4472 1532 4531 de
1581 4489 1779 4533 carne
1828 4474 2068 4549 ipsiu8‚
2122 4489 2293 4548 quae
2344 4489 2679 4549 nunquam
2728 4473 2869 4532 ulla
2927 4472 3123 4532 sorde
3179 4471 3576 4543 sudaverat,
3634 4473 3712 4528 ut

620 4587 657 4631 x·
695 4572 900 4631 etiam
924 4588 1080 4634 caro
1116 4574 1294 4635 Adae
1329 4577 1615 4651 primum
1653 4577 1897 4637 munda
1933 4578 2081 4652 fuit,
2102 4574 2150 4655 ⁷)
2192 4578 2579 4638 incarnatus
2615 4593 2789 4651 sum,
2826 4593 2903 4636 ac
2939 4578 3039 4636 sic
3072 4577 3263 4651 gigas
3299 4590 3605 4650 magnus,
3645 4575 3712 4634 in

619 4690 657 4736 ³
697 4676 943 4737 virtute
993 4695 1199 4755 super
1230 4696 1492 4741 omnem
1542 4682 1877 4742 hominem
1924 4683 2266 4758 processi,
2319 4683 2634 4760 quoniam
2682 4681 2880 4741 homo
2924 4696 3045 4756 per
3092 4679 3625 4755 coagulationem
3661 4678 3734 4737 il-

625 4797 660 4840 >
701 4783 831 4842 lam
860 4777 911 4863 ⁸)
961 4801 1089 4845 non
1139 4788 1518 4863 seminavit,
1570 4805 1769 4865 quam
1820 4803 2099 4864 serpens
2147 4788 2433 4864 primurn
2472 4787 2806 4847 hominem
2838 4801 2958 4861 per
3005 4785 3516 4846 concussionem
3565 4801 3715 4843 san-

617 4900 655 4944 >
693 4886 915 4962 guinis
961 4889 1233 4964 derisit,
1286 4892 1400 4966 qui
1434 4907 1554 4967 per
1599 4892 2112 4952 delectationem
2147 4893 2370 4951 carnis
2421 4894 2746 4951 movetur.
2796 4889 3113 4950 Diabolus
3158 4890 3336 4949 enim
3372 4889 3709 4948 hominem

697 5087 741 5152 ¹)
767 5089 982 5146 imitari
1005 5090 1072 5148 A.
1104 5092 1235 5154 —-²)
1262 5098 1487 5150 istorum
1515 5094 1608 5149 W.
1641 5123 1706 5133 —-
1726 5091 1769 5159 ³)
1797 5111 1938 5166 quae
1960 5093 2027 5148 A.
2060 5124 2128 5138 -·
2214 5093 2335 5149 loco
2375 5091 2611 5162 insigni,
2651 5091 2883 5165 irrepsit
2908 5091 2968 5147 in
3006 5092 3085 5147 W
3107 5091 3341 5164 ineptia:
3370 5098 3421 5148 et
3456 5089 3708 5148 tuniculi-

628 5173 673 5243 ⁴>
698 5181 747 5230 et
771 5178 832 5230 in
856 5176 951 5240 W,
981 5208 1041 5215 -
1069 5180 1110 5246 ⁵)
1138 5178 1215 5234 Ne
1240 5177 1379 5248 quid
1410 5178 1702 5234 varietatis
1737 5177 2041 5235 omittatur
2066 5176 2126 5233 in
2214 5185 2309 5234 ter.
2330 5179 2453 5248 ——⁶)
2480 5196 2595 5235 eam
2619 5192 2729 5235 om.
2762 5177 2828 5234 A.
2852 5179 2975 5246 —⁷)
3003 5176 3060 5232 id
3087 5180 3239 5233 nota.
3258 5176 3383 5246 —⁸)
3415 5177 3517 5232 Illa
3541 5174 3702 5231 meA.
