4036 6117
1589 455 2054 512 εῐηετοωιε.
3170 427 3302 502 423

284 589 572 652 humano
624 605 888 666 genere;
940 593 1008 647 et
1042 586 1250 646 divini
1300 587 1364 644 vi
1411 587 1707 646 muneris
1756 586 2034 663 speciali
2087 584 2301 661 gratia
2352 601 2388 643 a
2423 582 2556 642 Deo
2609 581 2728 641 tibi
2778 582 2933 640 data
2970 586 3146 654 sunt,
3199 581 3379 640 intra

290 699 353 756 in
409 697 818 763 cubiculum,
872 693 935 752 id
985 698 1089 750 est
1138 695 1470 749 secretum
1522 691 1788 763 mentis,
1848 695 1915 748 et.
1964 690 2194 748 clauso
2237 687 2433 759 ostie,
2493 686 2919 760 exclusisque
2957 690 3376 743 terrenarum

286 804 769 864 distensionum
828 799 1259 870 tumultibuS‚
1327 803 1393 855 et
1447 798 1721 872 pulvere
1781 795 2114 855 inutilium
2174 792 2653 868 cogitationum
2718 792 2801 850 ab
2859 792 3072 850 oculis
3131 790 3378 849 mentis

293 908 624 980 absterso,
683 904 1034 966 considera
1080 902 1468 975 diligenter,
1520 906 1585 959 et
1632 899 2025 975 dignitatem
2077 896 2522 965 conditioniS,
2583 897 2648 954 et
2695 894 3151 953 infidelitatem
3203 892 3381 968 deje-

297 1010 571 1084 ctionis,
630 1016 697 1068 et
746 1006 1228 1067 sublimitatem
1281 1003 1727 1079 reparationis
1777 1003 2135 1062 humanae:
2188 1015 2472 1077 quorum
2523 999 2815 1074 primum
2863 1003 2929 1057 et
2977 998 3251 1056 tertium
3303 993 3386 1055 ad

300 1112 680 1185 largitatem
735 1111 843 1169 vel
891 1110 1371 1182 benignitatem
1421 1108 1678 1185 opificis
1729 1109 2127 1183 respiciunt,
2190 1106 2554 1166 secundum
2606 1105 3157 1179 ingratiti1dinem
3204 1102 3394 1178 opiiid

305 1215 414 1286 eii,
455 1214 516 1273 id
555 1220 659 1274 est
698 1213 987 1272 hominis
1023 1212 1265 1287 arguit.

1771 1415 1932 1479 xm.

404 1630 568 1689 Cum
604 1627 828 1704 itaque
863 1628 943 1688 ad
980 1625 1370 1703 dignitatem
1422 1624 1822 1686 conditionis
1867 1635 2136 1688 nostrae
2170 1627 2635 1702 contuendam,
2673 1618 2884 1686 aciem
2921 1625 3163 1685 mentis
3199 1623 3408 1685 inten-3

314 1734 518 1800 deris,
577 1735 795 1808 cogita
843 1732 1172 1809 quomodo
1230 1747 1378 1791 cum
1431 1731 1608 1789 omni
1668 1746 1909 1805 genere
1960 1733 2220 1792 ratione
2276 1732 2631 1803 utentium,
2692 1730 3056 1789 secundum
3108 1732 3400 1790 animam

322 1839 663 1897 intellectu
722 1837 1117 1913 praeditam,
1182 1837 1395 1895 instar
1452 1836 1843 1895 coelestium
1909 1837 2302 1912 spirituum,
2364 1836 2445 1895 ad
2498 1835 2850 1909 imaginem
2903 1837 2969 1894 et
3018 1834 3407 1894 similitudi-

320 1960 467 2004 nem
519 1945 816 2004 auctoris
859 1944 955 2003 tui
1007 1942 1224 2002 factus
1259 1942 1383 2008 sis,
1438 1940 1694 2014 totique
1743 1942 2088 2016 praelatus
2136 1946 2510 2014 creaturae,
2557 1940 2747 2015 juxta
2795 1938 2972 2015 quod
3008 1938 3088 1999 de
3139 1938 3407 1998 homine

321 2050 570 2108 dicitur
601 2049 683 2109 ad
716 2048 942 2107 Deum:
997 2047 1300 2108 Minuisti
1335 2062 1486 2104 eum
1515 2045 1719 2121 paulo
1765 2048 1988 2104 minus
2039 2044 2114 2104 ab
2162 2046 2440 2122 anqeliS,
2489 2045 2702 2120 yloria
2749 2048 2809 2100 et
2860 2046 3100 2103 honore
3151 2062 3420 2104 corona-
3517 2080 3530 2091 ·

329 2155 411 2210 sti
461 2170 635 2224 eum,
686 2169 887 2228 super
918 2167 1119 2225 opera
1164 2166 1488 2206 manuum
1536 2155 1827 2205 tuarum.
1878 2142 1922 2224 ¹)
1973 2147 2053 2205 Et
2099 2162 2179 2206 ex
2230 2147 2373 2221 ipsa
2424 2146 2779 2205 exterioris
2831 2145 3119 2205 hominis
3170 2146 3411 2223 forma,

335 2270 534 2329 quam
585 2255 668 2314 ob
717 2252 1102 2313 nonnullam
1152 2251 1705 2325 significationem
1762 2250 2113 2309 sublimem
2165 2256 2231 2309 et
2280 2250 2361 2309 ad
2410 2251 2672 2309 coelum
2721 2255 3013 2308 erectam
3065 2250 3410 2326 accepisti,

333 2361 761 2430 ammonituS,
813 2375 976 2418 cave
1007 2375 1089 2417 ne
1122 2358 1376 2418 bestias
1409 2358 1515 2416 vel
1549 2355 1862 2431 pecudeS,
1914 2374 1953 2416 a
1986 2356 2232 2432 quibus
2267 2363 2334 2415 et
2369 2357 2433 2415 in
2468 2357 2595 2416 hoc
2628 2357 2866 2430 distaS,
2922 2357 3420 2418 irrationabiles

333 2464 535 2520 animi
584 2462 922 2538 appetitus
972 2466 1040 2520 et
1073 2460 1258 2520 carni
1309 2461 1686 2534 voluptates
1738 2474 2028 2536 sequens
2080 2460 2388 2535 imiteris,
2442 2460 2557 2519 sed
2610 2467 2796 2520 stans
2848 2460 2912 2517 in
2960 2461 3233 2520 virtutis
3282 2463 3421 2521 cul-

343 2569 542 2642 mine,
580 2568 914 2627 hominem
951 2572 1013 2625 te
1048 2565 1363 2625 exhibeas
1415 2563 1563 2643 (nec
1597 2564 1929 2625 hominem
1980 2567 2246 2642 qualem
2293 2567 2506 2641 tangit
2554 2567 2917 2642 Apostolus
2951 2562 3207 2626 dicens:
3264 2569 3429 2629 Cum

340 2674 521 2730 enim
571 2672 699 2729 sint
750 2673 928 2728 inter
975 2687 1081 2729 vos
1115 2669 1296 2729 zelus
1344 2674 1406 2727 et
1449 2671 1799 2740 contentiO,
1851 2688 2071 2728 norme
2122 2672 2424 2729 carnales
2473 2673 2667 2730 estis?
2714 2678 2774 2729 et
2812 2672 3179 2731 secundum
3226 2673 3437 2734 homi*

341 2792 496 2832 nem
551 2774 921 2848 ambulatis,
969 2771 1020 2850 ²)
1081 2773 1198 2832 sed
1248 2773 1582 2831 hominem
1638 2771 2053 2848 prudentiae,
2117 2773 2560 2844 fortitudinis,
2626 2776 3104 2851 temperantiae
3162 2782 3230 2836 et
3278 2793 3434 2837 cau-

345 2881 485 2936 tum
520 2877 1019 2937 aemulatorem.
1072 2878 1148 2936 Et
1183 2876 1496 2951 quoniam
1549 2875 1650 2935 his
1685 2877 2053 2936 virtutibus
2088 2877 2285 2936 homo
2336 2878 2392 2937 si
2430 2884 2700 2937 strenue
2751 2893 2823 2937 se
2857 2885 3188 2954 exerceat,
3244 2887 3439 2939 natu-

349 2981 580 3041 raliter
633 2996 704 3039 se
753 2981 1078 3039 munitum
1138 2987 1506 3055 opportune
1559 2980 1871 3052 inveniet,
1930 2987 1996 3039 et
2046 2980 2310 3040 debitor
2359 2987 2461 3040 est
2512 2987 2583 3040 ut
2632 2981 2995 3039 secundum
3053 2997 3169 3041 eas
3218 2983 3432 3055 vivat,

348 3085 612 3145 debitor
666 3100 928 3161 quoque
983 3085 1308 3144 naturalis
1367 3085 1534 3159 legis
1596 3085 1989 3158 implendae,
2053 3085 2366 3145 videlicet
2423 3092 2495 3145 ut
2544 3085 2720 3161 quod
2781 3085 3067 3161 quisque
3116 3086 3246 3146 sibi
3308 3103 3441 3146 non

354 3193 498 3252 vult
532 3190 696 3265 fieri,
748 3191 863 3250 alii
894 3208 1024 3250 non
1076 3190 1300 3264 faciat,
1352 3196 1417 3249 et
1452 3195 1525 3248 ut
1560 3208 1668 3248 vix
1718 3190 2030 3249 stimulos
2064 3196 2132 3249 et
2179 3191 2568 3265 cupiditatis
2621 3192 2910 3266 impetus
2960 3191 3027 3251 in
3062 3206 3136 3249 se
3171 3205 3292 3266 per
3343 3208 3448 3251 ra-

360 3298 604 3355 tionem
649 3293 1045 3354 moderando
1082 3297 1409 3366 coerceat3
1464 3296 1603 3352 tum
1639 3294 1844 3352 etiam
1879 3294 1942 3352 in
1980 3292 2044 3352 id
2079 3294 2348 3353 virtutis
2398 3294 2788 3369 ascendenS,
2843 3299 2915 3353 ut
2951 3294 3082 3353 ista
3122 3310 3448 3371 exsequa-

362 3398 480 3471 riS,
517 3395 711 3456 laude
745 3395 1013 3472 quidem
1046 3396 1359 3454 nonnulla
1395 3394 1566 3454 inter
1617 3394 1916 3454 homines
1949 3394 2191 3469 dignus
2227 3395 2602 3454 habeberis:
2655 3395 2770 3454 sed
2807 3411 2969 3454 cave
3006 3411 3086 3454 ne
3124 3412 3243 3471 spe
3282 3396 3453 3456 falsa

367 3500 704 3573 seductus,
765 3510 1077 3573 magnum
1126 3499 1246 3558 tibi
1297 3497 1697 3573 pollicendo,
1749 3504 2025 3574 propter
2074 3499 2199 3558 hoc
2247 3498 2326 3557 de
2377 3499 2587 3558 multa
2646 3498 2818 3574 apud
2877 3497 3085 3558 Deum
3150 3500 3458 3560 mercede

365 3604 696 3679 glorieris:
748 3603 904 3678 quia
938 3603 1050 3678 qui
1087 3603 1233 3662 sola
1280 3603 1613 3661 naturalia
1656 3605 1834 3662 tenet
1883 3604 1988 3661 vel
2027 3604 2355 3680 sequitur,
2411 3604 2476 3662 in
2510 3619 2787 3679 operum
2827 3620 2950 3663 seu
3002 3621 3263 3667 morum
3303 3622 3457 3666 suo-

370 3728 517 3771 rum
550 3709 896 3786 qualitate,
934 3710 1246 3769 sublimia
1275 3710 1388 3769 illa
1415 3709 1670 3784 gratiae
1697 3712 1995 3786 praemia
2022 3728 2154 3771 non
2178 3711 2465 3787 percipit
2493 3711 2556 3770 in
2587 3708 3047 3771 retributione.
3079 3712 3203 3783 Qui
3230 3720 3456 3773 autem

373 3816 629 3876 eisdem
684 3815 1104 3875 naturalibus
1153 3816 1346 3876 bonis
1394 3816 1738 3891 deceptuS,
1801 3817 1926 3877 sub
1976 3818 2271 3892 seipsum
2322 3833 2442 3893 per
2489 3818 2763 3878 illicitos
2812 3816 3154 3893 appetitus
3203 3819 3459 3892 defluit,

381 3920 570 3995 gravi
620 3935 660 3977 a
694 3919 945 3996 Spiritu
992 3917 1231 3979 Sancto
1281 3934 1399 3995 per
1446 3918 1869 3980 Psalmistam
1919 3921 2138 3996 elogio
2190 3920 2502 3993 inuritur,
2556 3921 2817 3980 scilicet
2866 3920 3043 3996 quod
3091 3925 3279 3981 homo
3315 3940 3466 3981 cum

382 4030 452 4085 in
503 4030 744 4087 honore
787 4034 977 4097 esset,
1028 4046 1160 4087 non
1209 4029 1573 4099 intelleaeit,
1628 4036 2043 4105 comparatus
2092 4034 2187 4086 est
2219 4023 2552 4099 jumentis
2602 4025 3069 4103 insipientibus
3117 4034 3178 4086 et
3230 4024 3473 4087 similis

385 4134 603 4208 sactus
639 4141 732 4191 est
769 4133 927 4191 illis.
962 4125 1011 4209 ²)

1856 4347 2024 4417 XIV.

490 4597 652 4656 Cum
692 4613 848 4656 vero
885 4596 963 4656 ad
1000 4591 1445 4657 contuendum
1496 4591 1915 4657 miserrimae
1963 4594 2354 4673 dejectionis
2405 4597 2674 4657 nostrae
2726 4596 3191 4665 infortunium,
3242 4589 3475 4656 oculos

401 4706 556 4759 tuae
591 4699 1145 4759 considerationis
1181 4699 1552 4772 deflexeriS‚
1592 4700 1823 4759 mirari
1858 4698 2058 4758 simul
2093 4705 2159 4758 et
2191 4699 2416 4759 dolere
2449 4701 2732 4775 poteris,
2770 4699 2851 4759 ad
2887 4705 3209 4776 quantam
3245 4697 3347 4756 sui
3386 4698 3485 4756 in-

402 4807 848 4867 constantiam
883 4807 1100 4866 omnis
1135 4807 1331 4867 homo
1364 4823 1483 4884 per
1518 4805 2031 4866 inobedientiam
2082 4808 2337 4882 primae
2387 4805 2949 4883 transgressionis
2999 4802 3315 4863 redactus
3367 4800 3482 4873 sit,

402 4918 479 4971 ut
529 4926 646 4970 nec
697 4926 814 4986 per
864 4911 1144 4970 liberum
1204 4911 1469 4988 quidem
1508 4910 1860 4971 arbitrium
1918 4912 2308 4971 necessitati
2367 4912 2682 4985 peccandi
2743 4910 3065 4970 resistere
3122 4906 3367 4981 possit,
3423 4908 3493 4963 et

489 5111 531 5173 ¹)
573 5111 661 5167 Ps.
694 5111 851 5173 vm,
883 5116 932 5167 3.
966 5143 1033 5153 ---
1056 5114 1103 5173 ²)
1132 5111 1155 5164 1
1184 5110 1306 5166 Cor.
1342 5111 1444 5173 tn,
1477 5115 1527 5166 3.
1650 5108 1694 5173 ⁸)
1723 5111 1810 5165 Ps.
1844 5110 2008 5174 xm.
2035 5116 2124 5167 2¹,
