4036 6117
748 483 880 543 356
1874 498 1925 543 s.
1978 497 2521 544 mnnscARms

661 626 854 686 suavi
901 623 1105 684 odore
1140 621 1410 697 regulae
1459 636 1611 680 cum
1661 621 1882 695 Moyse
1929 637 2242 698 pompam
2277 620 2532 681 saeculi
2584 620 3064 696 relinquentes,
3108 623 3383 694 propter
3414 613 3760 676 humilita-

657 734 794 788 tem
827 725 1305 786 incarnationis
1337 724 1492 784 Jesu
1529 723 1803 798 Christi,
1843 740 1914 783 se
1950 725 2121 783 viles
2171 723 2254 783 ad
2289 725 2636 783 saeculum
2688 723 3007 784 fecerunt.
3056 723 3181 783 Sed
3229 729 3463 800 postea
3499 718 3757 797 pallida

655 833 868 893 nubes
903 846 1112 891 vanae
1160 829 1414 904 gloriae
1442 835 1642 903 atque
1671 828 2025 901 superbiae
2062 844 2265 904 super
2302 828 2517 902 ignem
2555 827 2878 886 bonarum
2915 826 3197 885 istorum
3234 823 3557 897 ascendit,
3593 834 3760 897 que-

655 936 1087 1000 madmodum
1133 934 1346 994 nubes
1382 933 1591 992 solem
1639 933 2005 1007 obnubilat,
2046 935 2139 993 ita
2187 941 2260 994 ut
2294 935 2402 993 vix
2452 933 2780 994 videatur.
2818 933 3106 1009 Ideoque
3139 931 3467 1009 quaedam
3502 936 3760 1004 tempe-

658 1043 871 1100 states
921 1056 1121 1114 super
1152 1055 1270 1097 eos
1318 1044 1666 1110 venerunt,
1704 1054 1874 1113 quae
1924 1054 2041 1097 eos
2078 1045 2492 1112 straverunt,
2546 1039 2663 1100 sed
2697 1039 2941 1099 iterum
2991 1038 3479 1114 aliquantulum
3529 1049 3761 1095 surre-

653 1151 916 1217 xerunt3
956 1145 1055 1203 sic
1086 1143 1400 1202 videlicet
1434 1141 1607 1218 quod
1642 1147 1914 1217 propter
1949 1142 2265 1215 pallidam
2297 1144 2542 1203 nubem
2575 1159 2787 1202 vanae
2827 1144 3082 1219 gloriae
3119 1149 3318 1220 atque
3368 1139 3752 1214 superbiae,

660 1249 832 1323 ignis
867 1248 958 1307 ibi
992 1247 1099 1306 vix
1135 1247 1509 1320 videbatur,
1544 1245 1658 1321 qui
1694 1252 1800 1305 est
1831 1245 2228 1320 disciplinae
2263 1253 2330 1305 et
2360 1247 2531 1308 bona
2564 1247 2973 1309 consuetudo
3008 1247 3298 1323 regulae.

2135 1454 2265 1528 VI.

748 1677 929 1738 Unde
963 1678 1165 1736 etiam
1201 1681 1336 1735 tam
1371 1674 1451 1735 ad
1504 1692 1721 1735 mores
1771 1677 2175 1752 spiritalium
2209 1694 2407 1753 quam
2457 1678 2540 1738 ad
2574 1694 2797 1739 mores
2841 1678 3290 1740 saecularium
3322 1672 3752 1735 destinaban-

661 1789 771 1845 tur
792 1779 837 1861 ¹)
873 1788 940 1841 et
967 1781 1091 1840 hoc
1128 1781 1264 1839 sore
1301 1796 1511 1856 usque
1538 1797 1732 1854 nunc;
1771 1780 1966 1839 modo
1993 1788 2218 1842 autem
2256 1797 2464 1857 usque
2491 1782 2571 1840 ad
2598 1797 2815 1856 genua
2851 1780 3180 1844 incurvati
3215 1783 3395 1852 sunt,
3432 1777 3751 1853 quoniam

658 1890 723 1948 in
776 1893 1058 1962 utraque
1106 1886 1296 1962 parte
1345 1885 1786 1945 ordinationis
1835 1886 2201 1961 sapientiae
2251 1885 2584 1946 defectum
2633 1886 2900 1946 habent.
2953 1886 3226 1946 Coelum
3259 1885 3436 1943 enim
3485 1901 3524 1941 a
3558 1881 3752 1941 laude

657 1999 839 2054 recte
887 1992 1264 2052 ordinatum
1298 1995 1425 2065 est,
1478 1997 1545 2049 et
1579 1997 1758 2049 terra
1802 1989 2136 2064 justitiam
2170 1992 2506 2066 operando
2556 1997 2736 2050 recte
2784 1991 3153 2050 constituta
3200 1990 3323 2049 est.
3363 1987 3636 2048 Coelum
3683 1986 3752 2044 et

657 2109 838 2162 terra
886 2102 1062 2159 sicut
1096 2099 1316 2158 anima
1351 2104 1417 2156 et
1450 2113 1695 2171 corpus
1731 2101 1907 2170 sunt3
1960 2100 2027 2154 et
2062 2103 2241 2156 terra
2288 2098 2629 2157 desiderat
2663 2098 2839 2173 quod
2872 2115 3004 2156 non
3038 2096 3287 2169 laudat,
3341 2101 3542 2169 atque
3575 2094 3751 2152 inter

655 2213 1015 2282 utrumque
1066 2203 1229 2261 haec
1263 2201 1382 2260 tali
1431 2200 1626 2259 modo
1659 2215 1880 2274 pugna
1929 2203 2058 2272 est,
2096 2202 2407 2275 quamvis
2457 2201 2900 2260 instrumenta
2932 2198 3051 2259 Dei
3086 2199 3240 2258 sint.
3276 2198 3534 2273 Corpus
3567 2197 3747 2256 enim

655 2319 930 2389 propter
972 2315 1249 2388 gustum
1297 2307 1518 2366 carnis
1566 2313 1914 2381 peccatum
1966 2308 2251 2384 appetit,
2306 2307 2527 2367 anima
2573 2324 2732 2368 vero
2784 2307 2910 2367 hoc
2958 2306 3250 2383 undique
3300 2304 3631 2382 prohibet,
3682 2309 3752 2363 et

653 2422 878 2474 tamen
912 2428 1117 2472 unum
1152 2412 1670 2470 instrumentum
1702 2408 1817 2467 Dei
1854 2415 2030 2468 sunt.

749 2515 874 2576 Sed
924 2515 992 2573 hi
1029 2514 1110 2574 ad
1161 2529 1330 2588 quos
1366 2528 1586 2572 sermo
1639 2513 1766 2572 iste
1798 2519 1935 2588 est,
1987 2530 2298 2589 pompam
2330 2515 2582 2575 saeculi
2632 2521 2833 2590 atque
2866 2518 3187 2588 punctum
3219 2511 3752 2572 conversationis

659 2636 853 2680 suum
907 2635 1109 2679 unum
1143 2633 1295 2677 esse
1344 2617 1594 2692 dicunt;
1633 2618 1750 2677 sed
1796 2618 1922 2676 hoc
1959 2619 2025 2677 in
2074 2620 2404 2694 sapientia
2440 2637 2570 2678 non
2612 2625 2737 2679 est.
2774 2620 2909 2696 Ipsi
2944 2620 3122 2679 enim
3156 2618 3281 2678 hoc
3331 2619 3422 2678 ita
3454 2632 3607 2678 esse
3640 2634 3755 2678 vo-

659 2725 824 2798 lunt,
862 2722 977 2782 sed
1015 2723 1107 2781 ita
1140 2736 1287 2780 esse
1322 2721 1588 2780 omnino
1620 2717 1670 2798 ²)
1701 2737 1830 2779 non
1863 2728 2107 2797 potest.
2144 2722 2561 2799 Quapropter
2593 2738 2807 2799 usque
2841 2723 2923 2783 ad
2955 2739 3171 2797 genua
3207 2722 3541 2782 incurvati
3573 2728 3750 2796 sunt,

658 2830 843 2887 velut
889 2827 1291 2886 Samaritani
1341 2825 1901 2901 incurvabantur,
1954 2828 2070 2903 qui
2118 2828 2333 2903 legem
2382 2829 2628 2889 habere
2663 2830 3054 2904 voluerunt,
3106 2835 3173 2889 et
3207 2830 3498 2889 alienum
3545 2829 3753 2890 Deum

658 2938 1127 2998 adoraverunt.
1184 2936 1366 2997 Unde
1432 2936 1544 2995 isti
1602 2936 1916 3011 operibus
1975 2938 2120 3013 his,
2180 2939 2365 2997 velut
2412 2938 2661 3014 pallida
2708 2939 2959 3013 nubeS,
3018 2939 3390 2999 obnubilati
3440 2944 3617 3012 sunt,
3655 2939 3749 2999 ita

659 3043 836 3120 quod
887 3043 1127 3103 ardens
1178 3044 1279 3103 sol
1326 3042 1538 3103 bonae
1588 3042 1974 3104 intentionis
2039 3046 2310 3121 regulae
2360 3045 2427 3105 in
2474 3047 2573 3106 eis
2622 3064 2750 3106 non
2800 3051 3109 3123 apparet3
3162 3050 3231 3106 et
3279 3046 3425 3107 ideo
3475 3062 3754 3123 magnae

659 3150 1096 3225 tempestates
1147 3149 1542 3223 injuriarum
1578 3165 1780 3225 super
1830 3150 2011 3225 ipsos
2047 3151 2311 3210 cadunt:
2363 3151 2622 3210 scilicet
2655 3150 2831 3226 quod
2873 3151 3054 3209 servi
3090 3150 3354 3210 illorum
3392 3158 3570 3226 sunt,
3607 3154 3754 3229 qui-

658 3258 784 3316 bus
833 3263 1105 3332 propter
1154 3256 1507 3316 servitium
1553 3254 1669 3314 Dei
1722 3256 1786 3314 in
1834 3256 2085 3317 honore
2133 3258 2464 3318 dominari
2514 3258 2911 3332 debuerunt,
2963 3259 3080 3317 sed
3133 3258 3268 3317 illis
3320 3257 3748 3331 famulantum

659 3362 971 3438 quoniam
1021 3361 1134 3420 ille
1183 3359 1523 3420 ardentem
1574 3360 1783 3419 solem
1836 3360 1899 3419 in
1947 3362 2049 3420 eis
2081 3379 2211 3421 non
2259 3363 2461 3423 videt.
2515 3363 2727 3424 Homo
2777 3365 2956 3424 enim
3006 3362 3225 3423 factus
3273 3363 3399 3437 est,
3435 3368 3505 3423 et
3550 3378 3751 3440 opera

661 3468 883 3539 habet3
935 3468 1223 3526 virtutes
1259 3472 1480 3525 autem
1531 3465 1678 3524 laus
1714 3472 1901 3541 sunt,
1952 3474 2018 3526 et
2052 3484 2165 3527 eas
2217 3468 2413 3529 homo
2450 3470 2516 3528 in
2549 3469 2798 3545 Spiritu
2835 3469 3074 3529 Sancto
3111 3469 3193 3529 ad
3225 3468 3569 3530 dexteram
3602 3484 3754 3546 ope-

663 3574 870 3641 ratur3
910 3567 991 3627 ad
1026 3568 1368 3627 sinistram
1403 3583 1563 3627 vero
1597 3582 1746 3625 cum
1796 3567 2128 3627 diabolica
2164 3570 2360 3629 turba
2394 3571 2476 3631 ad
2511 3573 2904 3649 Aquilonem
2940 3571 3169 3632 tendit.

2123 3790 2296 3865 VII.

751 4008 992 4068 Audite
1040 4025 1219 4085 ergo:
1258 4011 1626 4085 Ignominia
1675 4027 1847 4087 quae
1881 4013 2205 4074 virtutum
2259 4015 2528 4076 inimica
2559 4020 2700 4092 est,
2754 4034 2884 4078 uno
2919 4019 3107 4093 pede,
3159 4018 3364 4078 simili
3398 4019 3551 4095 pedi
3585 4021 3754 4080 arie-

664 4115 790 4186 tis,
845 4114 1016 4173 inter
1063 4130 1186 4174 vos
1236 4116 1558 4191 ambulat,
1610 4117 1726 4177 ubi
1775 4118 1856 4176 ad
1906 4133 2122 4192 genua
2173 4120 2505 4182 incurvati
2570 4122 2753 4181 estis.
2821 4120 2946 4181 Sed
2996 4122 3280 4198 probum
3328 4123 3607 4184 militem
3655 4129 3752 4183 at-

663 4217 933 4290 tendite,
979 4224 1047 4278 et
1080 4219 1268 4285 illum
1306 4222 1680 4297 imitamini3
1718 4226 1834 4300 qui
1868 4227 2045 4284 enim
2076 4219 2124 4303 ⁸)
2162 4242 2389 4285 coram
2424 4229 2713 4287 inimicis
2749 4230 2892 4290 suis
2927 4245 3129 4303 super
3160 4245 3377 4305 genua
3410 4231 3746 4305 ceciderit,

663 4318 885 4393 gladio
934 4325 1156 4379 tamen
1190 4338 1263 4380 se
1311 4322 1627 4398 defendit,
1664 4331 1730 4386 et
1779 4327 1872 4387 ita
1907 4328 2303 4386 multociens
2339 4331 2703 4404 resumptis
2736 4330 3016 4405 viribuS‚
3054 4330 3483 4391 laudabiliter
3514 4334 3746 4407 surgit.

753 4423 1023 4483 Studete
1074 4427 1327 4504 itaque,
1380 4436 1453 4489 ut
1500 4431 1809 4490 inimicos
1842 4436 2106 4492 vestros
2154 4433 2377 4508 gladio
2427 4436 2771 4496 occidatis,
2825 4436 3101 4496 Gladius
3149 4437 3326 4495 enim
3373 4439 3600 4497 vester
3649 4443 3751 4497 est

663 4530 1062 4593 obedientia.
1111 4535 1191 4594 Et
1239 4537 1509 4611 regulae
1559 4544 2070 4612 praeceptorum
2117 4540 2520 4614 negligentia
2572 4548 2773 4617 atque
2823 4542 3138 4619 superbia
3187 4549 3254 4603 et
3301 4542 3552 4605 oblivio
3602 4562 3752 4605 con-

659 4639 1068 4700 versationis
1117 4650 1413 4717 vestrae,
1453 4660 1492 4702 a
1540 4643 1785 4718 quibus
1821 4644 1947 4702 hoc
1994 4645 2188 4705 modo
2222 4647 2470 4706 devicti
2518 4649 2718 4724 estis,
2772 4649 2946 4724 quod
2981 4650 3185 4710 etiam
3232 4650 3343 4709 vix
3393 4666 3596 4727 super
3644 4666 3753 4726 ge-

664 4760 794 4805 nua
831 4746 1050 4805 statiS.

754 4855 1062 4912 Attamen
1113 4859 1375 4929 tempus
1424 4870 1785 4929 pressurae
1833 4861 1899 4913 et
1933 4854 2430 4930 destructioniS‚
2483 4857 2794 4917 videlicet
2829 4857 3144 4934 ponderis
3197 4858 3402 4932 illius,
3454 4873 3585 4933 quo
3622 4872 3750 4915 uva

666 4962 732 5019 in
789 4958 1110 5018 torculari
1160 4958 1523 5034 premitur,
1576 4957 1865 5016 nondum
1916 4958 2132 5017 venit.
2184 4957 2307 5016 Sed
2366 4965 2586 5018 tamen
2635 4977 2808 5019 nunc
2857 4961 3260 5020 vilissimum
3312 4966 3574 5037 tempus
3623 4962 3747 5033 est;

738 5146 778 5213 ¹)
820 5148 1161 5203 destinabant
1190 5148 1276 5202 W.
1312 5179 1376 5187 -—
1423 5149 1468 5216 ²)
1497 5152 1682 5204 omnia
1708 5148 1799 5202 W.
1841 5180 1896 5187 —
1924 5146 1966 5214 ³)
1993 5165 2109 5202 eum
2137 5162 2294 5220 apog.
