4036 6117
751 474 883 538 572
1918 498 1970 542 s,
2025 492 2563 543 ntLDEGAnnts

651 620 894 695 'gelico
942 622 1181 682 ordini.
1218 621 1359 682 Hoc
1408 626 1563 681 sunt
1600 621 1906 683 monachi
1955 630 2025 683 et
2060 624 2376 699 virgines,
2432 625 2495 684 in
2532 625 2789 701 integra
2842 628 3063 686 tunica
3113 618 3392 701 Christi,
3430 628 3548 704 qui
3580 627 3772 687 etiam

678 734 833 789 sunt
884 728 1216 788 fenestrae
1246 727 1644 799 Jerusalem,
1696 744 1870 803 quae
1901 743 1981 787 ex
2032 729 2397 804 purissimo
2442 746 2607 791 auro
2645 730 2952 790 fulminat
2988 732 3053 790 in
3088 732 3340 791 virtute
3375 733 3567 791 solis.
3601 730 3773 791 Unde

680 834 739 895 si
772 834 928 910 quis
966 838 1291 909 tyrannus
1338 832 1675 891 cucullam
1712 833 2065 908 integram,
2117 834 2378 894 scilicet
2415 834 2707 895 tunicam
2758 835 3034 909 Christi,
3072 836 3356 909 exuerit,
3395 851 3636 894 manus
3665 833 3779 892 Do-

678 938 842 999 mini
892 938 1080 998 illurn
1115 936 1396 1010 occidet,
1451 938 1626 996 sicut
1657 935 1869 997 David
1920 938 2108 998 illum
2149 940 2212 998 in
2265 939 2362 999 ira
2396 956 2519 1000 sua
2567 939 2987 1015 dijudicavit,
3037 939 3152 1015 qui
3187 938 3457 999 Saulem
3505 938 3771 1007 occidit,

678 1043 839 1120 quia
889 1045 1174 1121 lapidem
1227 1045 1438 1105 rabiei
1489 1044 1556 1103 in
1599 1046 1840 1104 turrim
1884 1044 2256 1106 Jerusalem
2300 1046 2577 1123 jactant.
2627 1046 2813 1106 Nunc
2860 1047 3034 1121 elige
3082 1045 3244 1117 tibi,
3304 1046 3483 1123 quod
3535 1046 3771 1105 bonum

681 1149 794 1216 sit.
833 1148 926 1209 ita
959 1149 1138 1226 quod
1173 1148 1508 1209 cucullam
1545 1162 1698 1208 cum
1733 1150 1884 1224 igne
1919 1149 2192 1225 habeaS,
2229 1154 2295 1211 et
2329 1150 2396 1211 in
2429 1156 2777 1212 aeternum
2809 1150 3021 1210 viveS.

2141 1360 2314 1421 CLV.

1424 1516 1764 1595 Bertholfo
1795 1515 2006 1577 abbati
2039 1518 2118 1576 de
2157 1516 2547 1578 Zwiveldtm
2581 1517 3027 1596 HildeqardiS.
3108 1510 3131 1528 ‘

749 1661 1039 1721 Modicum
1065 1668 1124 1718 et
1153 1666 1579 1734 temporaneum
1607 1660 1999 1718 tribulationis
2026 1666 2377 1717 momentum
2405 1677 2527 1717 esse
2552 1661 2654 1717 ait.

765 1804 817 1865 Ο
855 1811 928 1866 tu
975 1804 1220 1878 anima,
1265 1804 1574 1881 quamvis
1608 1803 1674 1863 in
1717 1803 2022 1879 proxima
2058 1803 2491 1863 tribulatione
2525 1803 2895 1864 constituta
2927 1803 3047 1875 εἰς,
3084 1803 3304 1878 gratia
3335 1799 3455 1861 Dei
3490 1807 3559 1861 te
3592 1814 3774 1877 prae·

678 1911 922 1985 veniet,
974 1915 1044 1968 et
1074 1910 1443 1984 tempestas
1494 1912 1606 1967 tua
1641 1916 1772 1967 non
1819 1907 1950 1967 erit
1983 1906 2232 1981 valida,
2270 1912 2338 1967 et
2371 1922 2524 1966 cum
2558 1913 2785 1967 aestas
2818 1904 3230 1983 apparuerit,
3268 1905 3595 1982 gaudium
3627 1902 3770 1963 erit.

678 2016 813 2076 Iste
846 2029 1080 2075 carcer
1126 2011 1464 2089 inquietus
1496 2017 1624 2085 est,
1663 2011 1975 2071 similiter
2010 2008 2153 2088 (fol.
2193 2010 2350 2089 117)
2388 2014 2461 2071 ut
2493 2011 2658 2072 vitia
2691 2018 2758 2071 et
2792 2012 3080 2071 virtutes
3118 2011 3185 2071 in
3219 2010 3534 2071 omnibus
3568 2006 3774 2067 homi-

679 2120 875 2179 nibus
909 2120 1082 2178 sunt.
1120 2112 1358 2177 Anima
1408 2117 1521 2176 illa
1555 2131 1686 2193 que
1736 2115 1802 2175 in
1836 2114 1960 2176 hac
2008 2115 2151 2175 vita
2184 2116 2407 2191 posita
2452 2121 2581 2191 est,
2617 2119 2684 2176 et
2733 2123 2956 2177 tamen
3000 2116 3258 2192 fulgore
3298 2115 3464 2176 solis
3500 2129 3639 2174 non
3672 2128 3774 2172 ca-

679 2230 807 2293 ret,
848 2224 912 2283 in
945 2222 1187 2297 gaudio
1221 2221 1617 2296 gaudiorum
1666 2220 1818 2295 erit,
1879 2220 1972 2279 ita
2022 2217 2233 2278 honor
2282 2224 2670 2280 sanctorum
2720 2221 2914 2280 valde
2962 2220 3330 2294 cribratur,
3383 2218 3502 2278 sed
3552 2220 3770 2277 tamen

681 2329 746 2387 in
783 2326 977 2387 laude
1013 2341 1281 2402 semper
1314 2329 1441 2399 est,
1480 2324 1636 2400 quia
1652 2320 1886 2397 justus
1919 2326 1974 2383 si
2005 2329 2215 2382 morte
2244 2330 2768 2402 praeoccupatus
2791 2327 3028 2403 fuerit,
3058 2327 3130 2384 in
3164 2326 3520 2403 refriqerio
3544 2323 3694 2381 erit.
3724 2314 3767 2397 ¹)

681 2434 860 2494 Unde
893 2449 1014 2510 per
1045 2431 1362 2508 gaudium
1397 2431 1689 2490 taedium
1727 2446 1856 2490 non
1891 2430 2084 2504 habe,
2123 2430 2281 2506 quia
2317 2429 2382 2489 in
2420 2430 2549 2490 ista
2583 2428 2872 2506 sphaera
2904 2435 3337 2505 computatus
3366 2444 3464 2488 es,

2125 2639 2328 2701 CLVI.

1365 2807 1747 2884 Maneqoldo
1793 2806 2003 2866 abbati
2044 2808 2123 2866 de
2159 2808 2517 2884 Hirsauqia
2558 2806 3000 2884 HildeqardiS.
3032 2800 3082 2886 ²)

753 2957 817 3015 ln
844 2959 958 3013 Deo
986 2957 1313 3012 nauclerum
1341 2971 1484 3018 esse,
1512 2956 1606 3012 cui
1635 2954 2029 3012 confidendum
2058 2954 2326 3013 ostendit.

766 3105 819 3164 Ο
865 3110 941 3164 tu
989 3117 1298 3179 persona,
1352 3100 1505 3176 fuge
1554 3102 1993 3176 tempestates
2041 3104 2109 3161 et
2155 3100 2345 3174 vitia,
2399 3116 2572 3177 quae
2618 3099 2703 3160 ad
2753 3099 3260 3160 vicissitudines
3309 3100 3770 3176 squalidorum

678 3223 941 3269 morum
989 3206 1284 3280 tendent,
1319 3211 1389 3265 et
1435 3205 1826 3264 nauclerum
1868 3206 1982 3280 qui
2037 3203 2100 3262 in
2150 3220 2351 3264 manu
2397 3204 2622 3264 navim
2672 3220 2866 3265 suam
2910 3205 3264 3280 gubernat,
3314 3221 3448 3265 non
3494 3203 3767 3275 habeaS,

681 3313 858 3372 sicut
913 3311 1214 3370 villicum
1262 3309 1379 3385 qui
1429 3308 1763 3368 interdum
1815 3308 1880 3367 in
1928 3308 2378 3384 amplexione,
2433 3307 2764 3369 interdum
2814 3308 2881 3367 in
2927 3309 3265 3370 oblivione
3311 3316 3438 3369 est.
3488 3309 3661 3368 Nam
3707 3309 3768 3368 in

679 3416 944 3475 hortum
980 3420 1172 3473 tuum
1205 3412 1307 3473 sic
1353 3412 1634 3488 aspicis,
1671 3410 1847 3487 quod
1882 3411 2156 3487 gaudeS‚
2207 3410 2472 3487 quando
2514 3411 2935 3488 prosperitas
2968 3412 3147 3473 sicut
3191 3411 3296 3473 sol
3331 3410 3670 3486 fulminat,
3702 3416 3767 3469 et

676 3520 853 3595 quod
905 3518 1247 3592 irasceris,
1300 3516 1564 3594 quando
1603 3517 1669 3575 in
1718 3515 1922 3575 nimia
1974 3515 2432 3591 inquietudine
2480 3518 2723 3578 nebula
2758 3516 3000 3594 surgit3
3051 3517 3271 3578 sedin
3304 3517 3431 3578 hac
3478 3527 3763 3593 utraque

679 3629 872 3698 parte
921 3622 1315 3698 patientiam
1361 3619 1563 3690 habe,
1599 3635 1813 3695 usque
1846 3618 2005 3680 dum
2039 3619 2215 3680 Deus
2265 3620 2388 3680 tibi
2432 3627 2804 3682 succurrat.
2857 3622 2940 3682 Ut
2970 3627 3195 3682 autem
3237 3621 3616 3682 turbareris
3664 3620 3769 3681 fie-

678 3727 731 3785 ri
767 3724 1091 3800 oportuit,
1143 3739 1350 3800 quum
1384 3723 1657 3800 quidam
1704 3740 1906 3785 casus
1940 3723 2084 3785 sine
2118 3741 2281 3786 cura
2332 3726 2397 3785 in
2434 3728 2766 3788 conviviis
2807 3734 3021 3804 erant,
3073 3744 3246 3804 quos
3289 3734 3513 3788 tamen
3558 3727 3634 3787 in
3664 3742 3769 3803 pe-

679 3829 892 3888 riculo
927 3828 1111 3887 velut
1158 3826 1580 3903 naufragium
1616 3844 1746 3888 non
1779 3828 1995 3891 video,
2050 3829 2192 3890 Hoc
2241 3831 2446 3890 etiam
2480 3832 2702 3892 locum
2752 3837 2941 3892 tuum
2989 3833 3056 3892 in
3102 3832 3544 3908 dissipatione
3594 3829 3770 3906 aspi·

673 3936 799 4008 ciO,
841 3935 958 3993 sed
997 3936 1230 4010 igneus
1266 3935 1578 3995 incensor
1610 3950 1728 3994 cor
1764 3937 1947 3995 tuum
1986 3935 2328 3996 accendat.
3380 3919 3395 3934 ’

2104 4144 2337 4206 CLVII.

1620 4296 1938 4358 Eberoldo
1996 4295 2320 4357 sacerdoti
2367 4296 2812 4375 HildeqardiS.

740 4455 1009 4512 Sacerdos
1036 4456 1222 4512 hostia
1248 4454 1350 4519 sit,
1381 4460 1447 4511 ut
1474 4454 1597 4511 ovis
1622 4454 1691 4509 ad
1718 4453 2083 4511 occisionem.

755 4591 916 4651 Vide
962 4592 1353 4667 diligentius
1403 4593 1469 4652 in
1504 4609 1637 4669 qua
1670 4593 1780 4653 via
1829 4594 2160 4669 ambules,
2210 4596 2369 4671 quia
2418 4611 2609 4656 mens
2657 4602 2773 4656 tua
2804 4598 2912 4658 est
2956 4595 3152 4673 quasi
3184 4607 3347 4672 ager
3393 4595 3508 4673 qui
3559 4596 3759 4657 susti-

662 4712 820 4756 nere
868 4712 999 4756 non
1046 4702 1304 4772 potest,
1364 4698 1541 4773 quod
1591 4699 1861 4758 strenue
1910 4713 2064 4758 cum
2115 4704 2340 4761 aratro
2388 4700 2773 4776 scindatur,
2824 4701 2945 4760 sed
2992 4701 3114 4763 tibi
3163 4701 3357 4762 adest
3404 4708 3477 4762 ut
3525 4703 3755 4777 planas
3806 4743 3833 4758 Ἢ

665 4804 834 4877 vias,
871 4801 953 4861 ad
1004 4802 1218 4862 altare
1272 4799 1405 4861 Deo
1456 4802 1918 4877 sacrificandO,
1957 4804 2283 4864 ambules
2334 4806 2519 4865 Nunc
2574 4806 2727 4865 vide
2774 4805 2953 4882 quod
3000 4807 3149 4866 ovis
3195 4821 3367 4882 quae
3415 4805 3499 4865 ad
3548 4805 3757 4865 altare

662 4908 978 4991 ‹ji-ucitur,
1010 4907 1233 4993 funem
1269 4921 1582 4983 rumpere
1616 4924 1747 4967 non
1781 4908 2000 4981 debet,
2055 4907 2342 4969 alienam
2377 4911 2553 4970 viam
2589 4911 2949 4986 aspiciens,
2986 4911 3144 4987 quia
3190 4925 3421 4970 omnes
3470 4910 3756 4985 injustae

665 5016 810 5074 viae
848 4996 962 5073 aut
998 5013 1104 5073 hic
1139 5019 1255 5074 aut
1290 5014 1356 5072 in
1396 4997 1621 5072 futuro
1656 5014 1927 5073 saeculo
1964 5015 2348 5090 purgandae
2382 5022 2558 5076 sunt.

740 5183 779 5250 ¹)
808 5183 934 5255 Sap.
965 5184 1062 5246 lv,
1091 5189 1138 5239 7.
1167 5188 1285 5250 —²)
1313 5184 1639 5256 scripturae
1669 5183 1874 5241 veteris
1906 5183 2140 5254 vestigia
2166 5186 2391 5257 pumice
2412 5185 2719 5252 eradicata,
2747 5186 3011 5244 videntur
3031 5187 3182 5244 hunc
3208 5185 3442 5243 titulum
3467 5184 3748 5243 inducere.
