4036 6117
1385 517 1621 565 Lmen
1668 515 1870 563 v1rAE
1915 513 2404 562 unm-ronuta.
2454 515 2513 560 P.
2564 511 2629 559 v.
3357 492 3485 555 195

460 634 826 713 ignoscere.
876 635 1041 698 Nam
1095 634 1304 696 Filius
1351 635 1469 694 Dei
1521 636 1584 694 in
1641 633 1973 710 corporali
2024 634 2166 693 vita
2229 632 2521 707 Virginis
2579 631 2720 691 sine
2768 632 3042 706 peccato
3086 634 3449 702 conceptus
3483 635 3550 687 et

464 746 662 799 natus
709 748 837 815 est,
874 746 940 800 et
974 741 1074 800 sic
1108 741 1173 799 in
1224 738 1597 798 innocentia
1632 755 1754 796 sua
1786 737 2178 812 permansit,
2216 752 2366 794 cum
2404 737 2547 809 ipse
2582 735 2679 793 sic
2714 734 2897 792 solus
2925 733 3152 808 justus
3196 737 3385 791 ortus
3418 738 3544 803 est;

459 841 633 901 unde
669 859 957 920 superno
985 843 1166 902 Patri
1202 859 1322 901 suo
1358 842 1632 917 placuit,
1671 841 1846 916 quod
1875 841 2042 916 ipsis
2077 843 2482 914 potestatem
2516 838 2684 897 hanc
2718 837 2930 909 daret,
2974 842 3047 894 ut
3083 836 3215 894 illis
3248 836 3363 910 qui
3396 852 3553 909 poe·

458 948 803 1007 nitentiam
843 947 1158 1021 facerent,
1195 947 1472 1021 peccata
1504 945 1937 1004 dimitterent.
1974 937 2020 1020 ¹)
2057 942 2181 1002 Sed
2217 943 2311 1002 illi
2348 942 2462 1018 qui
2504 943 2572 1001 in
2605 942 2900 1016 peccatis
2934 945 3440 1012 conversantur,
3478 945 3546 999 et

455 1056 520 1113 in
552 1052 848 1127 peccatis
895 1065 1330 1127 perseverare
1369 1050 1624 1122 volunt,
1677 1049 2012 1123 genimina
2060 1049 2444 1123 viperarum
2487 1046 2823 1118 dicuntur,
2861 1045 3018 1121 quia
3054 1045 3118 1103 in
3153 1043 3543 1118 deceptione

445 1157 716 1231 viperae
757 1155 1060 1230 concepti
1096 1161 1274 1227 sunt;
1313 1155 1628 1230 quoniam
1663 1152 1872 1213 Adam
1906 1157 1973 1211 et
2005 1152 2141 1211 Eva
2177 1151 2470 1225 regalem
2504 1151 2710 1209 vitam
2746 1150 2812 1207 in
2846 1149 3232 1223 semetipsis
3258 1148 3540 1207 dilania-

452 1264 707 1317 verant:
744 1262 1154 1332 quapropter
1203 1256 1404 1315 etiam
1438 1261 1737 1315 sanctam
1790 1255 2237 1314 innocentiam
2269 1252 2726 1329 perdiderunt,
2763 1258 2829 1311 et
2863 1252 3035 1312 filios
3070 1268 3232 1312 suos
3268 1252 3332 1311 in
3368 1266 3542 1311 mor-

446 1361 778 1421 talitatem
810 1367 1238 1435 peccatorum
1273 1363 1666 1434 genuerunt,
1702 1358 1910 1417 donec
1944 1358 2190 1417 munda
2223 1373 2423 1416 carne
2459 1357 2608 1417 Filii
2642 1357 2760 1416 Dei
2797 1357 3117 1416 vivificati
3153 1362 3329 1417 sunt.

533 1464 640 1523 35.
670 1463 749 1522 Et
783 1464 934 1538 quis
963 1462 1330 1535 hominurn,
1363 1462 1486 1520 hoc
1519 1460 1713 1520 modo
1743 1461 1809 1520 in
1834 1461 2132 1536 peccatis
2165 1461 2612 1533 nascentium,
2647 1458 3135 1519 demonstravit
3164 1459 3384 1534 vobiS‚
3421 1461 3537 1537 qui

442 1567 646 1625 etiam
682 1565 747 1624 in
795 1565 1026 1624 multis
1075 1564 1470 1624 criminibus
1517 1564 1711 1637 estiS,
1766 1563 1994 1637 sugere
2045 1564 2628 1639 supervenientem
2665 1563 3028 1622 vindictam
3062 1563 3536 1638 indignationis

440 1668 703 1729 Domini
738 1667 881 1727 sine
915 1666 1359 1742 poenitentia?
1402 1667 1541 1737 Quo
1576 1666 1753 1725 dicto
1787 1666 2187 1740 ostenditur,
2225 1666 2405 1742 quod
2441 1666 2638 1725 homo
2673 1666 2991 1725 ultionem
3027 1665 3146 1724 Dei
3181 1667 3363 1725 nullo
3400 1684 3538 1728 mo-

448 1773 534 1834 do
567 1771 861 1848 effugere
895 1777 1134 1846 potest,
1173 1771 1330 1847 quia
1363 1786 1485 1831 nec
1517 1771 1773 1847 primus
1808 1771 2109 1844 angeluS,
2147 1786 2268 1829 nec
2294 1771 2526 1844 Adam,
2556 1786 2676 1830 nec
2705 1771 2820 1831 filii
2848 1769 2995 1845 ejus
3027 1771 3207 1830 illam
3234 1770 3529 1845 effugere

442 1882 827 1954 potuerunt,
867 1876 1180 1952 quoniam
1216 1874 1527 1951 quisquis
1561 1877 1791 1934 contra
1822 1873 2030 1933 Deum
2065 1874 2150 1933 ab
2190 1875 2378 1933 initio
2411 1876 2757 1950 pugnavit,
2805 1876 3026 1934 victus
3074 1876 3334 1938 cecidit.
3370 1874 3563 1957 Ope-{

438 1981 681 2042 ramini
709 1986 880 2056 'ergo
915 1979 1133 2039 fidelia
1168 1995 1396 2054 opera,
1435 1984 1502 2037 et
1535 1984 1610 2037 ut
1644 1995 1680 2037 a
1714 1980 2010 2053 peccatis
2048 1979 2443 2053 liberemini,
2482 1979 2767 2038 fideliter
2811 1980 2876 2038 in
2909 1980 3113 2039 Deum
3149 1982 3425 2055 credite,
3462 1988 3529 2041 et

436 2088 795 2147 lacrimosa
828 2086 1127 2145 oratione
1172 2085 1302 2160 ipsi
1337 2084 1890 2160 appropinquate,
1929 2099 2007 2143 ac
2044 2100 2250 2158 prava
2284 2099 2488 2158 opera
2523 2089 2748 2143 vestra
2783 2084 3162 2159 relinquite,
3198 2089 3265 2146 et
3297 2103 3532 2146 unum-

436 2189 745 2267 quodque
772 2191 914 2250 solo
941 2190 1112 2249 bono
1146 2204 1346 2264 opere
1381 2187 1688 2247 redimite
1715 2203 1885 2263 quae
1921 2188 2143 2247 omnia
2176 2186 2377 2262 digna
2412 2194 2569 2247 sunt
2610 2188 3039 2263 poenitentia,
3077 2192 3143 2248 et
3189 2192 3525 2250 veraciter

429 2296 652 2355 dicite:
675 2294 796 2366 Ah,
819 2294 943 2353 Ah!
970 2293 1266 2366 Domine,
1285 2290 1334 2367 ²)
1366 2292 1529 2351 haec
1555 2298 1830 2366 peccata
1862 2291 1987 2351 feci
2013 2308 2240 2351 coram
2269 2292 2355 2351 te!
2383 2292 2508 2351 Sed
2535 2296 2601 2352 et
2626 2308 2744 2368 per
2772 2291 3006 2352 falsam
3030 2293 3359 2367 justitiam
3389 2312 3520 2355 non

436 2401 704 2473 dicatiS,
727 2398 902 2475 quod
922 2397 1377 2457 defensionem
1399 2396 1706 2455 habeatis
1735 2396 1800 2454 in
1819 2395 2178 2469 Abraham,
2202 2397 2309 2454 cui
2328 2396 2503 2455 Deus
2533 2397 2742 2456 multa
2769 2397 3092 2456 miracula
3119 2398 3432 2466 ostendit.
3455 2408 3524 2459 et

436 2504 545 2562 cui
580 2503 844 2562 initium
877 2501 1129 2560 veteris
1164 2499 1572 2559 Testamenti
1605 2498 1808 2573 dedit,
1847 2500 2003 2574 quia
2040 2500 2225 2557 solus
2259 2499 2434 2558 Deus
2468 2505 2535 2559 et
2570 2517 2699 2559 non
2732 2500 2907 2559 alius
2941 2517 3062 2560 vos
3097 2502 3383 2562 liberare
3411 2521 3525 2579 po-

441 2611 593 2670 test.
643 2609 822 2669 Unde
856 2613 924 2666 et
960 2608 1026 2666 in
1058 2605 1455 2672 certitudine
1490 2606 1603 2663 illa
1637 2620 1808 2680 quae
1856 2620 2015 2663 vera
2050 2611 2175 2679 est,
2211 2607 2567 2680 pronuntio
2602 2607 2819 2679 vobis,
2856 2608 2971 2682 qui
3005 2607 3171 2667 haec
3204 2609 3375 2668 bona
3407 2627 3522 2670 vo-

432 2714 690 2772 luntate
724 2711 993 2784 auditiS,
1030 2710 1207 2785 quod
1240 2710 1490 2767 virtute
1541 2709 1798 2782 gratiae
1833 2724 1994 2767 suae
2030 2711 2251 2783 potest
2287 2709 2565 2768 Creator
2598 2713 2991 2769 cunctorum
3037 2687 3120 2769 de
3154 2711 3521 2773 durissima

430 2815 681 2874 duritia
731 2813 1219 2873 incredulitatis
1254 2811 1620 2885 producere
1667 2811 1897 2870 fideles
1933 2810 2231 2870 homines
2267 2812 2349 2871 ad
2385 2813 2604 2885 ipsum
2639 2817 3078 2888 revertenteS,
3116 2814 3232 2889 qui
3274 2815 3519 2875 verita-

430 2925 563 2977 tem
613 2923 680 2976 et
710 2933 940 2976 veram
989 2915 1184 2975 fidem
1219 2915 1461 2989 colant,
1501 2920 1567 2973 et
1600 2911 1713 2989 qui
1749 2914 1866 2972 tilii
1901 2916 2206 2974 excelsae
2241 2916 2675 2975 beatitudinis
2717 2917 3030 2991 existant,
3067 2933 3383 2992 quoniam
3416 2918 3521 2977 Fi-

427 3022 559 3081 lius
591 3021 708 3080 Dei
742 3021 913 3096 lapis
948 3020 1289 3093 angularis
1324 3021 1450 3093 est,
1487 3019 1566 3078 de
1601 3035 1732 3094 quo
1767 3035 1998 3078 omnes
2028 3019 2306 3095 lapideS‚
2346 3020 2606 3080 scilicet
2641 3022 2876 3096 sancti,
2912 3023 3289 3098 germinant
3314 3030 3379 3083 et
3414 3039 3514 3084 re-

422 3125 868 3200 novabuntur,
904 3124 1062 3200 quia
1102 3124 1245 3199 ipse
1281 3128 1552 3182 sanetus
1587 3127 1714 3196 est,
1750 3124 1818 3182 et
1852 3122 1918 3181 in
1954 3123 2096 3198 ipso
2134 3124 2349 3182 sancti
2386 3124 2887 3197 permanebunt.

1824 3346 2099 3407 XXVIII.

1254 3546 1438 3618 Quod
1486 3545 1756 3606 solertia
1784 3544 2130 3621 justorum
2177 3550 2340 3608 vitia
2385 3551 2673 3626 repellit.

508 3755 615 3816 36.
650 3754 835 3827 Quod
887 3759 1109 3814 autem
1146 3754 1208 3812 in
1258 3754 1561 3828 praefata
1592 3754 1858 3827 nebula,
1897 3755 1961 3814 in
1994 3772 2127 3832 qua
2162 3757 2554 3818 multimoda
2587 3774 2833 3834 genera
2867 3762 3183 3822 vitiorum
3219 3769 3395 3836 sunt,
3435 3775 3507 3828 ut

420 3876 623 3936 supra
657 3864 999 3919 ostensum
1042 3862 1168 3932 est,
1204 3858 1404 3917 etiam
1444 3859 1551 3917 hic
1583 3859 1876 3935 quinque
1909 3861 2075 3919 vitia
2116 3860 2178 3919 in
2215 3858 2597 3936 hujusmodi
2634 3863 3034 3938 imaginibus
3069 3868 3341 3942 aspiciS‚
3382 3868 3507 3930 hoc

416 3965 524 4022 est
554 3960 729 4038 quod
767 3962 829 4020 in
865 3962 1156 4035 pessima
1190 3961 1579 4021 infidelitate
1615 3963 2011 4022 temerariae
2040 3965 2598 4039 precipitationis,
2637 3968 2701 4025 in
2728 3983 2860 4041 qua
2886 3967 3195 4028 diversae
3222 3972 3507 4032 varieta-

421 4072 524 4126 tes
572 4063 1009 4125 nefandorum
1057 4065 1377 4124 vitiorum
1425 4064 1834 4138 discurrunt,
1872 4069 1945 4126 ut
1976 4071 2585 4141 praemonstratum
2634 4076 2760 4142 est,
2812 4070 3013 4130 etiam
3065 4072 3173 4131 hic
3210 4075 3504 4150 quinque

416 4175 648 4230 contra
679 4169 972 4245 quinque
1007 4185 1247 4229 sensus
1281 4169 1570 4229 hominis
1604 4169 2023 4245 bacchantia,
2064 4173 2131 4230 in
2163 4174 2505 4246 perversis
2539 4173 2770 4248 figuris
2804 4180 2870 4233 et
2897 4175 3501 4249 significationibus

416 4274 556 4334 suis
591 4289 663 4333 se
694 4273 1060 4344 declarant,
1097 4274 1412 4350 quoniam
1446 4273 1610 4333 haec
1644 4274 1822 4333 omni
1857 4280 2100 4334 conatu
2136 4292 2374 4336 sensus
2408 4276 2703 4336 fidelium
2739 4277 3083 4338 hominum
3128 4279 3192 4339 in
3241 4287 3504 4342 contra-

415 4379 718 4438 rietatem
769 4377 1237 4452 perversitatis
1273 4378 1537 4437 irretire
1585 4380 1655 4438 et
1686 4384 2072 4452 pervertere
2123 4385 2469 4454 conantur,
2508 4383 2819 4456 quamvis
2853 4397 2931 4441 ea
2980 4383 3205 4442 divino
3244 4384 3503 4460 adjuto-

419 4484 517 4543 rio
544 4481 991 4557 perspicuitas
1017 4486 1084 4540 et
1111 4483 1388 4542 solertia
1404 4478 1453 4562 ³)
1476 4482 1811 4557 justorum
1840 4499 1878 4541 a
1903 4498 1974 4542 se
2002 4484 2306 4559 repellat,
2336 4500 2456 4544 nec
2484 4485 2598 4544 illa
2625 4486 2752 4545 sibi
2780 4485 3107 4547 dominari
3135 4490 3500 4562 permittat.

489 4695 531 4763 ¹)
556 4698 848 4754 dimitteret
869 4699 938 4755 A.
975 4729 1038 4739 —
1060 4700 1106 4766 2)
1132 4700 1257 4763 ach,
1283 4699 1413 4756 ach!
1442 4699 1667 4756 Domine
1689 4699 1781 4755 W.
1815 4730 1885 4740 —
1908 4698 1953 4766 ⁸)
1977 4701 2178 4757 solatia
2202 4699 2272 4763 Α.
2301 4702 2397 4764 W.
2425 4703 2712 4759 communi
2744 4701 2973 4774 ineptia.
