4036 6117
1237 532 1478 577 menn
1527 531 1729 575 VITAE
1780 528 2274 573 nnnrroncn.
2329 529 2383 571 ι).
2436 526 2498 570 v.
3219 509 3341 571 ⁵201

1729 762 2008 826 XXXIV.

1381 974 1577 1034 Verba
1629 976 1957 1034 Jeremiae
2002 978 2383 1053 prophetae.

417 1186 525 1248 47.
582 1184 698 1247 Ubi
732 1192 886 1245 sunt
929 1184 1274 1263 principes
1321 1188 1643 1260 qentium,
1681 1190 1742 1242 et
1777 1187 1890 1260 qui
1925 1185 2361 1244 dominantur
2396 1202 2595 1261 super
2627 1183 2884 1260 bestias,
2937 1206 3101 1264 quae
3140 1195 3291 1246 sunt
3342 1191 3413 1246 in

322 1293 545 1350 terra?
570 1292 682 1368 qui
706 1291 781 1349 in
813 1286 1035 1347 avibus
1062 1287 1223 1345 coeli
1258 1286 1525 1359 ludunt,
1562 1290 1676 1363 qui
1710 1296 2059 1363 argentum
2097 1290 2547 1347 thesaurizant
2576 1297 2638 1346 et
2667 1307 2930 1365 aurum,
2968 1293 3038 1349 in
3067 1309 3193 1367 quo
3226 1294 3418 1372 confi-

319 1394 492 1454 dunt
535 1395 849 1466 homines,
886 1397 948 1451 et
982 1408 1115 1451 non
1149 1397 1243 1450 est
1270 1392 1421 1470 finis
1449 1393 1911 1467 posssessionis
1937 1386 1982 1469 ¹)
2026 1394 2275 1466 eorum,
2327 1395 2440 1469 qui
2488 1402 2838 1469 arqentum
2870 1394 3223 1473 fabricant,
3249 1397 3299 1478 ²)
3351 1407 3414 1458 et

321 1500 600 1559 solliciti
633 1503 813 1571 sunt,
849 1516 970 1557 nec
1003 1502 1098 1556 est
1133 1497 1426 1555 inventio
1460 1514 1732 1572 operum
1765 1497 2057 1555 illorum.
2085 1491 2133 1573 ³)
2164 1496 2367 1571 CuJus
2396 1512 2637 1556 sensus
2664 1497 2820 1557 talis
2852 1506 2976 1560 est.
3011 1503 3135 1561 Ubi
3163 1513 3318 1566 sunt
3351 1511 3419 1568 et

316 1618 526 1681 quam
569 1599 943 1661 mercedem
975 1600 1072 1660 illi
1107 1599 1375 1672 habent,
1412 1599 1526 1675 qui
1563 1599 1911 1674 tyrannide
1945 1615 2065 1659 sua
2100 1605 2332 1675 gentes
2367 1602 2785 1676 opprimunt?
2818 1603 3085 1666 Scilicet
3119 1609 3185 1667 in
3220 1613 3419 1671 teter-

323 1706 521 1766 rimis
554 1711 623 1764 et
657 1705 724 1763 in
757 1702 1087 1779 squalidis
1121 1702 1314 1776 lociS,
1351 1717 1522 1776 quae
1556 1717 1758 1775 opera
1792 1717 2024 1761 eorum
2068 1703 2236 1777 ipsis
2268 1711 2862 1780 praeparaverunt,
2900 1713 3077 1783 sunt;
3116 1725 3193 1769 ac
3226 1728 3416 1787 prae·

319 1812 457 1870 mia
489 1808 859 1887 punitionis
909 1811 1331 1882 receperunt,
1377 1807 1692 1880 quoniam
1727 1806 1971 1882 legalia
2016 1813 2375 1882 praecepta
2412 1809 2847 1885 reliquerunt,
2885 1816 2952 1870 et
3000 1817 3313 1888 quoniam
3352 1820 3416 1877 in

310 1910 771 1975 dominatione
799 1911 935 1985 illa,
966 1926 1098 1986 qua
1130 1909 1396 1985 populis
1431 1909 1887 1985 praefuerunt,
1927 1926 1998 1969 se
2027 1912 2207 1986 ipsos
2242 1910 2404 1969 deos
2451 1909 2771 1987 fecerunt,
2813 1916 2880 1973 et
2913 1917 3224 1989 quoniam
3261 1922 3417 1980 sub-

315 2019 609 2080 stantias
637 2015 1025 2076 eorumdem
1049 2013 1393 2074 hominum
1422 2014 1488 2072 in
1517 2015 1803 2074 avaritia
1832 2019 2415 2090 consumpserunt.
2444 2015 2568 2085 Qui
2593 2016 2799 2075 etiam
2825 2016 3189 2079 dominium
3220 2039 3414 2084 suum

312 2124 633 2181 exercent
666 2134 869 2198 super
903 2118 1103 2193 feraS,
1141 2134 1314 2193 quae
1349 2118 1415 2177 in
1450 2117 1715 2178 feritate
1751 2135 1873 2177 sua
1909 2123 2087 2192 sunt,
2127 2119 2191 2177 in
2225 2124 2405 2178 terra
2432 2118 2596 2177 nihil
2624 2120 2753 2179 nisi
2781 2121 2957 2195 quod
2992 2122 3276 2185 bestiale
3311 2134 3416 2187 est

316 2228 639 2301 scientes3
677 2241 846 2301 quas
887 2223 1004 2283 isti
1038 2223 1105 2282 in
1152 2222 1401 2282 ditione
1437 2239 1556 2281 sua
1593 2222 1862 2290 habent,
1902 2222 2097 2297 quasi
2131 2238 2246 2281 eas
2285 2221 2590 2292 fecerint,
2639 2240 2766 2282 non
2814 2226 3187 2300 cogitantes
3237 2231 3413 2306 quod

313 2329 496 2391 Deus
531 2328 684 2389 illas
717 2328 818 2387 eis
853 2327 920 2387 in
953 2326 1349 2386 servitutem
1376 2321 1424 2404 ⁴)
1464 2326 1816 2401 creaverit3
1854 2328 1920 2385 et
1953 2326 2050 2385 sic
2084 2326 2504 2386 altitudinem
2532 2343 2609 2385 ac
2638 2328 3058 2389 latitudinem
3093 2348 3414 2407 superno-

315 2454 472 2498 rum
496 2436 972 2514 praemiorum,
994 2436 1267 2511 propter
1292 2433 1582 2509 pretium
1609 2434 1918 2509 propriae
1944 2434 2314 2493 voluntatis
2343 2449 2526 2507 suae,
2551 2435 2956 2511 relinquunt,
2980 2439 3135 2513 quia
3165 2439 3415 2501 faciunt

316 2540 502 2619 quod
533 2540 786 2601 volunt.
820 2539 984 2599 Nam
1034 2541 1290 2597 mentes
1325 2554 1481 2597 suas
1516 2537 1596 2596 ad
1631 2538 1836 2596 Deum
1872 2554 2001 2596 non
2036 2539 2323 2613 erigunt,
2364 2537 2476 2596 sed
2516 2540 2840 2599 avaritiae
2877 2544 3202 2616 serviunt;
3242 2546 3413 2605 unde

320 2647 385 2709 in
425 2647 723 2722 pessima
766 2643 1250 2705 tenebrositate
1284 2659 1415 2703 non
1463 2642 1595 2702 alia
1645 2660 1842 2719 quam
1876 2643 2188 2703 bestialia
2225 2645 2463 2704 merita
2502 2646 2851 2721 rccipiunt.
2905 2649 3027 2719 Qui
3076 2655 3142 2709 et
3178 2652 3242 2710 in
3276 2654 3416 2712 avi-

310 2754 467 2827 buS‚
504 2768 726 2814 aerem
760 2751 1290 2829 penetrantibus,
1320 2748 1576 2808 ludicra
1602 2749 2024 2825 voluptatum
2053 2766 2326 2808 suarum
2363 2749 2660 2825 implent;
2690 2758 2756 2810 et
2783 2754 3243 2829 symphoniam
3274 2756 3415 2834 Spi-

310 2856 490 2915 ritus
524 2854 771 2929 Sancti,
800 2869 953 2914 cum
978 2870 1108 2930 qua
1148 2853 1212 2912 in
1245 2852 1623 2928 praeceptis
1649 2851 1763 2910 Dei
1791 2852 2083 2927 gaudere
2116 2853 2457 2927 deberent,
2498 2854 2975 2932 relinquentes,
3014 2860 3259 2933 gaudia
3292 2878 3414 2922 sua

312 2960 376 3020 in
421 2974 644 3019 mores
691 2957 1044 3018 volucrum
1083 2958 1375 3030 vertunt,
1413 2956 1478 3015 et
1511 2971 1662 3015 cum
1696 2956 1795 3015 eis
1831 2956 2020 3016 varia
2054 2955 2447 3017 diversitate
2491 2958 3035 3020 inconvenienter
3081 2964 3336 3040 ludunt,
3363 2959 3411 3043 ⁵)

310 3070 377 3124 et
413 3064 561 3124 ideo
598 3078 877 3138 magnas
909 3077 1161 3137 poenas
1197 3060 1648 3134 sustinebunt,
1687 3061 2000 3136 quoniam
2028 3060 2161 3119 Deo
2190 3077 2319 3120 non
2354 3063 2673 3121 serviunt.
2705 3062 2825 3133 Qui
2855 3065 3056 3123 etiam
3090 3081 3209 3140 per
3244 3067 3414 3142 inju-

311 3174 459 3228 stas
510 3166 997 3244 acquisitiones
1031 3171 1098 3225 et
1144 3180 1263 3239 per
1297 3164 1547 3239 injusta
1582 3165 1788 3238 lucra,
1828 3170 2180 3238 argentum
2231 3166 2665 3225 mortalitatis
2715 3167 2846 3226 sibi
2892 3175 3299 3243 congregant
3345 3179 3413 3230 et

311 3288 556 3333 aurum
584 3270 1006 3348 perditioniS,
1045 3268 1110 3328 in
1144 3285 1275 3345 quo
1304 3284 1491 3344 spem
1528 3283 1741 3341 suam,
1779 3271 2046 3326 terrena
2080 3273 2147 3325 et
2180 3284 2309 3326 non
2342 3268 2661 3327 coelestia
2712 3271 3099 3344 sentientes,
3136 3275 3409 3347 ponu'nt;

316 3376 407 3452 ita
427 3373 609 3452 quod
627 3373 885 3433 nullum
910 3372 1292 3446 terminum,
1315 3372 1568 3431 nullum
1599 3369 1866 3429 modum
1894 3370 2275 3429 dilatationi
2293 3372 2769 3431 contractionis
2790 3387 2950 3431 suae
2970 3375 3407 3450 constituunt,

311 3480 473 3557 quia
508 3483 859 3555 argentum
885 3476 1095 3537 bonae
1124 3476 1466 3550 scientiae,
1497 3492 1628 3550 quo
1657 3474 2088 3533 sanctissima
2122 3490 2324 3549 opera
2354 3475 2419 3534 in
2446 3476 2725 3535 coelesti
2759 3476 3109 3537 harmonia
3144 3479 3412 3541 thesau-

311 3584 636 3655 rizantur,
687 3581 942 3654 nolunt3
979 3585 1047 3639 et
1094 3580 1252 3654 quia
1286 3593 1521 3638 aurum
1574 3578 1963 3653 sapientiae,
2016 3594 2147 3653 quo
2184 3578 2412 3637 fideles
2464 3578 2769 3638 homines
2803 3596 2954 3639 cum
3003 3580 3409 3643 discretione

307 3685 425 3744 Dei
454 3685 798 3759 sapienter
824 3688 1168 3758 reguntur,
1199 3689 1650 3742 contemnunt.
1680 3683 1840 3741 Nam
1871 3682 2096 3741 divina
2131 3687 2487 3758 praecepta
2518 3685 2582 3742 in
2608 3684 3086 3762 voluminibuS,
3132 3689 3317 3748 velut
3344 3691 3410 3748 in

311 3789 671 3866 privilegio
695 3782 769 3868 ⁶),
804 3804 886 3848 ne
920 3787 1240 3848 oblivioni
1277 3786 1648 3861 tradantur,
1681 3786 1797 3845 sed
1828 3792 1898 3846 ut
1924 3802 2045 3862 per
2064 3786 2286 3862 justos
2314 3793 2379 3846 et
2408 3794 2677 3847 sanctos
2706 3788 3009 3849 homines
3037 3793 3412 3866 complean—

310 3900 441 3967 tur,
497 3893 716 3970 posita
765 3899 942 3966 sunt;
994 3907 1166 3968 quae
1215 3892 1437 3950 omnia
1473 3891 1585 3950 isti
1637 3891 2010 3965 repudiant,
2049 3906 2127 3949 ac
2160 3892 2513 3951 mortalem
2552 3896 2904 3967 pecuniam
2953 3895 3082 3955 sibi
3127 3898 3403 3973 eligunt3

315 3997 490 4077 unde
534 3996 858 4057 mortales
905 3996 975 4054 in
1006 4000 1220 4054 morte
1267 3993 1425 4053 facti
1461 4001 1636 4054 sunt.
1672 3995 1795 4065 Qui
1829 4000 1896 4053 et
1944 3998 2295 4069 argentum
2332 3997 2396 4055 in
2429 3996 2733 4056 diversas
2785 3999 3043 4072 species
3079 4000 3410 4060 confiden-

310 4101 442 4160 tiae
479 4114 642 4160 suae
677 4097 951 4173 ducunt,
988 4103 1055 4157 et
1087 4097 1168 4156 de
1202 4098 1491 4156 terrenis
1525 4103 1591 4157 et
1625 4097 1897 4156 caducis
1935 4097 2409 4174 sollicitantur,
2462 4114 2543 4157 ne
2580 4099 2743 4174 ipsis
2793 4099 3205 4168 auferantur:
3244 4119 3408 4179 qua-

309 4211 587 4282 propter
635 4205 839 4264 etiam
879 4204 945 4263 in
993 4203 1175 4261 nulla
1210 4203 1590 4261 inventione
1640 4204 2183 4276 perseverantiae
2216 4219 2417 4276 opera
2452 4203 2750 4276 ipsorum
2786 4203 3029 4263 durare
3064 4212 3399 4282 poterunt,

313 4307 631 4384 quoniam
683 4306 748 4364 in
780 4304 1078 4364 vanitate
1125 4303 1321 4373 facta,
1363 4305 1427 4363 in
1460 4304 1758 4363 vanitate
1793 4320 2058 4380 quoque
2092 4304 2496 4363 dilabuntur.
2533 4305 2668 4380 Ipsi
2711 4307 2884 4364 enim
2922 4306 3117 4366 fidem
3151 4315 3225 4368 et
3252 4311 3406 4370 sub-

312 4411 668 4486 iectionem
711 4409 827 4467 Dei
877 4408 1290 4484 abjicientes,
1339 4408 1407 4494 in
1440 4408 1726 4467 terrenis
1776 4423 2237 4483 quaecumque
2272 4408 2400 4467 sibi
2437 4409 2721 4483 placent,
2763 4408 3036 4484 faciunt,
3081 4411 3399 4474 dicentes:

312 4513 548 4574 Omnia
596 4528 768 4589 quae
802 4510 977 4571 Deus
1025 4511 1171 4570 vult
1208 4510 1389 4585 facit,
1441 4517 1506 4570 et
1540 4528 1661 4571 nos
1694 4528 1770 4570 ea
1820 4527 1990 4586 quae
2041 4512 2350 4572 volumus
2402 4511 2746 4572 faciemus
2784 4513 2861 4571 Et
2896 4515 2992 4574 sic
3042 4517 3406 4576 sanctimo-

315 4609 493 4677 niam
524 4621 909 4676 sanctorum
943 4631 1245 4692 operum,
1276 4630 1447 4691 quae
1475 4632 1621 4674 cum
1653 4616 1844 4674 bonis
1873 4615 2239 4675 virtutibus
2273 4615 2767 4692 deargentatae,
2804 4621 2871 4678 et
2903 4636 3073 4694 quae
3102 4622 3167 4679 in
3202 4621 3406 4682 fabri-

318 4720 577 4779 catione
609 4721 935 4779 virtutum
983 4719 1169 4777 velut
1202 4719 1540 4794 elegantes
1587 4719 1837 4778 formae
1873 4725 2218 4795 apparent,
2257 4719 2337 4777 de
2373 4737 2442 4778 se
2479 4721 2823 4795 abjiciunt,
2863 4740 2938 4781 ac
2974 4739 3236 4783 omnem
3272 4727 3404 4784 sol-

319 4821 727 4883 licitudinem
780 4839 969 4882 suam
1021 4824 1085 4881 in
1130 4822 1485 4882 facultates
1535 4822 1923 4883 divitiarum
1973 4823 2341 4882 secundum
2390 4824 2725 4884 desideria
2776 4827 3077 4884 cordium
3127 4835 3400 4886 suoi-um

392 5090 435 5155 ¹)
461 5093 842 5164 acquisitionis
866 5093 1033 5163 Vulg.
1061 5125 1128 5135 —-
1154 5097 1199 5161 2)
1223 5096 1592 5154 Fabi-icantur
1615 5097 1686 5160 Α.
1715 5098 1805 5154 W.
1899 5102 2270 5155 convenienter
2296 5099 2571 5154 laetantur
2594 5097 2686 5153 W.
2719 5128 2785 5137 -—
2810 5098 2855 5164 ⁶)
2876 5098 3153 5168 Respectu
3177 5097 3243 5150 ad
3272 5096 3399 5152 Bul-

386 5176 430 5243 ἢ
471 5176 687 5232 Baruch
719 5177 822 5240 111.
865 5182 945 5233 ¹6.
991 5211 1050 5218 —
1084 5179 1127 5246 ⁴)
1165 5185 1420 5237 servitute
1443 5184 1520 5237 Ἀ.
1556 5215 1618 5223 -
1648 5185 1689 5251 ⁵)
1730 5187 1811 5240 in·
1901 5185 1982 5239 las
2013 5182 2278 5238 tabularii
2310 5182 2632 5238 monastici.

3164 5284 3202 5322 *
