4036 6117
683 450 815 510 242
1880 471 1932 515 s.
1996 471 2549 517 mmmoanors

2148 707 2271 767 XL.

1612 915 1816 975 Homo
1850 916 2166 992 quomodo
2214 916 2467 976 malum
2518 924 2806 995 superat.

742 1114 847 1179 62.
901 1119 1112 1179 Homo
1165 1126 1388 1178 autem
1438 1120 1613 1179 malo
1663 1136 1793 1179 non
1841 1120 2245 1196 dominatur,
2297 1121 2428 1180 nisi
2477 1123 2741 1199 quando
2802 1123 2963 1183 illud
3019 1122 3238 1183 facere
3274 1131 3560 1200 recusat;
3596 1139 3740 1184 oum

649 1238 812 1282 vero
848 1223 1096 1283 malum
1137 1220 1393 1298 fecerit,
1433 1237 1671 1283 servus
1706 1221 1851 1299 ejus
1885 1231 2007 1283 est.
2490 1215 2495 1220 ’

2123 1432 2276 1493 XLI.

1467 1642 1791 1714 Quomodo
1840 1646 2025 1703 homo
2073 1642 2296 1702 videre
2347 1644 2654 1703 coelestia
2693 1646 2922 1719 possit.

735 1852 840 1912 63.
892 1849 1017 1911 Sed
1051 1849 1249 1910 homo
1282 1848 1492 1909 Deum
1525 1848 1848 1923 deseruit,
1884 1854 1951 1908 et
1985 1850 2162 1909 malo
2192 1850 2734 1926 communicavit3
2770 1850 2942 1909 unde
2978 1849 3273 1927 quandiu
3309 1849 3375 1910 in
3407 1850 3533 1911 hac
3566 1850 3741 1911 cine-

643 1971 799 2016 rosa
830 1958 899 2016 et
945 1954 1196 2014 caduca
1229 1960 1411 2014 terra
1459 1954 1723 2029 vixerit,
1761 1969 1965 2028 puras
2012 1959 2078 2012 et
2112 1953 2581 2014 immaculatas
2615 1954 2998 2015 mansiones
3041 1954 3269 2015 videre
3304 1972 3433 2016 non
3465 1957 3733 2032 poterit,

642 2059 773 2119 nisi
808 2065 1132 2136 quantum
1165 2057 1343 2118 Deus
1380 2057 1477 2117 illi
1502 2051 1547 2135 ¹)
1583 2057 1988 2133 permiserit.
2030 2059 2193 2119 Cum
2229 2065 2451 2118 autem
2480 2059 2573 2118 ita
2600 2058 3066 2129 obdormierit,
3103 2060 3279 2135 quod
3316 2061 3383 2119 in
3408 2059 3606 2119 malis
3641 2059 3738 2119 ul-

642 2174 747 2226 tra
793 2182 927 2225 non
967 2163 1282 2240 evigilat,
1337 2165 1477 2223 tum
1527 2163 1910 2222 mansiones
1963 2163 2114 2222 illas
2150 2164 2611 2238 cognoscendo
2660 2164 2932 2225 videbit.
2967 2164 3229 2224 Etcum
3270 2163 3478 2223 Deum
3524 2163 3737 2223 intue-

640 2270 851 2344 bitur,
904 2268 1201 2328 omnium
1249 2273 1668 2326 terrenorum
1720 2267 2182 2341 obliviscetur,
2219 2268 2778 2344 quemadmodum
2828 2275 2896 2328 et
2930 2268 3152 2345 homo,
3188 2269 3520 2345 quomodo
3555 2266 3738 2345 geni-

640 2379 751 2432 tus
784 2373 897 2448 sit,
931 2389 1063 2433 non
1098 2371 1514 2446 recordatur,
1551 2371 1860 2448 quamvis
1896 2386 1968 2430 se
2003 2373 2303 2447 genitum
2336 2388 2489 2432 esse
2522 2373 2713 2433 sciat.

2094 2596 2278 2657 XLII.

1427 2805 1602 2866 Deus
1652 2804 1913 2864 diversa
1961 2804 2289 2864 miracula
2338 2807 2581 2865 sanctis
2632 2808 2940 2867 ostendit.

723 3016 829 3078 64.
858 3016 1034 3077 Deus
1062 3028 1348 3091 namque
1374 3012 1644 3074 diversa
1672 3013 1995 3074 miracula
2026 3013 2279 3073 sanctis
2305 3019 2370 3073 et
2398 3013 2744 3089 prophetis
2772 3015 2917 3076 suis
2936 3016 3001 3075 in
3017 3015 3197 3076 omni
3213 3012 3264 3094 ²)
3295 3021 3514 3076 aetate
3542 3032 3730 3078 mun-

634 3124 702 3184 di
750 3121 1066 3195 ostendit,
1120 3136 1201 3180 ne
1251 3119 1472 3179 anima
1521 3118 1810 3178 hominis
1860 3135 1898 3177 a
1947 3117 2357 3178 coelestibus
2416 3119 2774 3179 desideriis
2831 3121 3097 3179 omnino
3152 3121 3724 3198 peregrinaretur,

630 3229 748 3290 sed
796 3235 871 3290 ut
917 3243 1037 3304 por
1085 3226 1280 3285 fidem
1329 3223 1396 3284 in
1454 3222 1792 3299 aliquibus
1847 3224 2119 3283 monitis
2177 3229 2488 3283 aeternae
2544 3225 2723 3284 vitae
2782 3225 3362 3299 reminisceretur;
3423 3225 3605 3285 siout
3659 3231 3727 3285 et

636 3333 1100 3409 praevaricato
1150 3329 1400 3408 homini
1453 3328 1810 3389 luminaria
1843 3329 2243 3388 firmamenti
2292 3328 2511 3403 dedit,
2564 3344 2645 3388 ne
2696 3327 2887 3388 idem'
2907 3329 3102 3390 homo
3152 3329 3234 3389 de
3268 3331 3415 3390 luce
3451 3346 3725 3405 separa-

627 3445 759 3512 tuS,
797 3435 1186 3496 intenebris
1221 3436 1403 3493 totus
1433 3433 1702 3506 periret.
1742 3430 2117 3506 Prophetae
2152 3436 2373 3492 autem
2411 3448 2489 3491 ao
2523 3432 2794 3507 quidam
2830 3433 2946 3492 alii
2982 3433 3200 3492 sancti
3234 3431 3565 3509 quaedam
3602 3433 3723 3493 mi-

626 3541 855 3602 racula
904 3540 1241 3613 videbant,
1277 3544 1344 3596 et
1378 3537 1710 3613 quaedam
1760 3537 2228 3612 proferebant,
2283 3538 2399 3596 sed
2451 3539 2739 3598 maxima
2788 3543 2855 3597 et
2895 3539 3185 3614 plurima
3234 3539 3561 3600 miracula
3596 3556 3723 3600 neo

623 3641 1076 3722 proferebant,
1113 3656 1236 3700 nec
1270 3639 1604 3700 videbant.
1643 3640 1727 3700 At
1773 3640 2031 3716 primus
2080 3641 2356 3715 angelus
2405 3641 2728 3702 miracula
2784 3641 2901 3701 Dei
2950 3658 3071 3701 neo
3120 3643 3542 3719 requisierat,
3596 3660 3720 3704 nec

621 3750 1115 3825 expectaverat,
1152 3745 1311 3819 quia
1343 3758 1464 3819 per
1497 3759 1569 3801 se
1618 3758 1769 3802 esse
1817 3743 2052 3817 voluit,
2105 3749 2172 3802 et
2223 3743 2367 3803 ideo
2404 3745 2470 3804 in
2516 3748 2732 3805 morte
2782 3746 3087 3821 sepultus
3136 3751 3260 3806 est.
3308 3744 3520 3806 Homo
3552 3762 3718 3807 vero

618 3869 739 3930 per
784 3849 1140 3912 consilium
1190 3848 1525 3924 serpentis
1562 3847 1626 3906 in
1661 3845 1923 3906 ludibili
1956 3847 2197 3922 gaudio
2232 3848 2590 3923 puerilium
2642 3865 2902 3909 morum
2952 3865 3025 3908 se
3087 3850 3343 3909 socium
3391 3849 3510 3909 Dei
3559 3864 3717 3911 esse

623 3957 905 4032 optavit,
956 3959 1025 4014 et
1072 3953 1156 4013 ob
1205 3951 1330 4013 hoc
1380 3952 1446 4012 in
1494 3951 1767 4011 exilium
1814 3950 2069 4011 doloris
2103 3952 2425 4026 expulsus
2458 3958 2585 4027 est,
2634 3953 2949 4012 videlicet
2982 3958 3056 4013 ut
3102 3955 3358 4030 pariter
3399 3954 3464 4013 in
3512 3954 3715 4014 exilio

627 4075 778 4119 cum
815 4058 1045 4118 dolore
1080 4055 1405 4130 finiretur,
1443 4055 1758 4131 quoniam
1792 4053 1877 4113 ad
1912 4055 2386 4114 aeternitatum
2418 4054 2537 4115 Dei
2572 4054 2741 4115 falsa
2779 4055 3088 4132 opinione
3123 4073 3195 4116 se
3228 4055 3641 4116 extenderat.

2058 4275 2274 4335 XLIII.

1403 4470 1744 4542 Quaenam
1792 4469 2123 4529 miracula
2164 4471 2525 4545 prophetae
2584 4467 2913 4528 videbant.

697 4681 803 4741 65.
854 4673 1082 4739 Omnis
1133 4684 1355 4738 autem
1407 4682 1720 4736 creatura
1769 4675 2135 4736 secundum
2185 4677 2602 4736 voluntatem
2649 4675 2767 4735 Dei
2818 4677 3186 4751 processit,
3239 4680 3305 4733 et
3353 4676 3556 4735 etiam
3590 4691 3699 4736 ae-

607 4794 799 4848 terna
848 4788 986 4846 vita
1035 4801 1115 4845 ex
1162 4784 1297 4844 Deo
1348 4782 1614 4855 claruit,
1653 4786 1720 4840 et
1751 4796 1830 4840 ex
1877 4781 2022 4855 ipso
2071 4785 2199 4856 est,
2253 4788 2453 4857 atque
2489 4788 2766 4842 ornatus
2816 4788 2883 4841 et
2916 4781 3160 4857 gaudia
3194 4796 3272 4840 ao
3320 4778 3536 4840 omnis
3569 4797 3698 4839 vox

601 4895 778 4969 pleni
816 4892 1041 4969 gaudii
1091 4895 1401 4950 aeternae
1437 4887 1614 4947 vitae
1662 4904 1741 4946 ex
1778 4888 1921 4963 ipso
1945 4889 2135 4948 sunt.
2171 4886 2387 4962 Opera
2420 4903 2707 4962 namque
2741 4888 3134 4960 electorum,
3172 4902 3343 4961 quae
3378 4885 3458 4944 de
3492 4884 3697 4958 Spiri-

674 5126 717 5190 ¹)
747 5130 855 5199 ipsi
884 5123 972 5181 W.
1009 5155 1072 5163 —
1096 5124 1141 5187 ²)
1169 5125 1285 5177 mis
1307 5124 1457 5176 omm'
1478 5120 1544 5175 Α.
