4036 6117
1347 553 1770 599 exposrrro
1819 554 2460 600 EvANossmonum
3241 533 3371 596 283

335 676 528 735 tanto
565 673 854 751 pondere
890 680 1016 748 est,
1055 672 1231 749 quod
1266 672 1516 733 homini
1564 674 1978 748 impossibile
2011 680 2195 733 esset
2247 673 2407 733 illud
2441 674 2521 732 de
2556 689 2627 732 se
2661 672 2988 748 projicere
3021 677 3089 731 et
3139 670 3425 744 auferre,

336 780 476 838 nisi
512 795 631 856 per
664 778 1072 854 adjutorium
1103 778 1242 850 Dei,
1275 784 1347 837 ut
1380 777 1631 837 dictum
1659 780 1780 837 est:
1816 797 1844 836 «
1875 778 2096 837 Donec
2122 794 2364 852 ponam
2408 777 2713 837 inimicos
2744 780 2892 837 tuos
2921 776 3290 836 scabellum
3326 790 3436 851 pe-

335 888 502 947 dum
536 893 826 960 tuorum,
848 880 891 963 ¹)
935 905 964 943 »
1004 886 1160 961 quia
1192 883 1512 956 Diabolus
1547 883 1749 944 habet
1785 884 2094 943 fiduciam
2134 904 2165 943 α
2196 886 2270 944 ut
2304 883 2535 943 influat
2563 883 2869 943 Jordanis
2898 882 2963 941 in
2997 899 3071 941 os
3106 882 3271 958 ejuS.
3304 878 3359 959 ²)
3399 898 3430 936 »

347 992 489 1049 Iste
539 989 848 1048 inimicus
900 991 969 1048 in
1013 988 1391 1063 virginibus
1439 994 1506 1047 et
1553 988 2050 1048 continentibus
2099 988 2550 1064 superabitur,
2603 992 2671 1046 et
2713 987 2844 1048 erit
2894 985 3244 1045 fornicatio
3296 1000 3438 1044 sca-

347 1093 606 1154 bellum
642 1093 907 1170 pedum.

433 1197 517 1255 Et
550 1198 967 1255 introeuntes
1002 1211 1121 1271 per
1155 1196 1539 1255 castitatem
1569 1203 2099 1270 monumentum,
2129 1194 2391 1254 scilicet
2425 1194 3006 1255 mortificationem
3039 1194 3286 1267 carnis,
3316 1192 3429 1251 ubi

342 1314 418 1358 se
455 1298 758 1358 homines
808 1305 1084 1375 propter
1116 1297 1322 1358 Deum
1357 1300 1785 1374 mortificant,
1821 1300 2130 1359 viderunt
2184 1298 2762 1360 abrenuntiatione
2798 1299 2940 1373 sui,
2976 1295 3320 1371 juvenem,
3374 1295 3440 1355 id

340 1405 449 1462 est
485 1404 751 1462 virilem
801 1402 1283 1477 fortitudinem,
1322 1419 1494 1477 quae
1538 1404 1604 1462 in
1636 1403 2024 1478 virginitate
2070 1406 2137 1463 et
2172 1404 2236 1462 in
2271 1404 2678 1463 continentia
2712 1408 2836 1477 est,
2890 1404 2982 1461 ita
3017 1401 3195 1477 quod
3243 1400 3440 1459 bomo

343 1509 473 1569 hoc
509 1509 684 1585 quod
732 1509 799 1568 in
833 1524 1032 1567 carne
1068 1511 1172 1568 est
1203 1508 1504 1582 dimittit,
1541 1511 1606 1568 et
1641 1508 1765 1567 hoc
1801 1509 1866 1567 in
1900 1510 2145 1584 spiritu
2179 1508 2568 1584 aggreditur
2602 1507 2777 1584 quod
2813 1509 2880 1566 in
2913 1522 3113 1566 carne
3145 1522 3278 1565 non
3311 1509 3438 1578 est,

345 1631 625 1674 manens
675 1616 742 1674 in
790 1614 1104 1673 castitate
1155 1613 1298 1672 sine
1349 1613 1613 1672 macula
1661 1619 1727 1672 et
1782 1614 1925 1672 sine
1982 1630 2173 1688 ruga,
2225 1615 2562 1672 sedentem
2617 1618 2769 1672 ante
2820 1612 3111 1671 tribunal
3157 1610 3313 1684 Dei,
3371 1611 3444 1668 in

342 1720 606 1779 dextris
641 1719 999 1795 potestatis
1033 1717 1171 1793 Dei,
1200 1723 1275 1776 ut
1300 1718 1553 1776 dictum
1580 1722 1703 1777 est:
1740 1736 1770 1774 α
1803 1715 1968 1776 Sede
2002 1736 2040 1775 a
2074 1717 2328 1777 dextris
2365 1719 2555 1792 meis;
2595 1736 2620 1774 t
2654 1722 3032 1794 coopertum
3060 1716 3126 1774 in
3159 1715 3444 1773 circum-

343 1826 720 1900 cinctione,
773 1827 962 1900 stola,
1000 1825 1261 1885 scilicet
1309 1825 1524 1899 prima
1562 1832 1748 1885 veste
1793 1826 2232 1901 innocentiae,
2272 1828 2557 1887 candida
2591 1827 2657 1886 in
2688 1826 2974 1887 candore
3005 1825 3441 1901 virginitatiS,

342 1935 409 1988 et
445 1929 930 2006 obstupuerunt
964 1929 1044 1988 de
1081 1929 1390 1988 irrisione
1423 1928 1685 1988 Diaboli
1720 1932 1786 1990 et
1818 1929 1900 1988 de
1935 1930 2227 2006 strepitu
2261 1931 2508 1990 mundi.

444 2034 571 2107 Qui
619 2035 789 2094 dixit
825 2036 969 2094 illis‘
999 2034 1443 2094 exhortando:
1486 2034 1705 2094 Nolite
1732 2054 2190 2111 expavescere,
2231 2035 2293 2093 id
2328 2040 2433 2094 est
2467 2052 2546 2094 ne
2582 2036 2990 2110 terreamini,
3029 2036 3187 2111 quia
3220 2035 3447 2095 Salva-

347 2141 460 2197 tor
509 2138 826 2215 majorem
878 2145 1281 2214 potestatem
1318 2139 1382 2197 in
1416 2139 1608 2197 vobis
1643 2138 1843 2198 habet
1877 2155 2076 2215 quam
2123 2138 2456 2213 fragilitas
2504 2140 2724 2199 carnis
2773 2145 3038 2199 vestrae
3072 2140 3180 2198 sit.
3220 2136 3447 2199 Jesum

345 2244 671 2318 quaeritis
722 2244 788 2302 in
844 2242 1389 2319 impossibilitate
1438 2244 1603 2302 etin
1653 2244 2045 2318 impotentia
2102 2244 2325 2303 carnis
2373 2249 2660 2319 vestrae,
2715 2244 3161 2319 Nazarenum,
3213 2244 3330 2319 qui
3381 2244 3447 2303 in

345 2361 552 2405 carne
600 2350 828 2407 vestra
874 2346 1424 2421 sanctificabitur,
1478 2349 1891 2425 crucifiaeum,
1931 2354 1997 2407 et
2048 2348 2114 2407 in
2149 2348 2341 2407 vobis
2377 2348 2817 2424 crucifigitur,
2854 2353 2926 2407 ut
2960 2349 3287 2423 scriptum
3321 2352 3445 2406 est:

354 2471 388 2511 <z
422 2452 590 2511 Vere
639 2453 994 2528 languores
1026 2458 1297 2512 nostros
1347 2454 1664 2528 portavit,
1691 2448 1740 2531 ³)
1779 2472 1811 2510 n
1851 2454 2167 2529 quoniam
2202 2470 2321 2529 pro
2356 2454 2548 2513 nobis
2584 2469 2821 2528 passus
2853 2458 2992 2527 est,
3044 2454 3338 2512 surrexit
3377 2451 3444 2510 in

350 2557 714 2615 sanctitate
765 2562 993 2616 vestra
1033 2576 1062 2615 α
1096 2556 1178 2616 ad
1228 2557 1626 2617 currendam
1663 2558 1837 2616 viam
1863 2604 1878 2631 ,
1930 2564 1996 2617 et
2030 2576 2068 2618 a
2103 2574 2364 2617 summo
2398 2559 2584 2617 coelo
2618 2557 2921 2632 egressio
2955 2556 3126 2632 ejuS,
3151 2551 3199 2635 ⁴)
3234 2574 3266 2613 »
3306 2573 3439 2615 non

349 2666 452 2719 est
486 2664 610 2735 hic,
651 2662 717 2719 in
752 2662 869 2720 tali
907 2661 1292 2722 infirmitate
1326 2668 1393 2721 et
1440 2662 1897 2737 instabilitate,
1938 2669 2008 2721 ut
2052 2679 2173 2721 vos
2209 2663 2395 2721 ostie.
2434 2663 2600 2722 Eece
2638 2663 2840 2736 locus,
2892 2661 2958 2720 id
2994 2666 3101 2723 est
3140 2661 3454 2721 aestima-

351 2765 448 2824 tio
485 2780 697 2824 vacua
744 2771 871 2839 est,
909 2765 1018 2825 ubi
1064 2769 1314 2842 positus
1349 2772 1530 2841 erat,
1584 2767 1845 2826 scilicet
1879 2766 1991 2826 ubi
2041 2767 2352 2826 dubietas
2387 2766 2630 2825 mentis
2678 2771 2947 2826 vestrae
2980 2767 3244 2842 putavit
3290 2781 3444 2825 eum

354 2869 424 2929 in
461 2870 1003 2945 impossibilitate
1052 2869 1319 2945 habere,
1359 2871 1517 2947 quia
1564 2873 1802 2946 potens
1836 2876 1938 2930 est
1988 2871 2181 2932 vobis
2231 2886 2646 2930 succurrere.
2704 2871 2832 2932 Sed
2866 2874 2957 2930 ite
2993 2871 3059 2929 in
3108 2871 3311 2930 celeri
3347 2871 3452 2930 iti-

352 2989 551 3047 nere,
604 2975 800 3033 dicite
852 2975 1302 3035 annuntiando
1366 2977 1712 3053 discipul-is
1762 2976 1930 3051 ejuS‚
1984 2976 2296 3035 videlicet
2334 2976 2757 3050 praeceptiS‚
2807 2981 2868 3034 et
2908 2976 3139 3050 Petro,
3193 2975 3454 3034 scilicet

357 3079 690 3153 ligaturae
736 3079 805 3137 in
840 3095 970 3154 qua
1021 3080 1209 3154 ligati
1242 3081 1407 3140 estis
1458 3082 1523 3139 in
1560 3081 1869 3156 angustia
1919 3081 2174 3154 carnis,
2210 3083 2367 3156 quia
2408 3081 2763 3157 praecedet
2796 3098 2902 3139 vos
2936 3080 3349 3140 occurrendo
3388 3081 3453 3140 in

358 3183 566 3241 claris
617 3182 936 3257 operibus
969 3184 1239 3257 vestriS,
1294 3187 1364 3243 in
1401 3183 1794 3259 Galilaeam,
1846 3199 1998 3242 cum
2033 3184 2283 3242 malum
2333 3185 2637 3243 transitis
2680 3187 2745 3244 et
2779 3185 3025 3243 bonum
3061 3184 3303 3244 facitis,
3356 3185 3455 3243 Ibi

359 3307 517 3349 eum
563 3288 883 3363 videbitis,
934 3290 1391 3365 auxiliantem,
1430 3290 1869 3366 inspirantem
1916 3295 1983 3348 et
2016 3289 2188 3348 bona
2224 3291 2524 3364 exempla
2557 3289 3042 3363 ostendentem,
3080 3292 3245 3350 sicut
3281 3291 3454 3350 dixit

363 3392 558 3469 vobiS,
595 3394 854 3453 scilicet
888 3394 1065 3453 sicut
1095 3394 1242 3469 ejus
1280 3395 1649 3454 incarnatio
1685 3394 1877 3454 vobis
1910 3393 2419 3453 demonstravit.
3304 3393 3309 3399 '

1879 3605 1954 3666 ΙΙ.

1718 3787 1865 3844 Alio
1912 3787 2119 3845 modo

417 3992 630 4052 Maria
671 3992 1080 4068 Maqdalene,
1119 3992 1379 4052 scilicet
1426 3992 1708 4051 scientia
1743 3992 1896 4052 boni
1929 3998 1998 4051 et
2033 3993 2224 4067 mali,
2279 3994 2371 4052 ita
2408 3994 2582 4069 quod
2619 3995 2901 4055 scientia
2934 3997 3093 4055 mali
3126 4001 3235 4056 est
3266 3997 3459 4073 quasi

366 4097 739 4172 peccatrix,
791 4102 859 4156 et
892 4097 1171 4156 scientia
1223 4097 1373 4156 boni
1426 4097 1610 4155 velut
1660 4097 2006 4170 poenitens
2058 4113 2177 4173 per
2225 4098 2802 4173 significationem3
2839 4105 2903 4157 et
2956 4099 3170 4161 Maria
3217 4099 3459 4174 Jacobi,

372 4198 635 4258 scilicet
659 4200 1080 4259 rationalitas
1107 4214 1278 4275 quae
1312 4204 1546 4258 sancta
1577 4201 1702 4273 est,
1739 4206 1800 4257 et
1839 4200 2120 4274 Samma,
2159 4198 2225 4258 id
2259 4205 2363 4259 est
2390 4201 2768 4274 proprietas
2802 4200 3012 4260 totius
3046 4205 3284 4275 gustus
3319 4217 3466 4261 car-

371 4305 500 4379 nis,
536 4312 839 4365 emerunt
879 4307 945 4364 in
969 4304 1096 4364 hoc
1134 4304 1311 4381 quod
1344 4305 1759 4362 voluntatem
1796 4320 1987 4363 suam
2022 4304 2388 4378 dimittunt,
2426 4310 2492 4363 et
2529 4304 2783 4364 faciunt
2814 4303 2992 4381 quod
3027 4305 3282 4380 nolunt,
3320 4323 3465 4366 aro-

371 4416 576 4484 mata,
627 4409 942 4470 videlicet
974 4410 1382 4469 suavissima
1430 4408 1601 4468 dona
1633 4409 1986 4484 virtutum,
2039 4412 2484 4469 invenientes
2531 4410 2986 4487 properandO,
3035 4419 3365 4488 unyerent
3402 4413 3469 4471 in

376 4515 708 4576 charitate
740 4521 1243 4590 cognoscenteS,
1277 4514 1531 4588 Jesum,
1571 4513 1635 4572 id
1669 4519 1775 4573 est
1805 4513 2034 4574 Deum.

472 4619 554 4679 Et
586 4619 777 4678 valde
825 4637 1020 4678 mane
1053 4625 1436 4695 properant,
1490 4624 1644 4678 ante
1677 4634 1877 4695 quam
1929 4619 2118 4678 radix
2153 4619 2310 4678 mali
2345 4619 2632 4695 oriatur,
2666 4639 2806 4680 una
2857 4620 3224 4681 festivitate
3257 4621 3473 4682 sabba-

373 4731 620 4798 torum,
658 4723 917 4782 scilicet
948 4723 979 4782 J
988 4723 1178 4782 udaei
1212 4724 1486 4783 veniunt
1522 4723 1919 4800 requirendo
1953 4725 2039 4782 ad
2070 4730 2607 4799 monumentum,
2645 4723 2711 4784 id
2744 4728 2850 4786 est
2884 4725 2966 4785 ad
3000 4725 3249 4786 bonum
3297 4726 3472 4786 desi-

378 4828 641 4888 derium
693 4829 757 4886 in
806 4828 1290 4903 rationalitate,
1343 4837 1482 4888 orto
1519 4826 1663 4902 ,iam
1712 4830 1878 4904 solo,
1931 4829 2246 4888 videlicet
2293 4835 2446 4888 ante
2494 4833 2715 4890 ortum
2763 4830 3054 4890 calorem
3090 4836 3158 4890 et
3205 4836 3468 4890 aestum

377 4933 754 4992 carnalium
788 4931 1298 4992 desideriorum.

470 5036 551 5097 Et
590 5035 887 5096 dicebant
916 5035 1316 5097 conferendo
1353 5041 1656 5112 invicem,
1697 5038 1999 5112 scientia,
2040 5037 2455 5097 rationalitas
2495 5042 2559 5096 et
2595 5045 2851 5113 gustus:
2888 5040 3043 5112 Quis
3079 5039 3467 5112 angelorum

459 5207 501 5270 ¹)
535 5206 622 5264 PS.
657 5207 798 5265 clx.
833 5213 882 5264 3.
922 5242 978 5248 —
1010 5211 1052 5275 ²)
1081 5208 1207 5264 Job.
1241 5208 1361 5271 XL,
1397 5214 1476 5264 18.
1517 5242 1576 5248 ——
1603 5208 1647 5276 ³)
1688 5208 1759 5266 15.
1790 5209 1940 5273 Lm,
1973 5211 2021 5266 4.
2058 5242 2120 5250 —-
2149 5210 2191 5277 ⁴)
2220 5210 2307 5265 ΡΒ.
2340 5208 2555 5272 xviii,
2588 5214 2635 5264 7.
