4036 6117
741 483 870 546 458
1902 505 1952 550 s.
2008 505 2548 552 n1LnEoAnnts

667 628 890 703 minis,
940 634 1007 687 et
1044 626 1188 688 ideo
1241 626 1574 703 fulgemus
1625 641 1774 685 cum
1824 627 1960 701 illo,
2011 627 2441 689 aedificantes
2493 625 2791 686 membra
2825 627 2931 686 sui
2964 627 3228 703 pulchri
3264 625 3598 702 corporis.
3640 623 3780 689 Nos

668 752 899 797 sumus
937 736 1198 796 radices
1232 741 1299 795 et
1331 751 1454 795 vos
1489 735 1682 809 rami;
1723 733 1982 794 fructus
2017 735 2310 795 viventis
2344 734 2543 809 oculi,
2579 739 2647 793 et
2680 748 2800 792 nos
2835 733 3071 792 umbra
3107 733 3173 793 in
3208 734 3326 793 illo
3376 733 3659 793 fuimus,

1412 899 1734 973 Querelae
1785 901 2169 958 animarum
2216 902 2288 958 in
2339 918 2539 960 carne
2582 901 2977 976 positarum.

753 1034 805 1095 O
839 1051 960 1095 nos
993 1035 1388 1111 peregrinae
1424 1050 1679 1094 sumus.

755 1143 925 1214 Quid
963 1143 1270 1218 fecimus,
1309 1143 1390 1202 ad
1425 1150 1702 1219 peccata
1733 1143 2118 1204 deviantes?

749 1248 958 1309 Filiae
992 1249 1180 1323 regni
1216 1263 1370 1308 esse
1403 1247 1781 1318 debuimus,
1819 1248 1932 1307 sed
1972 1249 2038 1307 in
2073 1248 2379 1308 umbram
2416 1253 2846 1322 peecatorum
2880 1248 3269 1308 cecidimus.

749 1355 800 1415 O
834 1356 1068 1415 vivens
1103 1356 1228 1429 sol,
1265 1361 1461 1431 porta
1508 1371 1628 1415 nos
1681 1355 1748 1413 in
1795 1354 2094 1414 humeris
2128 1355 2265 1414 tuis
2302 1356 2366 1414 in
2404 1355 2854 1430 J‘ustissimam
2905 1356 3412 1429 haereditatem,
3450 1373 3657 1432 quam
3694 1357 3762 1416 in

667 1462 869 1522 Adam
906 1460 1339 1537 perdidimus,

755 1565 809 1626 O
844 1582 956 1625 rex
992 1581 1245 1641 regum,
1287 1567 1350 1624 in
1385 1571 1498 1624 tuo
1534 1564 1791 1640 praelio
1824 1580 2221 1640 pugnamus.

1971 1729 2167 1791 Felice
2217 1735 2463 1791 anima.

750 1860 801 1927 O
834 1867 1051 1926 dulcis
1093 1867 1445 1941 DivinitaS,
1498 1874 1565 1927 et
1613 1884 1652 1927 o
1702 1868 1934 1927 suavis
1969 1869 2131 1940 vita,
2172 1869 2237 1926 in
2272 1885 2403 1945 qua
2448 1867 2784 1945 perferam
2819 1873 3079 1928 vestem
3112 1869 3553 1945 praeclaram,
3587 1869 3757 1928 illud

664 1976 1000 2052 accipiens
1056 1974 1232 2051 quod
1282 1974 1541 2051 perdidi
1601 1974 1667 2032 in
1715 1974 1934 2050 prima
1989 1975 2428 2051 apparitione,
2483 1975 2566 2036 ad
2619 1978 2682 2036 te
2730 1976 3022 2051 suspirO,
3074 1982 3141 2034 et
3190 1991 3423 2035 omnes
3468 1975 3763 2035 virtutes

673 2082 926 2140 invoco,

2061 2214 2369 2276 Virtutes.

748 2351 801 2410 0
839 2349 993 2409 felix
1025 2351 1273 2423 anima,
1309 2355 1375 2408 et
1407 2366 1446 2409 o
1478 2349 1698 2408 dulcis
1731 2355 2044 2408 creatura
2091 2348 2232 2425 Dei,
2284 2364 2457 2425 quae
2504 2349 2813 2409 edificata
2862 2366 2939 2410 es
2973 2351 3041 2408 in
3082 2347 3415 2425 profunda
3462 2349 3751 2409 altitudi-

667 2475 743 2518 ne
777 2459 1148 2535 sapientiae
1182 2458 1322 2532 Dei,
1362 2459 1648 2518 multum
1681 2474 1890 2518 amas.

1950 2592 2145 2653 Felix
2193 2597 2439 2656 anima.

750 2732 802 2793 O
837 2733 1122 2792 libenter
1155 2731 1421 2790 veniam
1453 2729 1535 2789 ad
1569 2746 1712 2803 voe,
1750 2734 1824 2788 ut
1858 2729 2242 2804 praebeatis
2272 2730 2434 2789 mihi
2468 2730 2777 2789 osculum
2810 2728 3054 2789 cordis

2061 2866 2370 2927 Virtutes,

728 3007 859 3068 Nos
892 3004 1215 3067 debemus
1250 3003 1540 3065 militare
1576 3010 1818 3079 tecum,
1857 3021 1894 3065 o
1931 3004 2071 3064 filia
2104 3004 2305 3080 regis,

1605 3160 1734 3222 Sed
1779 3166 2053 3238 qratiam
2098 3162 2327 3219 anima
2374 3161 2822 3237 conqueritur.

750 3295 801 3355 O
833 3294 1066 3371 gravis
1096 3293 1310 3368 labor,
1346 3298 1413 3352 et
1447 3309 1485 3352 o
1520 3292 1764 3352 durum
1796 3292 2059 3369 pondus
2094 3291 2270 3368 quod
2306 3291 2543 3365 habeo,
2576 3292 2641 3350 in
2675 3292 2863 3351 veste
2898 3290 3098 3367 hujus
3131 3290 3335 3365 vitae,
3364 3291 3522 3367 quia
3556 3290 3743 3351 nimis

669 3415 873 3473 grave
909 3398 1071 3457 mihi
1104 3401 1210 3458 est
1243 3403 1475 3456 contra
1509 3412 1780 3456 carnem
1813 3413 2135 3471 pugnare.

1593 3550 1597 3555 ⁵
1693 3565 1980 3624 Virtutes
2030 3566 2116 3623 ad
2164 3567 2459 3624 animam
2508 3564 2720 3622 illam.

749 3703 802 3762 Ο
837 3703 1080 3777 anima,
1132 3703 1477 3763 voluntate
1524 3703 1642 3763 Dei
1689 3705 2087 3779 constituta„
2133 3710 2202 3763 et
2235 3720 2273 3764 o
2311 3702 2469 3763 felix
2519 3702 3061 3776 instrumentum,
3104 3714 3313 3776 quare
3348 3705 3487 3759 tam
3512 3698 3738 3759 debilis

657 3824 730 3867 es
765 3813 997 3867 contra
1033 3802 1157 3866 hoc
1190 3807 1368 3883 quod
1399 3807 1576 3866 Deus
1610 3808 1928 3867 contrivit
1964 3810 2030 3867 in
2063 3808 2369 3883 virginea
2401 3805 2674 3866 natura?

750 3912 847 3971 Tu
880 3911 1085 3971 debes
1122 3911 1186 3970 in
1221 3911 1414 3970 nobis
1449 3926 1769 3987 superare
1802 3910 2178 3971 Diabolum.

1979 4079 2225 4137 Anima
2271 4076 2413 4136 illa.

745 4218 1129 4277 Succurrite
1167 4218 1329 4276 mihi
1364 4217 1766 4293 adjuvando,
1806 4224 1879 4277 ut
1910 4217 2167 4294 possim
2202 4222 2406 4276 stare:

1603 4370 1896 4430 Scientia
1949 4370 2071 4428 Dei
2118 4369 2205 4428 ad
2251 4370 2547 4427 animam
2596 4368 2805 4427 illam.

743 4516 905 4578 Vide
940 4519 1098 4593 quid
1136 4519 1297 4578 illud
1335 4520 1424 4579 sit
1457 4537 1587 4595 quo
1621 4537 1695 4581 es
1732 4520 1985 4595 induta,
2015 4521 2151 4581 filia
2186 4522 2606 4596 salvationiS,
2642 4523 2709 4582 et
2742 4524 2889 4583 esto
2934 4522 3226 4598 stabilis,
3262 4530 3330 4583 et
3380 4539 3731 4601 numquam

655 4622 874 4683 cadeS.

1914 4761 2173 4837 Infelix
2221 4763 2468 4821 anima.

740 4905 790 4964 O
826 4905 1050 4965 nescio
1085 4906 1245 4982 quid
1285 4905 1552 4975 faciam,
1591 4913 1705 4965 aut
1739 4908 1852 4967 ubi
1893 4907 2163 4982 fugiam.

735 5010 785 5067 O
823 5025 942 5068 vae
979 5009 1138 5069 mihi
1175 5027 1304 5069 non
1341 5027 1614 5086 possum
1653 5012 1969 5084 perficere
2006 5012 2132 5071 hoc
2164 5028 2295 5088 quo
2334 5028 2481 5072 sum
2521 5012 2768 5073 induta.

744 5111 934 5174 Certe
973 5118 1130 5176 illud
1171 5119 1320 5176 volo
1355 5118 1666 5193 abjicere.
1702 5138 1722 5151 ·
