<?xml version="1.0" encoding="UTF-8"?>
<!DOCTYPE html PUBLIC "-//W3C//DTD XHTML 1.0 Transitional//EN"
    "http://www.w3.org/TR/xhtml1/DTD/xhtml1-transitional.dtd">
<html xmlns="http://www.w3.org/1999/xhtml" xml:lang="en" lang="en">
 <head>
  <title>
</title>
<meta http-equiv="Content-Type" content="text/html;charset=utf-8" />
  <meta name='ocr-system' content='tesseract 3.04.00' />
  <meta name='ocr-capabilities' content='ocr_page ocr_carea ocr_par ocr_line ocrx_word'/>
</head>
<body>
  <div class='ocr_page' id='page_1' title='image "analectasacrasp05pitrgoog_0400.png"; bbox 0 0 4036 6117; ppageno 0'>
   <div class='ocr_carea' id='block_1_1' title="bbox 727 477 2539 547">
    <p class='ocr_par' dir='ltr' id='par_1_1' title="bbox 727 477 2539 547">
     <span class='ocr_line' id='line_1_1' title="bbox 727 477 2539 547; baseline 0.006 -12"><span class='ocrx_word' id='word_1_1' title='bbox 727 477 857 535; x_wconf 79' lang='lat'><strong>352</strong></span> <span class='ocrx_word' id='word_1_2' title='bbox 1872 497 1923 540; x_wconf 82' lang='lat' dir='ltr'><strong>S.</strong></span> <span class='ocrx_word' id='word_1_3' title='bbox 1988 498 2539 547; x_wconf 61' lang='lat' dir='ltr'><strong>tunm-:cannis</strong></span> 
     </span>
    </p>
   </div>
   <div class='ocr_carea' id='block_1_2' title="bbox 2154 804 2265 872">
    <p class='ocr_par' dir='ltr' id='par_1_2' title="bbox 2154 804 2265 872">
     <span class='ocr_line' id='line_1_2' title="bbox 2154 804 2265 872; baseline 0 -1"><span class='ocrx_word' id='word_1_4' title='bbox 2154 804 2265 872; x_wconf 91' lang='lat' dir='ltr'><strong>XI.</strong></span> 
     </span>
    </p>
   </div>
   <div class='ocr_carea' id='block_1_3' title="bbox 1488 1013 2915 1096">
    <p class='ocr_par' dir='ltr' id='par_1_3' title="bbox 1488 1013 2915 1096">
     <span class='ocr_line' id='line_1_3' title="bbox 1488 1013 2915 1096; baseline 0.006 -24"><span class='ocrx_word' id='word_1_5' title='bbox 1488 1013 1966 1077; x_wconf 85' lang='lat' dir='ltr'><strong>PROOEMIUM</strong></span> <span class='ocrx_word' id='word_1_6' title='bbox 2020 1018 2259 1078; x_wconf 86' lang='lat' dir='ltr'><strong>VITAE</strong></span> <span class='ocrx_word' id='word_1_7' title='bbox 2310 1018 2370 1079; x_wconf 88' lang='lat' dir='ltr'><strong>S.</strong></span> <span class='ocrx_word' id='word_1_8' title='bbox 2420 1020 2794 1081; x_wconf 88' lang='lat' dir='ltr'><strong>DISIBODI.</strong></span> <span class='ocrx_word' id='word_1_9' title='bbox 2850 1021 2915 1096; x_wconf 79' lang='lat'><strong>1)</strong></span> 
     </span>
    </p>
   </div>
   <div class='ocr_carea' id='block_1_4' title="bbox 656 1217 3757 1550">
    <p class='ocr_par' dir='ltr' id='par_1_4' title="bbox 656 1217 3757 1550">
     <span class='ocr_line' id='line_1_4' title="bbox 656 1217 3757 1306; baseline 0.003 -27"><span class='ocrx_word' id='word_1_10' title='bbox 656 1218 968 1279; x_wconf 83' lang='lat' dir='ltr'>Exordium</span> <span class='ocrx_word' id='word_1_11' title='bbox 996 1217 1278 1290; x_wconf 79' lang='lat' dir='ltr'><strong>accipitur</strong></span> <span class='ocrx_word' id='word_1_12' title='bbox 1303 1217 1375 1272; x_wconf 81' lang='lat' dir='ltr'><strong>ab</strong></span> <span class='ocrx_word' id='word_1_13' title='bbox 1411 1218 1741 1286; x_wconf 79' lang='lat' dir='ltr'><strong>angelorum</strong></span> <span class='ocrx_word' id='word_1_14' title='bbox 1783 1220 2135 1292; x_wconf 88' lang='lat' dir='ltr'><strong>perditorum</strong></span> <span class='ocrx_word' id='word_1_15' title='bbox 2175 1222 2361 1287; x_wconf 87' lang='lat' dir='ltr'><strong>ruina,</strong></span> <span class='ocrx_word' id='word_1_16' title='bbox 2406 1230 2526 1279; x_wconf 91' lang='lat' dir='ltr'><strong>tum</strong></span> <span class='ocrx_word' id='word_1_17' title='bbox 2553 1225 2900 1284; x_wconf 86' lang='lat' dir='ltr'><strong>describitur</strong></span> <span class='ocrx_word' id='word_1_18' title='bbox 2930 1227 3133 1284; x_wconf 86' lang='lat' dir='ltr'><strong>salutis</strong></span> <span class='ocrx_word' id='word_1_19' title='bbox 3168 1230 3497 1286; x_wconf 83' lang='lat' dir='ltr'><strong>oeconomia</strong></span> <span class='ocrx_word' id='word_1_20' title='bbox 3524 1234 3633 1289; x_wconf 87' lang='lat' dir='ltr'><strong>sub</strong></span> <span class='ocrx_word' id='word_1_21' title='bbox 3660 1250 3757 1306; x_wconf 78' lang='lat' dir='ltr'><strong>pa·</strong></span> 
     </span>
     <span class='ocr_line' id='line_1_5' title="bbox 733 1302 3753 1382; baseline 0.002 -15"><span class='ocrx_word' id='word_1_22' title='bbox 733 1304 1018 1366; x_wconf 56' lang='lat' dir='ltr'><strong>triarchi&amp;</strong></span> <span class='ocrx_word' id='word_1_23' title='bbox 1058 1302 1261 1359; x_wconf 77' lang='lat' dir='ltr'><strong>deinde</strong></span> <span class='ocrx_word' id='word_1_24' title='bbox 1300 1303 1407 1359; x_wconf 85' lang='lat' dir='ltr'><strong>sub</strong></span> <span class='ocrx_word' id='word_1_25' title='bbox 1444 1302 1776 1373; x_wconf 75' lang='lat' dir='ltr'><strong>Evangelim</strong></span> <span class='ocrx_word' id='word_1_26' title='bbox 1815 1308 2286 1364; x_wconf 76' lang='lat' dir='ltr'><strong>commendantur</strong></span> <span class='ocrx_word' id='word_1_27' title='bbox 2312 1309 2549 1365; x_wconf 87' lang='lat' dir='ltr'><strong>consilia</strong></span> <span class='ocrx_word' id='word_1_28' title='bbox 2588 1311 2882 1367; x_wconf 86' lang='lat' dir='ltr'><strong>monacbis</strong></span> <span class='ocrx_word' id='word_1_29' title='bbox 2907 1317 2964 1370; x_wconf 90' lang='lat' dir='ltr'><strong>et</strong></span> <span class='ocrx_word' id='word_1_30' title='bbox 2992 1312 3313 1382; x_wconf 81' lang='lat' dir='ltr'><strong>virginibus</strong></span> <span class='ocrx_word' id='word_1_31' title='bbox 3337 1315 3497 1378; x_wconf 85' lang='lat' dir='ltr'><strong>data;</strong></span> <span class='ocrx_word' id='word_1_32' title='bbox 3538 1332 3753 1374; x_wconf 84' lang='lat' dir='ltr'><strong>memo-</strong></span> 
     </span>
     <span class='ocr_line' id='line_1_6' title="bbox 731 1390 3751 1472; baseline 0.003 -24"><span class='ocrx_word' id='word_1_33' title='bbox 731 1399 929 1449; x_wconf 80' lang='lat' dir='ltr'><strong>rantur</strong></span> <span class='ocrx_word' id='word_1_34' title='bbox 965 1390 1250 1448; x_wconf 80' lang='lat' dir='ltr'>Ecclesiae</span> <span class='ocrx_word' id='word_1_35' title='bbox 1290 1391 1734 1462; x_wconf 77' lang='lat' dir='ltr'><strong>persecutiones:</strong></span> <span class='ocrx_word' id='word_1_36' title='bbox 1761 1391 2046 1448; x_wconf 89' lang='lat' dir='ltr'><strong>dessentur</strong></span> <span class='ocrx_word' id='word_1_37' title='bbox 2084 1394 2391 1450; x_wconf 86' lang='lat' dir='ltr'><strong>novissima</strong></span> <span class='ocrx_word' id='word_1_38' title='bbox 2432 1400 2703 1468; x_wconf 84' lang='lat' dir='ltr'><strong>tempora,</strong></span> <span class='ocrx_word' id='word_1_39' title='bbox 2742 1397 2954 1468; x_wconf 88' lang='lat' dir='ltr'><strong>quibus</strong></span> <span class='ocrx_word' id='word_1_40' title='bbox 2993 1399 3355 1456; x_wconf 80' lang='lat' dir='ltr'><strong>emendandis</strong></span> <span class='ocrx_word' id='word_1_41' title='bbox 3378 1401 3545 1472; x_wconf 88' lang='lat' dir='ltr'><strong>jubet</strong></span> <span class='ocrx_word' id='word_1_42' title='bbox 3572 1403 3751 1459; x_wconf 85' lang='lat' dir='ltr'><strong>inser-</strong></span> 
     </span>
     <span class='ocr_line' id='line_1_7' title="bbox 732 1474 1906 1550; baseline -0.001 -16"><span class='ocrx_word' id='word_1_43' title='bbox 732 1479 851 1535; x_wconf 82' lang='lat' dir='ltr'><strong>viat</strong></span> <span class='ocrx_word' id='word_1_44' title='bbox 880 1477 1092 1550; x_wconf 82' lang='lat' dir='ltr'><strong>scripta</strong></span> <span class='ocrx_word' id='word_1_45' title='bbox 1120 1476 1234 1532; x_wconf 81' lang='lat' dir='ltr'><strong>vita</strong></span> <span class='ocrx_word' id='word_1_46' title='bbox 1261 1476 1316 1532; x_wconf 91' lang='lat' dir='ltr'><strong>S.</strong></span> <span class='ocrx_word' id='word_1_47' title='bbox 1349 1474 1608 1532; x_wconf 83' lang='lat' dir='ltr'><strong>Disibodi</strong></span> <span class='ocrx_word' id='word_1_48' title='bbox 1636 1475 1906 1549; x_wconf 85' lang='lat' dir='ltr'><strong>episcopi.</strong></span> 
     </span>
    </p>
   </div>
   <div class='ocr_carea' id='block_1_5' title="bbox 1930 1671 2439 1725">
    <p class='ocr_par' dir='ltr' id='par_1_5' title="bbox 1930 1671 2439 1725">
     <span class='ocr_line' id='line_1_8' title="bbox 1930 1671 2439 1725; baseline 0.006 -3"><span class='ocrx_word' id='word_1_49' title='bbox 1930 1684 1984 1722; x_wconf 79' lang='lat' dir='ltr'><strong>a.</strong></span> <span class='ocrx_word' id='word_1_50' title='bbox 2036 1671 2194 1724; x_wconf 87' lang='lat'><em>1170</em></span> <span class='ocrx_word' id='word_1_51' title='bbox 2214 1702 2235 1710; x_wconf 92' lang='lat'><strong>·</strong></span> <span class='ocrx_word' id='word_1_52' title='bbox 2264 1673 2439 1725; x_wconf 87' lang='lat'><strong><em>1173.</em></strong></span> 
     </span>
    </p>
   </div>
   <div class='ocr_carea' id='block_1_6' title="bbox 1412 1845 2988 2124">
    <p class='ocr_par' dir='ltr' id='par_1_6' title="bbox 1412 1845 2988 2124">
     <span class='ocr_line' id='line_1_9' title="bbox 1412 1845 2988 1928; baseline 0.004 -23"><span class='ocrx_word' id='word_1_53' title='bbox 1412 1845 1909 1923; x_wconf 75' lang='lat' dir='ltr'><strong>Conqreqationi</strong></span> <span class='ocrx_word' id='word_1_54' title='bbox 1959 1852 2171 1910; x_wconf 80' lang='lat' dir='ltr'><strong>sancti</strong></span> <span class='ocrx_word' id='word_1_55' title='bbox 2222 1851 2511 1911; x_wconf 83' lang='lat' dir='ltr'><strong>Disibodi</strong></span> <span class='ocrx_word' id='word_1_56' title='bbox 2548 1852 2988 1928; x_wconf 77' lang='lat' dir='ltr'><strong>Hildeqardis.</strong></span> 
     </span>
     <span class='ocr_line' id='line_1_10' title="bbox 2164 2053 2222 2124; baseline 0 0"><span class='ocrx_word' id='word_1_57' title='bbox 2164 2053 2222 2124; x_wconf 93' lang='grc' dir='ltr'><strong>Ι.</strong></span> 
     </span>
    </p>
   </div>
   <div class='ocr_carea' id='block_1_7' title="bbox 641 2275 3748 4234">
    <p class='ocr_par' dir='ltr' id='par_1_7' title="bbox 645 2275 3748 3093">
     <span class='ocr_line' id='line_1_11' title="bbox 739 2275 3748 2357; baseline 0 -16"><span class='ocrx_word' id='word_1_58' title='bbox 739 2282 902 2341; x_wconf 91' lang='lat' dir='ltr'><strong>Cum</strong></span> <span class='ocrx_word' id='word_1_59' title='bbox 933 2282 1282 2340; x_wconf 82' lang='lat' dir='ltr'><strong>creaturae</strong></span> <span class='ocrx_word' id='word_1_60' title='bbox 1315 2294 1436 2355; x_wconf 89' lang='lat' dir='ltr'><strong>per</strong></span> <span class='ocrx_word' id='word_1_61' title='bbox 1464 2277 1837 2354; x_wconf 88' lang='lat' dir='ltr'><strong>jussionem</strong></span> <span class='ocrx_word' id='word_1_62' title='bbox 1872 2275 1989 2335; x_wconf 90' lang='lat' dir='ltr'><strong>Dei</strong></span> <span class='ocrx_word' id='word_1_63' title='bbox 2026 2281 2529 2352; x_wconf 88' lang='lat' dir='ltr'><strong>processerunt,</strong></span> <span class='ocrx_word' id='word_1_64' title='bbox 2581 2277 2912 2353; x_wconf 84' lang='lat' dir='ltr'><strong>plurimae</strong></span> <span class='ocrx_word' id='word_1_65' title='bbox 2946 2279 3205 2354; x_wconf 89' lang='lat' dir='ltr'><strong>stellae,</strong></span> <span class='ocrx_word' id='word_1_66' title='bbox 3234 2295 3408 2357; x_wconf 85' lang='lat' dir='ltr'><strong>quae</strong></span> <span class='ocrx_word' id='word_1_67' title='bbox 3450 2281 3748 2341; x_wconf 87' lang='lat' dir='ltr'><strong>innume-</strong></span> 
     </span>
     <span class='ocr_line' id='line_1_12' title="bbox 651 2380 3745 2459; baseline 0.001 -15"><span class='ocrx_word' id='word_1_68' title='bbox 651 2387 899 2446; x_wconf 90' lang='lat' dir='ltr'><strong>rabiles</strong></span> <span class='ocrx_word' id='word_1_69' title='bbox 936 2386 1003 2444; x_wconf 91' lang='lat' dir='ltr'><strong>in</strong></span> <span class='ocrx_word' id='word_1_70' title='bbox 1037 2385 1284 2444; x_wconf 88' lang='lat' dir='ltr'><strong>lumine</strong></span> <span class='ocrx_word' id='word_1_71' title='bbox 1318 2385 1475 2443; x_wconf 91' lang='lat' dir='ltr'><strong>tunc</strong></span> <span class='ocrx_word' id='word_1_72' title='bbox 1512 2381 1801 2456; x_wconf 84' lang='lat' dir='ltr'><strong>fuerunt,</strong></span> <span class='ocrx_word' id='word_1_73' title='bbox 1842 2397 1993 2440; x_wconf 91' lang='lat' dir='ltr'><strong>cum</strong></span> <span class='ocrx_word' id='word_1_74' title='bbox 2031 2381 2144 2440; x_wconf 92' lang='lat' dir='ltr'><strong>illo</strong></span> <span class='ocrx_word' id='word_1_75' title='bbox 2195 2381 2310 2457; x_wconf 84' lang='lat' dir='ltr'><strong>qui</strong></span> <span class='ocrx_word' id='word_1_76' title='bbox 2343 2380 2609 2441; x_wconf 85' lang='lat' dir='ltr'><strong>Lucifer</strong></span> <span class='ocrx_word' id='word_1_77' title='bbox 2645 2387 2811 2457; x_wconf 88' lang='lat' dir='ltr'><strong>erat,</strong></span> <span class='ocrx_word' id='word_1_78' title='bbox 2850 2383 3258 2459; x_wconf 90' lang='lat' dir='ltr'><strong>ceciderunt,</strong></span> <span class='ocrx_word' id='word_1_79' title='bbox 3307 2391 3376 2445; x_wconf 89' lang='lat' dir='ltr'><strong>et</strong></span> <span class='ocrx_word' id='word_1_80' title='bbox 3407 2401 3533 2446; x_wconf 83' lang='lat' dir='ltr'><strong>nox</strong></span> <span class='ocrx_word' id='word_1_81' title='bbox 3566 2403 3745 2446; x_wconf 89' lang='lat' dir='ltr'><strong>mor-</strong></span> 
     </span>
     <span class='ocr_line' id='line_1_13' title="bbox 648 2486 3746 2569; baseline 0.001 -19"><span class='ocrx_word' id='word_1_82' title='bbox 648 2492 736 2551; x_wconf 89' lang='lat' dir='ltr'><strong>tis</strong></span> <span class='ocrx_word' id='word_1_83' title='bbox 772 2493 905 2552; x_wconf 87' lang='lat' dir='ltr'><strong>illis</strong></span> <span class='ocrx_word' id='word_1_84' title='bbox 940 2492 1333 2551; x_wconf 83' lang='lat' dir='ltr'><strong>cadentibus</strong></span> <span class='ocrx_word' id='word_1_85' title='bbox 1366 2494 1769 2566; x_wconf 87' lang='lat' dir='ltr'><strong>praeparata</strong></span> <span class='ocrx_word' id='word_1_86' title='bbox 1802 2494 1922 2547; x_wconf 88' lang='lat' dir='ltr'><strong>est.</strong></span> <span class='ocrx_word' id='word_1_87' title='bbox 1959 2486 2086 2548; x_wconf 86' lang='lat' dir='ltr'><strong>Sed</strong></span> <span class='ocrx_word' id='word_1_88' title='bbox 2120 2488 2448 2563; x_wconf 89' lang='lat' dir='ltr'><strong>planetae,</strong></span> <span class='ocrx_word' id='word_1_89' title='bbox 2486 2488 2747 2548; x_wconf 90' lang='lat' dir='ltr'><strong>scilicet</strong></span> <span class='ocrx_word' id='word_1_90' title='bbox 2781 2490 3000 2565; x_wconf 83' lang='lat' dir='ltr'><strong>angeli</strong></span> <span class='ocrx_word' id='word_1_91' title='bbox 3032 2489 3360 2567; x_wconf 88' lang='lat' dir='ltr'><strong>justitiae,</strong></span> <span class='ocrx_word' id='word_1_92' title='bbox 3406 2494 3521 2569; x_wconf 86' lang='lat' dir='ltr'><strong>qui</strong></span> <span class='ocrx_word' id='word_1_93' title='bbox 3556 2494 3746 2553; x_wconf 86' lang='lat' dir='ltr'><strong>flam-</strong></span> 
     </span>
     <span class='ocr_line' id='line_1_14' title="bbox 649 2587 3747 2670; baseline 0.001 -16"><span class='ocrx_word' id='word_1_94' title='bbox 649 2611 758 2654; x_wconf 88' lang='lat' dir='ltr'><strong>ma</strong></span> <span class='ocrx_word' id='word_1_95' title='bbox 786 2595 957 2670; x_wconf 83' lang='lat' dir='ltr'><strong>ignis</strong></span> <span class='ocrx_word' id='word_1_96' title='bbox 985 2600 1163 2669; x_wconf 89' lang='lat' dir='ltr'><strong>sunt,</strong></span> <span class='ocrx_word' id='word_1_97' title='bbox 1192 2610 1344 2654; x_wconf 90' lang='lat' dir='ltr'><strong>cum</strong></span> <span class='ocrx_word' id='word_1_98' title='bbox 1377 2593 1511 2653; x_wconf 90' lang='lat' dir='ltr'><strong>Deo</strong></span> <span class='ocrx_word' id='word_1_99' title='bbox 1545 2594 2002 2668; x_wconf 88' lang='lat' dir='ltr'><strong>perstiterunt,</strong></span> <span class='ocrx_word' id='word_1_100' title='bbox 2034 2587 2085 2670; x_wconf 86' lang='lat'><strong>²)</strong></span> <span class='ocrx_word' id='word_1_101' title='bbox 2120 2597 2187 2651; x_wconf 90' lang='lat' dir='ltr'><strong>et</strong></span> <span class='ocrx_word' id='word_1_102' title='bbox 2224 2591 2710 2667; x_wconf 81' lang='lat' dir='ltr'><strong>inextinguibili</strong></span> <span class='ocrx_word' id='word_1_103' title='bbox 2748 2593 2907 2669; x_wconf 82' lang='lat' dir='ltr'><strong>igni,</strong></span> <span class='ocrx_word' id='word_1_104' title='bbox 2945 2594 3061 2670; x_wconf 88' lang='lat' dir='ltr'><strong>qui</strong></span> <span class='ocrx_word' id='word_1_105' title='bbox 3094 2595 3233 2655; x_wconf 87' lang='lat' dir='ltr'><strong>vita</strong></span> <span class='ocrx_word' id='word_1_106' title='bbox 3264 2601 3371 2655; x_wconf 91' lang='lat' dir='ltr'><strong>est</strong></span> <span class='ocrx_word' id='word_1_107' title='bbox 3405 2597 3747 2657; x_wconf 85' lang='lat' dir='ltr'><strong>ministra-</strong></span> 
     </span>
     <span class='ocr_line' id='line_1_15' title="bbox 647 2696 3739 2776; baseline 0.002 -18"><span class='ocrx_word' id='word_1_108' title='bbox 647 2700 826 2758; x_wconf 85' lang='lat' dir='ltr'><strong>bant.</strong></span> <span class='ocrx_word' id='word_1_109' title='bbox 879 2700 1092 2774; x_wconf 86' lang='lat' dir='ltr'><strong>Tyrus</strong></span> <span class='ocrx_word' id='word_1_110' title='bbox 1141 2715 1301 2759; x_wconf 90' lang='lat' dir='ltr'><strong>vero</strong></span> <span class='ocrx_word' id='word_1_111' title='bbox 1353 2698 1688 2757; x_wconf 86' lang='lat' dir='ltr'><strong>flammam</strong></span> <span class='ocrx_word' id='word_1_112' title='bbox 1735 2696 1958 2771; x_wconf 86' lang='lat' dir='ltr'><strong>habet,</strong></span> <span class='ocrx_word' id='word_1_113' title='bbox 2011 2713 2212 2773; x_wconf 84' lang='lat' dir='ltr'><strong>quam</strong></span> <span class='ocrx_word' id='word_1_114' title='bbox 2245 2702 2486 2756; x_wconf 86' lang='lat' dir='ltr'><strong>ventus</strong></span> <span class='ocrx_word' id='word_1_115' title='bbox 2527 2703 2774 2771; x_wconf 89' lang='lat' dir='ltr'><strong>movet;</strong></span> <span class='ocrx_word' id='word_1_116' title='bbox 2830 2699 2921 2759; x_wconf 88' lang='lat' dir='ltr'><strong>ita</strong></span> <span class='ocrx_word' id='word_1_117' title='bbox 2970 2701 3146 2776; x_wconf 90' lang='lat' dir='ltr'><strong>quod</strong></span> <span class='ocrx_word' id='word_1_118' title='bbox 3188 2700 3421 2762; x_wconf 89' lang='lat' dir='ltr'><strong>eadem</strong></span> <span class='ocrx_word' id='word_1_119' title='bbox 3471 2702 3739 2763; x_wconf 84' lang='lat' dir='ltr'><strong>flamma</strong></span> 
     </span>
     <span class='ocr_line' id='line_1_16' title="bbox 647 2801 3744 2881; baseline 0.003 -20"><span class='ocrx_word' id='word_1_120' title='bbox 647 2802 990 2877; x_wconf 84' lang='lat' dir='ltr'><strong>flagrando</strong></span> <span class='ocrx_word' id='word_1_121' title='bbox 1047 2807 1344 2880; x_wconf 87' lang='lat' dir='ltr'><strong>apparet.</strong></span> <span class='ocrx_word' id='word_1_122' title='bbox 1402 2801 1508 2862; x_wconf 88' lang='lat' dir='ltr'><strong>Sic</strong></span> <span class='ocrx_word' id='word_1_123' title='bbox 1543 2803 1611 2861; x_wconf 90' lang='lat' dir='ltr'><strong>in</strong></span> <span class='ocrx_word' id='word_1_124' title='bbox 1641 2816 1806 2862; x_wconf 84' lang='lat' dir='ltr'><strong>voce</strong></span> <span class='ocrx_word' id='word_1_125' title='bbox 1839 2802 2120 2861; x_wconf 91' lang='lat' dir='ltr'><strong>verbum</strong></span> <span class='ocrx_word' id='word_1_126' title='bbox 2154 2806 2293 2875; x_wconf 89' lang='lat' dir='ltr'><strong>est,</strong></span> <span class='ocrx_word' id='word_1_127' title='bbox 2331 2807 2397 2861; x_wconf 88' lang='lat' dir='ltr'><strong>et</strong></span> <span class='ocrx_word' id='word_1_128' title='bbox 2429 2803 2708 2862; x_wconf 88' lang='lat' dir='ltr'><strong>verbum</strong></span> <span class='ocrx_word' id='word_1_129' title='bbox 2745 2803 3034 2866; x_wconf 86' lang='lat' dir='ltr'><strong>auditur.</strong></span> <span class='ocrx_word' id='word_1_130' title='bbox 3069 2806 3149 2865; x_wconf 80' lang='lat' dir='ltr'><strong>Et</strong></span> <span class='ocrx_word' id='word_1_131' title='bbox 3201 2807 3373 2881; x_wconf 84' lang='lat' dir='ltr'><strong>ignis</strong></span> <span class='ocrx_word' id='word_1_132' title='bbox 3408 2807 3744 2868; x_wconf 83' lang='lat' dir='ltr'><strong>flammam</strong></span> 
     </span>
     <span class='ocr_line' id='line_1_17' title="bbox 650 2905 3743 2981; baseline 0.002 -14"><span class='ocrx_word' id='word_1_133' title='bbox 650 2909 870 2981; x_wconf 84' lang='lat' dir='ltr'><strong>habet,</strong></span> <span class='ocrx_word' id='word_1_134' title='bbox 923 2914 991 2968; x_wconf 91' lang='lat' dir='ltr'><strong>et</strong></span> <span class='ocrx_word' id='word_1_135' title='bbox 1022 2907 1155 2968; x_wconf 89' lang='lat' dir='ltr'><strong>Deo</strong></span> <span class='ocrx_word' id='word_1_136' title='bbox 1208 2908 1353 2967; x_wconf 90' lang='lat' dir='ltr'><strong>laus</strong></span> <span class='ocrx_word' id='word_1_137' title='bbox 1400 2913 1523 2967; x_wconf 89' lang='lat' dir='ltr'><strong>cst.</strong></span> <span class='ocrx_word' id='word_1_138' title='bbox 1574 2907 1654 2967; x_wconf 88' lang='lat' dir='ltr'><strong>Et</strong></span> <span class='ocrx_word' id='word_1_139' title='bbox 1701 2911 1942 2966; x_wconf 84' lang='lat' dir='ltr'><strong>ventus</strong></span> <span class='ocrx_word' id='word_1_140' title='bbox 1989 2905 2327 2965; x_wconf 82' lang='lat' dir='ltr'><strong>flammam</strong></span> <span class='ocrx_word' id='word_1_141' title='bbox 2375 2912 2620 2981; x_wconf 91' lang='lat' dir='ltr'><strong>movet,</strong></span> <span class='ocrx_word' id='word_1_142' title='bbox 2673 2911 2739 2968; x_wconf 90' lang='lat' dir='ltr'><strong>et</strong></span> <span class='ocrx_word' id='word_1_143' title='bbox 2776 2907 2908 2968; x_wconf 90' lang='lat' dir='ltr'><strong>Deo</strong></span> <span class='ocrx_word' id='word_1_144' title='bbox 2961 2908 3109 2969; x_wconf 86' lang='lat' dir='ltr'><strong>laus</strong></span> <span class='ocrx_word' id='word_1_145' title='bbox 3159 2916 3283 2971; x_wconf 88' lang='lat' dir='ltr'><strong>est.</strong></span> <span class='ocrx_word' id='word_1_146' title='bbox 3333 2911 3413 2971; x_wconf 86' lang='lat' dir='ltr'><strong>Et</strong></span> <span class='ocrx_word' id='word_1_147' title='bbox 3465 2912 3530 2971; x_wconf 90' lang='lat' dir='ltr'><strong>in</strong></span> <span class='ocrx_word' id='word_1_148' title='bbox 3579 2929 3743 2973; x_wconf 90' lang='lat' dir='ltr'><strong>voce</strong></span> 
     </span>
     <span class='ocr_line' id='line_1_18' title="bbox 645 3007 3284 3093; baseline 0 -20"><span class='ocrx_word' id='word_1_149' title='bbox 645 3012 926 3073; x_wconf 89' lang='lat' dir='ltr'><strong>verbum</strong></span> <span class='ocrx_word' id='word_1_150' title='bbox 958 3018 1083 3089; x_wconf 87' lang='lat' dir='ltr'><strong>est,</strong></span> <span class='ocrx_word' id='word_1_151' title='bbox 1121 3014 1189 3074; x_wconf 91' lang='lat' dir='ltr'><strong>et</strong></span> <span class='ocrx_word' id='word_1_152' title='bbox 1218 3007 1352 3072; x_wconf 87' lang='lat' dir='ltr'><strong>Deo</strong></span> <span class='ocrx_word' id='word_1_153' title='bbox 1387 3012 1535 3072; x_wconf 87' lang='lat' dir='ltr'><strong>laus</strong></span> <span class='ocrx_word' id='word_1_154' title='bbox 1569 3016 1693 3071; x_wconf 88' lang='lat' dir='ltr'><strong>est.</strong></span> <span class='ocrx_word' id='word_1_155' title='bbox 1729 3011 1946 3087; x_wconf 84' lang='lat' dir='ltr'><strong>Atque</strong></span> <span class='ocrx_word' id='word_1_156' title='bbox 1979 3010 2258 3071; x_wconf 89' lang='lat' dir='ltr'><strong>verbum</strong></span> <span class='ocrx_word' id='word_1_157' title='bbox 2293 3010 2586 3086; x_wconf 88' lang='lat' dir='ltr'><strong>auditur,</strong></span> <span class='ocrx_word' id='word_1_158' title='bbox 2623 3016 2690 3071; x_wconf 91' lang='lat' dir='ltr'><strong>et</strong></span> <span class='ocrx_word' id='word_1_159' title='bbox 2722 3011 2855 3073; x_wconf 90' lang='lat' dir='ltr'><strong>Deo</strong></span> <span class='ocrx_word' id='word_1_160' title='bbox 2892 3013 3040 3073; x_wconf 87' lang='lat' dir='ltr'><strong>laus</strong></span> <span class='ocrx_word' id='word_1_161' title='bbox 3075 3019 3199 3075; x_wconf 90' lang='lat' dir='ltr'><strong>est.</strong></span> <span class='ocrx_word' id='word_1_162' title='bbox 3234 3007 3284 3093; x_wconf 78' lang='lat'><strong>⁸)</strong></span> 
     </span>
    </p>

    <p class='ocr_par' dir='ltr' id='par_1_8' title="bbox 641 3114 3742 3297">
     <span class='ocr_line' id='line_1_19' title="bbox 735 3114 3742 3197; baseline 0.001 -20"><span class='ocrx_word' id='word_1_163' title='bbox 735 3116 1152 3194; x_wconf 86' lang='lat' dir='ltr'><strong>Quapropter</strong></span> <span class='ocrx_word' id='word_1_164' title='bbox 1197 3122 1267 3176; x_wconf 92' lang='lat' dir='ltr'><strong>et</strong></span> <span class='ocrx_word' id='word_1_165' title='bbox 1314 3117 1533 3176; x_wconf 90' lang='lat' dir='ltr'><strong>omnis</strong></span> <span class='ocrx_word' id='word_1_166' title='bbox 1580 3121 1892 3177; x_wconf 87' lang='lat' dir='ltr'><strong>creatura</strong></span> <span class='ocrx_word' id='word_1_167' title='bbox 1941 3116 2091 3175; x_wconf 89' lang='lat' dir='ltr'><strong>laus</strong></span> <span class='ocrx_word' id='word_1_168' title='bbox 2138 3114 2255 3174; x_wconf 90' lang='lat' dir='ltr'><strong>Dei</strong></span> <span class='ocrx_word' id='word_1_169' title='bbox 2304 3121 2427 3175; x_wconf 89' lang='lat' dir='ltr'><strong>est.</strong></span> <span class='ocrx_word' id='word_1_170' title='bbox 2480 3116 2603 3187; x_wconf 90' lang='lat' dir='ltr'><strong>Qui</strong></span> <span class='ocrx_word' id='word_1_171' title='bbox 2636 3133 2765 3176; x_wconf 90' lang='lat' dir='ltr'><strong>non</strong></span> <span class='ocrx_word' id='word_1_172' title='bbox 2814 3119 3027 3192; x_wconf 90' lang='lat' dir='ltr'><strong>timet,</strong></span> <span class='ocrx_word' id='word_1_173' title='bbox 3081 3135 3211 3179; x_wconf 88' lang='lat' dir='ltr'><strong>non</strong></span> <span class='ocrx_word' id='word_1_174' title='bbox 3261 3127 3469 3196; x_wconf 80' lang='lat' dir='ltr'><strong>amat3</strong></span> <span class='ocrx_word' id='word_1_175' title='bbox 3522 3127 3591 3180; x_wconf 87' lang='lat' dir='ltr'><strong>et</strong></span> <span class='ocrx_word' id='word_1_176' title='bbox 3623 3124 3742 3197; x_wconf 86' lang='lat' dir='ltr'><strong>qui</strong></span> 
     </span>
     <span class='ocr_line' id='line_1_20' title="bbox 641 3219 3564 3297; baseline 0.001 -15"><span class='ocrx_word' id='word_1_177' title='bbox 641 3240 773 3284; x_wconf 89' lang='lat' dir='ltr'><strong>non</strong></span> <span class='ocrx_word' id='word_1_178' title='bbox 805 3222 1055 3297; x_wconf 88' lang='lat' dir='ltr'><strong>laudat,</strong></span> <span class='ocrx_word' id='word_1_179' title='bbox 1093 3239 1221 3282; x_wconf 91' lang='lat' dir='ltr'><strong>non</strong></span> <span class='ocrx_word' id='word_1_180' title='bbox 1256 3223 1590 3297; x_wconf 89' lang='lat' dir='ltr'><strong>operatur.</strong></span> <span class='ocrx_word' id='word_1_181' title='bbox 1624 3220 1705 3281; x_wconf 87' lang='lat' dir='ltr'><strong>Et</strong></span> <span class='ocrx_word' id='word_1_182' title='bbox 1739 3222 1940 3280; x_wconf 89' lang='lat' dir='ltr'><strong>timor</strong></span> <span class='ocrx_word' id='word_1_183' title='bbox 1975 3220 2149 3294; x_wconf 82' lang='lat' dir='ltr'><strong>ignis</strong></span> <span class='ocrx_word' id='word_1_184' title='bbox 2184 3225 2308 3294; x_wconf 92' lang='lat' dir='ltr'><strong>est,</strong></span> <span class='ocrx_word' id='word_1_185' title='bbox 2345 3223 2412 3280; x_wconf 91' lang='lat' dir='ltr'><strong>et</strong></span> <span class='ocrx_word' id='word_1_186' title='bbox 2446 3219 2744 3280; x_wconf 87' lang='lat' dir='ltr'><strong>charitas</strong></span> <span class='ocrx_word' id='word_1_187' title='bbox 2781 3227 2853 3281; x_wconf 91' lang='lat' dir='ltr'><strong>ut</strong></span> <span class='ocrx_word' id='word_1_188' title='bbox 2886 3222 3152 3282; x_wconf 85' lang='lat' dir='ltr'><strong>flamma</strong></span> <span class='ocrx_word' id='word_1_189' title='bbox 3192 3239 3267 3283; x_wconf 87' lang='lat' dir='ltr'><strong>se</strong></span> <span class='ocrx_word' id='word_1_190' title='bbox 3304 3224 3564 3285; x_wconf 89' lang='lat' dir='ltr'><strong>dilatat.</strong></span> 
     </span>
    </p>

    <p class='ocr_par' dir='ltr' id='par_1_9' title="bbox 645 3323 3736 3609">
     <span class='ocr_line' id='line_1_21' title="bbox 729 3323 3733 3403; baseline 0.001 -18"><span class='ocrx_word' id='word_1_191' title='bbox 729 3327 810 3385; x_wconf 92' lang='lat' dir='ltr'><strong>Et</strong></span> <span class='ocrx_word' id='word_1_192' title='bbox 844 3328 942 3386; x_wconf 90' lang='lat' dir='ltr'><strong>sic</strong></span> <span class='ocrx_word' id='word_1_193' title='bbox 973 3331 1286 3386; x_wconf 86' lang='lat' dir='ltr'><strong>creatura</strong></span> <span class='ocrx_word' id='word_1_194' title='bbox 1323 3326 1471 3385; x_wconf 89' lang='lat' dir='ltr'><strong>laus</strong></span> <span class='ocrx_word' id='word_1_195' title='bbox 1505 3330 1632 3399; x_wconf 89' lang='lat' dir='ltr'><strong>est,</strong></span> <span class='ocrx_word' id='word_1_196' title='bbox 1684 3331 1751 3384; x_wconf 91' lang='lat' dir='ltr'><strong>et</strong></span> <span class='ocrx_word' id='word_1_197' title='bbox 1786 3323 1984 3384; x_wconf 89' lang='lat' dir='ltr'><strong>horno</strong></span> <span class='ocrx_word' id='word_1_198' title='bbox 2021 3340 2191 3400; x_wconf 90' lang='lat' dir='ltr'><strong>opus</strong></span> <span class='ocrx_word' id='word_1_199' title='bbox 2224 3328 2348 3383; x_wconf 91' lang='lat' dir='ltr'><strong>est.</strong></span> <span class='ocrx_word' id='word_1_200' title='bbox 2401 3323 2467 3383; x_wconf 90' lang='lat' dir='ltr'><strong>Si</strong></span> <span class='ocrx_word' id='word_1_201' title='bbox 2501 3330 2726 3384; x_wconf 91' lang='lat' dir='ltr'><strong>autem</strong></span> <span class='ocrx_word' id='word_1_202' title='bbox 2759 3332 3071 3387; x_wconf 86' lang='lat' dir='ltr'><strong>creatura</strong></span> <span class='ocrx_word' id='word_1_203' title='bbox 3120 3343 3253 3387; x_wconf 89' lang='lat' dir='ltr'><strong>non</strong></span> <span class='ocrx_word' id='word_1_204' title='bbox 3287 3332 3495 3403; x_wconf 91' lang='lat' dir='ltr'><strong>esset,</strong></span> <span class='ocrx_word' id='word_1_205' title='bbox 3534 3327 3733 3387; x_wconf 88' lang='lat' dir='ltr'><strong>homo</strong></span> 
     </span>
     <span class='ocr_line' id='line_1_22' title="bbox 645 3425 3736 3505; baseline 0.001 -17"><span class='ocrx_word' id='word_1_206' title='bbox 645 3430 910 3505; x_wconf 88' lang='lat' dir='ltr'><strong>operari</strong></span> <span class='ocrx_word' id='word_1_207' title='bbox 952 3430 1262 3488; x_wconf 90' lang='lat' dir='ltr'><strong>nesciret.</strong></span> <span class='ocrx_word' id='word_1_208' title='bbox 1314 3428 1438 3486; x_wconf 89' lang='lat' dir='ltr'><strong>Sed</strong></span> <span class='ocrx_word' id='word_1_209' title='bbox 1473 3434 1784 3488; x_wconf 87' lang='lat' dir='ltr'><strong>creatura</strong></span> <span class='ocrx_word' id='word_1_210' title='bbox 1835 3428 1901 3487; x_wconf 91' lang='lat' dir='ltr'><strong>in</strong></span> <span class='ocrx_word' id='word_1_211' title='bbox 1931 3427 2230 3503; x_wconf 89' lang='lat' dir='ltr'><strong>jussione</strong></span> <span class='ocrx_word' id='word_1_212' title='bbox 2278 3425 2394 3486; x_wconf 90' lang='lat' dir='ltr'><strong>Dei</strong></span> <span class='ocrx_word' id='word_1_213' title='bbox 2428 3429 2782 3503; x_wconf 89' lang='lat' dir='ltr'><strong>processit,</strong></span> <span class='ocrx_word' id='word_1_214' title='bbox 2834 3435 2903 3489; x_wconf 90' lang='lat' dir='ltr'><strong>et</strong></span> <span class='ocrx_word' id='word_1_215' title='bbox 2937 3432 3294 3490; x_wconf 88' lang='lat' dir='ltr'><strong>consilium</strong></span> <span class='ocrx_word' id='word_1_216' title='bbox 3344 3431 3470 3491; x_wconf 86' lang='lat' dir='ltr'><strong>hoc</strong></span> <span class='ocrx_word' id='word_1_217' title='bbox 3506 3432 3569 3491; x_wconf 92' lang='lat' dir='ltr'><strong>in</strong></span> <span class='ocrx_word' id='word_1_218' title='bbox 3601 3431 3736 3491; x_wconf 89' lang='lat' dir='ltr'><strong>Deo</strong></span> 
     </span>
     <span class='ocr_line' id='line_1_23' title="bbox 647 3530 2984 3609; baseline 0.001 -18"><span class='ocrx_word' id='word_1_219' title='bbox 647 3534 793 3608; x_wconf 83' lang='lat' dir='ltr'><strong>fuit,</strong></span> <span class='ocrx_word' id='word_1_220' title='bbox 833 3532 1011 3609; x_wconf 86' lang='lat' dir='ltr'><strong>quod</strong></span> <span class='ocrx_word' id='word_1_221' title='bbox 1045 3531 1378 3592; x_wconf 86' lang='lat' dir='ltr'><strong>hominem</strong></span> <span class='ocrx_word' id='word_1_222' title='bbox 1421 3531 1504 3590; x_wconf 89' lang='lat' dir='ltr'><strong>ad</strong></span> <span class='ocrx_word' id='word_1_223' title='bbox 1538 3532 1896 3607; x_wconf 81' lang='lat' dir='ltr'><strong>imaginem</strong></span> <span class='ocrx_word' id='word_1_224' title='bbox 1931 3537 1996 3589; x_wconf 88' lang='lat' dir='ltr'><strong>et</strong></span> <span class='ocrx_word' id='word_1_225' title='bbox 2033 3530 2541 3590; x_wconf 88' lang='lat' dir='ltr'><strong>similitudinem</strong></span> <span class='ocrx_word' id='word_1_226' title='bbox 2576 3548 2768 3592; x_wconf 88' lang='lat' dir='ltr'><strong>suam</strong></span> <span class='ocrx_word' id='word_1_227' title='bbox 2807 3533 2984 3594; x_wconf 85' lang='lat' dir='ltr'><strong>fecit.</strong></span> 
     </span>
    </p>

    <p class='ocr_par' dir='ltr' id='par_1_10' title="bbox 643 3633 3731 3916">
     <span class='ocr_line' id='line_1_24' title="bbox 731 3633 3727 3714; baseline 0.001 -17"><span class='ocrx_word' id='word_1_228' title='bbox 731 3637 897 3697; x_wconf 88' lang='lat' dir='ltr'><strong>Nam</strong></span> <span class='ocrx_word' id='word_1_229' title='bbox 930 3652 1080 3697; x_wconf 90' lang='lat' dir='ltr'><strong>cum</strong></span> <span class='ocrx_word' id='word_1_230' title='bbox 1116 3636 1430 3695; x_wconf 85' lang='lat' dir='ltr'><strong>cadentes</strong></span> <span class='ocrx_word' id='word_1_231' title='bbox 1481 3635 1718 3695; x_wconf 87' lang='lat' dir='ltr'><strong>stellae</strong></span> <span class='ocrx_word' id='word_1_232' title='bbox 1750 3633 1954 3694; x_wconf 90' lang='lat' dir='ltr'><strong>Deum</strong></span> <span class='ocrx_word' id='word_1_233' title='bbox 1990 3650 2122 3693; x_wconf 89' lang='lat' dir='ltr'><strong>non</strong></span> <span class='ocrx_word' id='word_1_234' title='bbox 2156 3634 2619 3709; x_wconf 88' lang='lat' dir='ltr'><strong>laudaverunt,</strong></span> <span class='ocrx_word' id='word_1_235' title='bbox 2672 3652 2794 3696; x_wconf 90' lang='lat' dir='ltr'><strong>nec</strong></span> <span class='ocrx_word' id='word_1_236' title='bbox 2827 3653 3030 3713; x_wconf 91' lang='lat' dir='ltr'><strong>opera</strong></span> <span class='ocrx_word' id='word_1_237' title='bbox 3062 3638 3211 3714; x_wconf 88' lang='lat' dir='ltr'><strong>ejus</strong></span> <span class='ocrx_word' id='word_1_238' title='bbox 3261 3644 3727 3712; x_wconf 87' lang='lat' dir='ltr'><strong>narraverunt,</strong></span> 
     </span>
     <span class='ocr_line' id='line_1_25' title="bbox 643 3738 3731 3818; baseline -0 -15"><span class='ocrx_word' id='word_1_239' title='bbox 643 3757 773 3804; x_wconf 84' lang='lat' dir='ltr'><strong>nox</strong></span> <span class='ocrx_word' id='word_1_240' title='bbox 798 3741 1035 3801; x_wconf 88' lang='lat' dir='ltr'><strong>mortis</strong></span> <span class='ocrx_word' id='word_1_241' title='bbox 1094 3740 1261 3815; x_wconf 88' lang='lat' dir='ltr'><strong>ipsis</strong></span> <span class='ocrx_word' id='word_1_242' title='bbox 1309 3738 1563 3814; x_wconf 89' lang='lat' dir='ltr'><strong>scripta</strong></span> <span class='ocrx_word' id='word_1_243' title='bbox 1618 3744 1752 3812; x_wconf 88' lang='lat' dir='ltr'><strong>est,</strong></span> <span class='ocrx_word' id='word_1_244' title='bbox 1813 3738 1970 3813; x_wconf 88' lang='lat' dir='ltr'><strong>quia</strong></span> <span class='ocrx_word' id='word_1_245' title='bbox 2020 3738 2230 3797; x_wconf 86' lang='lat' dir='ltr'><strong>vitam</strong></span> <span class='ocrx_word' id='word_1_246' title='bbox 2288 3740 2759 3813; x_wconf 82' lang='lat' dir='ltr'><strong>neglexerunt,</strong></span> <span class='ocrx_word' id='word_1_247' title='bbox 2821 3748 2890 3802; x_wconf 91' lang='lat' dir='ltr'><strong>et</strong></span> <span class='ocrx_word' id='word_1_248' title='bbox 2938 3757 3142 3818; x_wconf 88' lang='lat' dir='ltr'><strong>opera</strong></span> <span class='ocrx_word' id='word_1_249' title='bbox 3190 3742 3308 3803; x_wconf 88' lang='lat' dir='ltr'><strong>Dei</strong></span> <span class='ocrx_word' id='word_1_250' title='bbox 3354 3743 3731 3817; x_wconf 89' lang='lat' dir='ltr'><strong>noluerunt;</strong></span> 
     </span>
     <span class='ocr_line' id='line_1_26' title="bbox 646 3842 2119 3916; baseline -0.004 -10"><span class='ocrx_word' id='word_1_251' title='bbox 646 3846 817 3907; x_wconf 91' lang='lat' dir='ltr'><strong>unde</strong></span> <span class='ocrx_word' id='word_1_252' title='bbox 866 3846 1070 3905; x_wconf 89' lang='lat' dir='ltr'><strong>etiam</strong></span> <span class='ocrx_word' id='word_1_253' title='bbox 1106 3843 1188 3905; x_wconf 90' lang='lat' dir='ltr'><strong>ad</strong></span> <span class='ocrx_word' id='word_1_254' title='bbox 1222 3842 1503 3902; x_wconf 87' lang='lat' dir='ltr'><strong>nihilum</strong></span> <span class='ocrx_word' id='word_1_255' title='bbox 1540 3843 1907 3916; x_wconf 85' lang='lat' dir='ltr'><strong>computati</strong></span> <span class='ocrx_word' id='word_1_256' title='bbox 1944 3847 2119 3901; x_wconf 89' lang='lat' dir='ltr'><strong>sunt.</strong></span> 
     </span>
    </p>

    <p class='ocr_par' dir='ltr' id='par_1_11' title="bbox 642 3945 3734 4234">
     <span class='ocr_line' id='line_1_27' title="bbox 732 3945 3731 4025; baseline -0.001 -14"><span class='ocrx_word' id='word_1_257' title='bbox 732 3952 914 4011; x_wconf 90' lang='lat' dir='ltr'><strong>Tunc</strong></span> <span class='ocrx_word' id='word_1_258' title='bbox 948 3949 1121 4008; x_wconf 91' lang='lat' dir='ltr'><strong>Deus</strong></span> <span class='ocrx_word' id='word_1_259' title='bbox 1171 3963 1485 4023; x_wconf 82' lang='lat' dir='ltr'><strong>magnum</strong></span> <span class='ocrx_word' id='word_1_260' title='bbox 1523 3946 1650 4007; x_wconf 90' lang='lat' dir='ltr'><strong>hoc</strong></span> <span class='ocrx_word' id='word_1_261' title='bbox 1698 3946 2052 4006; x_wconf 88' lang='lat' dir='ltr'><strong>consilium</strong></span> <span class='ocrx_word' id='word_1_262' title='bbox 2098 3945 2163 4004; x_wconf 88' lang='lat' dir='ltr'><strong>in</strong></span> <span class='ocrx_word' id='word_1_263' title='bbox 2213 3947 2575 4022; x_wconf 89' lang='lat' dir='ltr'><strong>semetipso</strong></span> <span class='ocrx_word' id='word_1_264' title='bbox 2613 3947 2866 4023; x_wconf 88' lang='lat' dir='ltr'><strong>habuit,</strong></span> <span class='ocrx_word' id='word_1_265' title='bbox 2919 3949 3095 4025; x_wconf 88' lang='lat' dir='ltr'><strong>quod</strong></span> <span class='ocrx_word' id='word_1_266' title='bbox 3150 3949 3523 4010; x_wconf 83' lang='lat' dir='ltr'><strong>fortitudini</strong></span> <span class='ocrx_word' id='word_1_267' title='bbox 3574 3966 3731 4010; x_wconf 88' lang='lat' dir='ltr'><strong>suae</strong></span> 
     </span>
     <span class='ocr_line' id='line_1_28' title="bbox 642 4049 3732 4129; baseline 0 -16"><span class='ocrx_word' id='word_1_268' title='bbox 642 4054 824 4114; x_wconf 88' lang='lat' dir='ltr'><strong>nulla</strong></span> <span class='ocrx_word' id='word_1_269' title='bbox 874 4052 1252 4112; x_wconf 88' lang='lat' dir='ltr'><strong>adversitas</strong></span> <span class='ocrx_word' id='word_1_270' title='bbox 1301 4050 1712 4111; x_wconf 88' lang='lat' dir='ltr'><strong>credentium</strong></span> <span class='ocrx_word' id='word_1_271' title='bbox 1762 4049 2177 4124; x_wconf 81' lang='lat' dir='ltr'><strong>praetulerit3</strong></span> <span class='ocrx_word' id='word_1_272' title='bbox 2230 4051 2431 4125; x_wconf 86' lang='lat' dir='ltr'><strong>atque</strong></span> <span class='ocrx_word' id='word_1_273' title='bbox 2463 4050 2820 4126; x_wconf 88' lang='lat' dir='ltr'><strong>praevidit,</strong></span> <span class='ocrx_word' id='word_1_274' title='bbox 2861 4051 3035 4129; x_wconf 84' lang='lat' dir='ltr'><strong>quod</strong></span> <span class='ocrx_word' id='word_1_275' title='bbox 3074 4053 3140 4112; x_wconf 89' lang='lat' dir='ltr'><strong>in</strong></span> <span class='ocrx_word' id='word_1_276' title='bbox 3176 4052 3460 4113; x_wconf 86' lang='lat' dir='ltr'><strong>feminea</strong></span> <span class='ocrx_word' id='word_1_277' title='bbox 3494 4061 3732 4113; x_wconf 84' lang='lat' dir='ltr'><strong>natura</strong></span> 
     </span>
     <span class='ocr_line' id='line_1_29' title="bbox 642 4152 3734 4234; baseline -0.001 -16"><span class='ocrx_word' id='word_1_278' title='bbox 642 4173 811 4234; x_wconf 85' lang='lat' dir='ltr'><strong>opus</strong></span> <span class='ocrx_word' id='word_1_279' title='bbox 848 4158 980 4217; x_wconf 88' lang='lat' dir='ltr'><strong>tale</strong></span> <span class='ocrx_word' id='word_1_280' title='bbox 1019 4157 1321 4217; x_wconf 82' lang='lat' dir='ltr'><strong>facturus</strong></span> <span class='ocrx_word' id='word_1_281' title='bbox 1355 4161 1525 4231; x_wconf 90' lang='lat' dir='ltr'><strong>erat,</strong></span> <span class='ocrx_word' id='word_1_282' title='bbox 1577 4153 1753 4231; x_wconf 86' lang='lat' dir='ltr'><strong>quod</strong></span> <span class='ocrx_word' id='word_1_283' title='bbox 1787 4168 1910 4213; x_wconf 90' lang='lat' dir='ltr'><strong>nec</strong></span> <span class='ocrx_word' id='word_1_284' title='bbox 1945 4153 2188 4227; x_wconf 84' lang='lat' dir='ltr'><strong>angeli,</strong></span> <span class='ocrx_word' id='word_1_285' title='bbox 2240 4168 2361 4211; x_wconf 91' lang='lat' dir='ltr'><strong>nec</strong></span> <span class='ocrx_word' id='word_1_286' title='bbox 2395 4152 2616 4228; x_wconf 85' lang='lat' dir='ltr'><strong>homo,</strong></span> <span class='ocrx_word' id='word_1_287' title='bbox 2669 4170 2787 4213; x_wconf 91' lang='lat' dir='ltr'><strong>nec</strong></span> <span class='ocrx_word' id='word_1_288' title='bbox 2823 4156 2959 4215; x_wconf 90' lang='lat' dir='ltr'><strong>ulla</strong></span> <span class='ocrx_word' id='word_1_289' title='bbox 3010 4157 3140 4215; x_wconf 87' lang='lat' dir='ltr'><strong>alia</strong></span> <span class='ocrx_word' id='word_1_290' title='bbox 3190 4162 3499 4217; x_wconf 88' lang='lat' dir='ltr'><strong>creatura</strong></span> <span class='ocrx_word' id='word_1_291' title='bbox 3550 4157 3628 4217; x_wconf 85' lang='lat' dir='ltr'><strong>ad</strong></span> <span class='ocrx_word' id='word_1_292' title='bbox 3665 4156 3734 4216; x_wconf 82' lang='lat' dir='ltr'><strong>ti-</strong></span> 
     </span>
    </p>
   </div>
   <div class='ocr_carea' id='block_1_8' title="bbox 641 4259 1462 4336">
    <p class='ocr_par' dir='ltr' id='par_1_12' title="bbox 641 4259 1462 4336">
     <span class='ocr_line' id='line_1_30' title="bbox 641 4259 1462 4336; baseline 0 -18"><span class='ocrx_word' id='word_1_293' title='bbox 641 4276 791 4319; x_wconf 87' lang='lat' dir='ltr'><strong>nem</strong></span> <span class='ocrx_word' id='word_1_294' title='bbox 827 4259 1194 4336; x_wconf 86' lang='lat' dir='ltr'><strong>perducere</strong></span> <span class='ocrx_word' id='word_1_295' title='bbox 1228 4260 1462 4335; x_wconf 87' lang='lat' dir='ltr'><strong>possit.</strong></span> 
     </span>
    </p>
   </div>
   <div class='ocr_carea' id='block_1_9' title="bbox 635 4458 3726 5220">
    <p class='ocr_par' dir='ltr' id='par_1_13' title="bbox 635 4458 3726 5220">
     <span class='ocr_line' id='line_1_31' title="bbox 711 4458 3725 4534; baseline -0.001 -16"><span class='ocrx_word' id='word_1_296' title='bbox 711 4463 754 4527; x_wconf 83' lang='lat'><strong>¹)</strong></span> <span class='ocrx_word' id='word_1_297' title='bbox 771 4461 852 4518; x_wconf 85' lang='lat' dir='ltr'><strong>Ex</strong></span> <span class='ocrx_word' id='word_1_298' title='bbox 876 4463 996 4518; x_wconf 91' lang='lat' dir='ltr'><strong>eod.</strong></span> <span class='ocrx_word' id='word_1_299' title='bbox 1017 4462 1138 4518; x_wconf 89' lang='lat' dir='ltr'><strong>cod.</strong></span> <span class='ocrx_word' id='word_1_300' title='bbox 1159 4461 1325 4533; x_wconf 85' lang='lat' dir='ltr'><strong>epist.</strong></span> <span class='ocrx_word' id='word_1_301' title='bbox 1347 4465 1451 4515; x_wconf 81' lang='lat'><strong>282</strong></span> <span class='ocrx_word' id='word_1_302' title='bbox 1474 4461 1533 4517; x_wconf 92' lang='lat' dir='ltr'><strong>in</strong></span> <span class='ocrx_word' id='word_1_303' title='bbox 1554 4462 1717 4518; x_wconf 89' lang='lat' dir='ltr'><strong>catal.</strong></span> <span class='ocrx_word' id='word_1_304' title='bbox 1737 4459 2013 4529; x_wconf 79' lang='lat' dir='ltr'><strong>—lgnota</strong></span> <span class='ocrx_word' id='word_1_305' title='bbox 2035 4462 2135 4513; x_wconf 87' lang='lat' dir='ltr'><strong>aut</strong></span> <span class='ocrx_word' id='word_1_306' title='bbox 2226 4458 2524 4516; x_wconf 84' lang='lat' dir='ltr'><strong>historiam</strong></span> <span class='ocrx_word' id='word_1_307' title='bbox 2566 4465 2754 4517; x_wconf 85' lang='lat' dir='ltr'><strong>texere</strong></span> <span class='ocrx_word' id='word_1_308' title='bbox 2781 4458 3047 4525; x_wconf 83' lang='lat' dir='ltr'><strong>voluerit.</strong></span> <span class='ocrx_word' id='word_1_309' title='bbox 3076 4476 3146 4515; x_wconf 87' lang='lat' dir='ltr'><strong>an</strong></span> <span class='ocrx_word' id='word_1_310' title='bbox 3178 4460 3368 4534; x_wconf 88' lang='lat' dir='ltr'><strong>potius</strong></span> <span class='ocrx_word' id='word_1_311' title='bbox 3396 4459 3725 4516; x_wconf 89' lang='lat' dir='ltr'><strong>homelitico</strong></span> 
     </span>
     <span class='ocr_line' id='line_1_32' title="bbox 641 4543 3725 4618; baseline 0 -18"><span class='ocrx_word' id='word_1_312' title='bbox 641 4547 894 4616; x_wconf 81' lang='lat' dir='ltr'><strong>neglecta</strong></span> <span class='ocrx_word' id='word_1_313' title='bbox 920 4548 1194 4603; x_wconf 86' lang='lat' dir='ltr'><strong>hactenus</strong></span> <span class='ocrx_word' id='word_1_314' title='bbox 1226 4545 1337 4602; x_wconf 79' lang='lat' dir='ltr'><strong>ruit</strong></span> <span class='ocrx_word' id='word_1_315' title='bbox 1365 4545 1582 4618; x_wconf 88' lang='lat' dir='ltr'><strong>prolixa</strong></span> <span class='ocrx_word' id='word_1_316' title='bbox 1604 4543 1877 4618; x_wconf 75' lang='lat' dir='ltr'><strong>praefatio</strong></span> <span class='ocrx_word' id='word_1_317' title='bbox 1903 4545 1972 4600; x_wconf 87' lang='lat' dir='ltr'><strong>ad</strong></span> <span class='ocrx_word' id='word_1_318' title='bbox 1992 4546 2136 4601; x_wconf 81' lang='lat' dir='ltr'><strong>Acta</strong></span> <span class='ocrx_word' id='word_1_319' title='bbox 2224 4560 2377 4602; x_wconf 90' lang='lat' dir='ltr'><strong>more</strong></span> <span class='ocrx_word' id='word_1_320' title='bbox 2415 4547 2537 4602; x_wconf 84' lang='lat' dir='ltr'><strong>loca</strong></span> <span class='ocrx_word' id='word_1_321' title='bbox 2562 4545 2892 4603; x_wconf 83' lang='lat' dir='ltr'><strong>communia.</strong></span> <span class='ocrx_word' id='word_1_322' title='bbox 2923 4562 3202 4618; x_wconf 83' lang='lat' dir='ltr'><strong>exponere</strong></span> <span class='ocrx_word' id='word_1_323' title='bbox 3230 4546 3289 4601; x_wconf 90' lang='lat' dir='ltr'><strong>in</strong></span> <span class='ocrx_word' id='word_1_324' title='bbox 3325 4547 3419 4602; x_wconf 90' lang='lat' dir='ltr'><strong>die</strong></span> <span class='ocrx_word' id='word_1_325' title='bbox 3448 4545 3613 4609; x_wconf 75' lang='lat' dir='ltr'><strong>festo.</strong></span> <span class='ocrx_word' id='word_1_326' title='bbox 3636 4547 3725 4616; x_wconf 86' lang='lat' dir='ltr'><strong>ju-</strong></span> 
     </span>
     <span class='ocr_line' id='line_1_33' title="bbox 638 4630 3725 4704; baseline -0.002 -16"><span class='ocrx_word' id='word_1_327' title='bbox 638 4633 693 4689; x_wconf 91' lang='lat' dir='ltr'><strong>S.</strong></span> <span class='ocrx_word' id='word_1_328' title='bbox 719 4632 996 4688; x_wconf 86' lang='lat' dir='ltr'><strong>Disibodi.</strong></span> <span class='ocrx_word' id='word_1_329' title='bbox 1020 4649 1164 4703; x_wconf 86' lang='lat' dir='ltr'><strong>quae</strong></span> <span class='ocrx_word' id='word_1_330' title='bbox 1185 4637 1300 4687; x_wconf 85' lang='lat' dir='ltr'><strong>tam</strong></span> <span class='ocrx_word' id='word_1_331' title='bbox 1320 4631 1687 4689; x_wconf 87' lang='lat' dir='ltr'><strong>Bollandiano</strong></span> <span class='ocrx_word' id='word_1_332' title='bbox 1706 4631 1945 4700; x_wconf 79' lang='lat' dir='ltr'><strong>collegio</strong></span> <span class='ocrx_word' id='word_1_333' title='bbox 1963 4646 2134 4702; x_wconf 82' lang='lat' dir='ltr'><strong>quam</strong></span> <span class='ocrx_word' id='word_1_334' title='bbox 2226 4630 2495 4687; x_wconf 88' lang='lat' dir='ltr'><strong>bentibus</strong></span> <span class='ocrx_word' id='word_1_335' title='bbox 2523 4630 2816 4695; x_wconf 74' lang='lat' dir='ltr'><strong>fratribus.</strong></span> <span class='ocrx_word' id='word_1_336' title='bbox 2844 4648 2991 4702; x_wconf 85' lang='lat' dir='ltr'><strong>quae</strong></span> <span class='ocrx_word' id='word_1_337' title='bbox 3018 4631 3376 4704; x_wconf 86' lang='lat' dir='ltr'><strong>postmodum</strong></span> <span class='ocrx_word' id='word_1_338' title='bbox 3406 4636 3616 4687; x_wconf 88' lang='lat' dir='ltr'><strong>temere</strong></span> <span class='ocrx_word' id='word_1_339' title='bbox 3641 4630 3725 4684; x_wconf 90' lang='lat' dir='ltr'><strong>in-</strong></span> 
     </span>
     <span class='ocr_line' id='line_1_34' title="bbox 638 4716 3725 4790; baseline -0.001 -16"><span class='ocrx_word' id='word_1_340' title='bbox 638 4725 829 4776; x_wconf 86' lang='lat' dir='ltr'><strong>nostro</strong></span> <span class='ocrx_word' id='word_1_341' title='bbox 847 4716 1185 4774; x_wconf 87' lang='lat' dir='ltr'><strong>Mabillonio</strong></span> <span class='ocrx_word' id='word_1_342' title='bbox 1203 4717 1563 4790; x_wconf 88' lang='lat' dir='ltr'><strong>displicuere.</strong></span> <span class='ocrx_word' id='word_1_343' title='bbox 1591 4717 1781 4788; x_wconf 81' lang='lat' dir='ltr'><strong>Hujus</strong></span> <span class='ocrx_word' id='word_1_344' title='bbox 1801 4722 1990 4772; x_wconf 88' lang='lat' dir='ltr'><strong>autem</strong></span> <span class='ocrx_word' id='word_1_345' title='bbox 2013 4732 2137 4788; x_wconf 89' lang='lat' dir='ltr'><strong>pro·</strong></span> <span class='ocrx_word' id='word_1_346' title='bbox 2225 4716 2433 4790; x_wconf 86' lang='lat' dir='ltr'><strong>scripta</strong></span> <span class='ocrx_word' id='word_1_347' title='bbox 2455 4716 2671 4772; x_wconf 85' lang='lat' dir='ltr'><strong>suerint</strong></span> <span class='ocrx_word' id='word_1_348' title='bbox 2698 4717 2825 4774; x_wconf 73' lang='lat' dir='ltr'><strong>Vita</strong></span> <span class='ocrx_word' id='word_1_349' title='bbox 2846 4717 2904 4775; x_wconf 89' lang='lat' dir='ltr'><strong>S.</strong></span> <span class='ocrx_word' id='word_1_350' title='bbox 2924 4718 3195 4775; x_wconf 75' lang='lat' dir='ltr'><strong>Disibodi.</strong></span> <span class='ocrx_word' id='word_1_351' title='bbox 3214 4718 3369 4784; x_wconf 86' lang='lat' dir='ltr'><strong>Quae</strong></span> <span class='ocrx_word' id='word_1_352' title='bbox 3386 4717 3599 4790; x_wconf 88' lang='lat' dir='ltr'><strong>prodiit</strong></span> <span class='ocrx_word' id='word_1_353' title='bbox 3614 4716 3725 4789; x_wconf 88' lang='lat' dir='ltr'><strong>pri-</strong></span> 
     </span>
     <span class='ocr_line' id='line_1_35' title="bbox 637 4801 3723 4876; baseline -0.001 -15"><span class='ocrx_word' id='word_1_354' title='bbox 637 4805 808 4862; x_wconf 87' lang='lat' dir='ltr'><strong>oemii</strong></span> <span class='ocrx_word' id='word_1_355' title='bbox 852 4804 971 4876; x_wconf 83' lang='lat' dir='ltr'><strong>ipsa</strong></span> <span class='ocrx_word' id='word_1_356' title='bbox 1009 4802 1252 4872; x_wconf 79' lang='lat' dir='ltr'><strong>caligine</strong></span> <span class='ocrx_word' id='word_1_357' title='bbox 1297 4801 1497 4859; x_wconf 88' lang='lat' dir='ltr'><strong>tetrica</strong></span> <span class='ocrx_word' id='word_1_358' title='bbox 1538 4802 1597 4858; x_wconf 89' lang='lat' dir='ltr'><strong>id</strong></span> <span class='ocrx_word' id='word_1_359' title='bbox 1634 4803 1832 4858; x_wconf 86' lang='lat' dir='ltr'><strong>saltem</strong></span> <span class='ocrx_word' id='word_1_360' title='bbox 1870 4801 2134 4865; x_wconf 85' lang='lat' dir='ltr'><strong>efficitur.</strong></span> <span class='ocrx_word' id='word_1_361' title='bbox 2227 4818 2381 4859; x_wconf 91' lang='lat' dir='ltr'><strong>mum</strong></span> <span class='ocrx_word' id='word_1_362' title='bbox 2407 4802 2553 4875; x_wconf 90' lang='lat' dir='ltr'><strong>apud</strong></span> <span class='ocrx_word' id='word_1_363' title='bbox 2580 4802 2812 4858; x_wconf 87' lang='lat' dir='ltr'><strong>Surium</strong></span> <span class='ocrx_word' id='word_1_364' title='bbox 2840 4803 2898 4858; x_wconf 92' lang='lat' dir='ltr'><strong>in</strong></span> <span class='ocrx_word' id='word_1_365' title='bbox 2925 4802 3071 4858; x_wconf 86' lang='lat' dir='ltr'><strong>die8</strong></span> <span class='ocrx_word' id='word_1_366' title='bbox 3095 4801 3260 4866; x_wconf 86' lang='lat' dir='ltr'><strong>Julii,</strong></span> <span class='ocrx_word' id='word_1_367' title='bbox 3293 4807 3411 4858; x_wconf 88' lang='lat' dir='ltr'><strong>tum</strong></span> <span class='ocrx_word' id='word_1_368' title='bbox 3445 4802 3723 4872; x_wconf 79' lang='lat' dir='ltr'><strong>integrius</strong></span> 
     </span>
     <span class='ocr_line' id='line_1_36' title="bbox 637 4888 3725 4962; baseline -0.002 -13"><span class='ocrx_word' id='word_1_369' title='bbox 637 4900 703 4949; x_wconf 90' lang='lat' dir='ltr'><strong>ut</strong></span> <span class='ocrx_word' id='word_1_370' title='bbox 732 4892 908 4948; x_wconf 88' lang='lat' dir='ltr'><strong>totius</strong></span> <span class='ocrx_word' id='word_1_371' title='bbox 933 4907 1096 4962; x_wconf 84' lang='lat' dir='ltr'><strong>opus,</strong></span> <span class='ocrx_word' id='word_1_372' title='bbox 1134 4891 1301 4961; x_wconf 89' lang='lat' dir='ltr'><strong>quale</strong></span> <span class='ocrx_word' id='word_1_373' title='bbox 1337 4888 1554 4945; x_wconf 90' lang='lat' dir='ltr'><strong>editum</strong></span> <span class='ocrx_word' id='word_1_374' title='bbox 1591 4893 1698 4951; x_wconf 84' lang='lat' dir='ltr'><strong>est,</strong></span> <span class='ocrx_word' id='word_1_375' title='bbox 1725 4905 1795 4944; x_wconf 84' lang='lat' dir='ltr'><strong>ex</strong></span> <span class='ocrx_word' id='word_1_376' title='bbox 1819 4888 2014 4943; x_wconf 90' lang='lat' dir='ltr'><strong>eodem</strong></span> <span class='ocrx_word' id='word_1_377' title='bbox 2042 4903 2138 4943; x_wconf 90' lang='lat' dir='ltr'><strong>ore</strong></span> <span class='ocrx_word' id='word_1_378' title='bbox 2228 4889 2287 4947; x_wconf 91' lang='lat' dir='ltr'><strong>in</strong></span> <span class='ocrx_word' id='word_1_379' title='bbox 2314 4891 2439 4945; x_wconf 79' lang='lat' dir='ltr'><strong>Act.</strong></span> <span class='ocrx_word' id='word_1_380' title='bbox 2469 4889 2565 4945; x_wconf 87' lang='lat' dir='ltr'><strong>SS.</strong></span> <span class='ocrx_word' id='word_1_381' title='bbox 2607 4890 2748 4946; x_wconf 86' lang='lat' dir='ltr'><strong>Julii</strong></span> <span class='ocrx_word' id='word_1_382' title='bbox 2780 4895 2817 4945; x_wconf 91' lang='lat' dir='ltr'><strong>t.</strong></span> <span class='ocrx_word' id='word_1_383' title='bbox 2861 4890 2939 4952; x_wconf 84' lang='grc' dir='ltr'><strong>Π,</strong></span> <span class='ocrx_word' id='word_1_384' title='bbox 2967 4907 3021 4961; x_wconf 90' lang='lat' dir='ltr'><strong>p.</strong></span> <span class='ocrx_word' id='word_1_385' title='bbox 3067 4895 3193 4952; x_wconf 82' lang='lat'><strong>58¹.</strong></span> <span class='ocrx_word' id='word_1_386' title='bbox 3226 4889 3449 4945; x_wconf 88' lang='lat' dir='ltr'><strong>tandem</strong></span> <span class='ocrx_word' id='word_1_387' title='bbox 3484 4890 3544 4945; x_wconf 92' lang='lat' dir='ltr'><strong>in</strong></span> <span class='ocrx_word' id='word_1_388' title='bbox 3572 4890 3725 4945; x_wconf 89' lang='lat' dir='ltr'><strong>Pari·</strong></span> 
     </span>
     <span class='ocr_line' id='line_1_37' title="bbox 637 4972 3726 5049; baseline -0.002 -14"><span class='ocrx_word' id='word_1_389' title='bbox 637 4979 900 5035; x_wconf 89' lang='lat' dir='ltr'><strong>credatur</strong></span> <span class='ocrx_word' id='word_1_390' title='bbox 937 4974 1196 5032; x_wconf 81' lang='lat' dir='ltr'><strong>effusum:</strong></span> <span class='ocrx_word' id='word_1_391' title='bbox 1227 4992 1291 5031; x_wconf 86' lang='lat' dir='ltr'><strong>ac</strong></span> <span class='ocrx_word' id='word_1_392' title='bbox 1319 4974 1528 5029; x_wconf 75' lang='lat' dir='ltr'><strong>frustra</strong></span> <span class='ocrx_word' id='word_1_393' title='bbox 1555 4973 1794 5029; x_wconf 85' lang='lat' dir='ltr'><strong>timuere</strong></span> <span class='ocrx_word' id='word_1_394' title='bbox 1821 4972 2139 5029; x_wconf 89' lang='lat' dir='ltr'><strong>Bollandia·</strong></span> <span class='ocrx_word' id='word_1_395' title='bbox 2228 4975 2407 5031; x_wconf 86' lang='lat' dir='ltr'><strong>siensi</strong></span> <span class='ocrx_word' id='word_1_396' title='bbox 2434 4976 2712 5049; x_wconf 71' lang='lat' dir='ltr'><strong>Patroloq.</strong></span> <span class='ocrx_word' id='word_1_397' title='bbox 2749 4981 2787 5032; x_wconf 91' lang='lat' dir='ltr'><strong>t.</strong></span> <span class='ocrx_word' id='word_1_398' title='bbox 2819 4974 3067 5032; x_wconf 80' lang='lat' dir='ltr'>CXCVII</span> <span class='ocrx_word' id='word_1_399' title='bbox 3095 4975 3201 5031; x_wconf 88' lang='lat' dir='ltr'><strong>col.</strong></span> <span class='ocrx_word' id='word_1_400' title='bbox 3232 4980 3387 5032; x_wconf 84' lang='lat'><strong>1095.</strong></span> <span class='ocrx_word' id='word_1_401' title='bbox 3412 5007 3481 5016; x_wconf 91' lang='lat'>—</span> <span class='ocrx_word' id='word_1_402' title='bbox 3500 4976 3544 5039; x_wconf 70' lang='grc'><strong>2)</strong></span> <span class='ocrx_word' id='word_1_403' title='bbox 3563 4993 3726 5048; x_wconf 80' lang='lat' dir='ltr'><strong>prae·</strong></span> 
     </span>
     <span class='ocr_line' id='line_1_38' title="bbox 635 5059 3722 5135; baseline -0.001 -16"><span class='ocrx_word' id='word_1_404' title='bbox 635 5065 719 5127; x_wconf 82' lang='lat' dir='ltr'><strong>ni,</strong></span> <span class='ocrx_word' id='word_1_405' title='bbox 747 5080 816 5119; x_wconf 91' lang='lat' dir='ltr'><strong>ne</strong></span> <span class='ocrx_word' id='word_1_406' title='bbox 843 5061 1033 5134; x_wconf 89' lang='lat' dir='ltr'><strong>spuria</strong></span> <span class='ocrx_word' id='word_1_407' title='bbox 1063 5066 1282 5116; x_wconf 88' lang='lat' dir='ltr'><strong>tantum</strong></span> <span class='ocrx_word' id='word_1_408' title='bbox 1305 5066 1362 5117; x_wconf 90' lang='lat' dir='ltr'><strong>et</strong></span> <span class='ocrx_word' id='word_1_409' title='bbox 1389 5059 1706 5132; x_wconf 75' lang='lat' dir='ltr'><strong>apocrypha</strong></span> <span class='ocrx_word' id='word_1_410' title='bbox 1729 5059 1796 5113; x_wconf 89' lang='lat' dir='ltr'><strong>ad</strong></span> <span class='ocrx_word' id='word_1_411' title='bbox 1820 5074 1920 5114; x_wconf 88' lang='lat' dir='ltr'><strong>nos</strong></span> <span class='ocrx_word' id='word_1_412' title='bbox 1942 5074 2137 5130; x_wconf 83' lang='lat' dir='ltr'><strong>perve-</strong></span> <span class='ocrx_word' id='word_1_413' title='bbox 2225 5066 2476 5119; x_wconf 54' lang='lat' dir='ltr'><strong>stiterunt</strong></span> <span class='ocrx_word' id='word_1_414' title='bbox 2512 5078 2700 5134; x_wconf 84' lang='lat' dir='ltr'><strong>apogr.</strong></span> <span class='ocrx_word' id='word_1_415' title='bbox 2744 5094 2811 5104; x_wconf 90' lang='lat'>—</span> <span class='ocrx_word' id='word_1_416' title='bbox 2843 5062 2887 5128; x_wconf 70' lang='lat'><strong>³)</strong></span> <span class='ocrx_word' id='word_1_417' title='bbox 2928 5062 3260 5125; x_wconf 84' lang='lat' dir='ltr'><strong>Exordium,</strong></span> <span class='ocrx_word' id='word_1_418' title='bbox 3303 5063 3451 5135; x_wconf 87' lang='lat' dir='ltr'><strong>sapit</strong></span> <span class='ocrx_word' id='word_1_419' title='bbox 3487 5064 3722 5120; x_wconf 88' lang='lat' dir='ltr'><strong>cantile-</strong></span> 
     </span>
     <span class='ocr_line' id='line_1_39' title="bbox 637 5147 3325 5220; baseline 0 -17"><span class='ocrx_word' id='word_1_420' title='bbox 637 5149 843 5206; x_wconf 88' lang='lat' dir='ltr'><strong>ncrint.</strong></span> <span class='ocrx_word' id='word_1_421' title='bbox 863 5149 1129 5220; x_wconf 88' lang='lat' dir='ltr'><strong>Superest</strong></span> <span class='ocrx_word' id='word_1_422' title='bbox 1154 5148 1536 5220; x_wconf 87' lang='lat' dir='ltr'><strong>quaerendum</strong></span> <span class='ocrx_word' id='word_1_423' title='bbox 1561 5153 1750 5204; x_wconf 87' lang='lat' dir='ltr'><strong>utrum</strong></span> <span class='ocrx_word' id='word_1_424' title='bbox 1769 5147 2134 5217; x_wconf 83' lang='lat' dir='ltr'><strong>Hildegardis</strong></span> <span class='ocrx_word' id='word_1_425' title='bbox 2228 5164 2355 5203; x_wconf 89' lang='lat' dir='ltr'><strong>nam</strong></span> <span class='ocrx_word' id='word_1_426' title='bbox 2383 5148 2620 5204; x_wconf 88' lang='lat' dir='ltr'><strong>caeteris</strong></span> <span class='ocrx_word' id='word_1_427' title='bbox 2650 5164 2777 5204; x_wconf 85' lang='lat' dir='ltr'><strong>mox</strong></span> <span class='ocrx_word' id='word_1_428' title='bbox 2803 5148 3034 5203; x_wconf 85' lang='lat' dir='ltr'><strong>edendis</strong></span> <span class='ocrx_word' id='word_1_429' title='bbox 3060 5147 3325 5204; x_wconf 88' lang='lat' dir='ltr'><strong>similem.</strong></span> 
     </span>
    </p>
   </div>
  </div>
 </body>
</html>
