4036 6117
1371 522 1613 569 Lmen
1669 524 1874 569 v1rAE
1933 523 2407 570 menn-onum
3285 507 3373 566 35

320 642 474 720 ejus
510 642 912 720 circumdat3
951 643 1109 721 quia
1141 643 1323 704 nulla
1359 644 1743 705 indumenta
1789 644 2224 705 beatitudinis
2257 644 2533 719 habenS,
2574 643 2638 702 in
2671 642 2987 719 operibus
3036 650 3102 702 et
3137 643 3202 701 in
3236 644 3439 701 vesti-

319 749 454 823 giis
491 748 640 808 suis
693 748 1152 808 fortitudinem
1202 765 1412 809 vanae
1460 750 1715 824 gloriae
1762 748 2291 825 comprehendit,
2342 748 2495 807 aliis
2544 748 2947 824 quibusdam
2991 748 3200 821 vitiis,
3253 748 3440 806 velut

321 852 743 928 quibusdam
777 854 986 913 ramis
1020 853 1103 912 ab
1138 853 1251 912 illa
1284 853 1800 928 procedentibus
1851 854 2139 927 obtecta,
2180 853 2245 911 in
2280 869 2411 928 qua
2457 853 2677 912 omnia
2711 868 2955 926 genera
2996 851 3293 910 omnium
3326 850 3442 910 sso-

322 974 477 1017 rum
512 965 973 1018 excreverant:
1011 959 1328 1034 quoniam
1365 959 1429 1016 in
1462 975 1633 1017 vana
1666 956 1881 1032 gloria
1914 952 1958 1036 ¹)
2006 964 2074 1020 et
2108 958 2174 1015 in
2208 958 2394 1016 vitiis
2430 974 2508 1015 ex
2542 973 2619 1015 ea
2667 956 3123 1030 nascentibuS,
3160 962 3440 1015 cunctae

320 1065 670 1124 vanitates
721 1070 1115 1124 cunctarum
1148 1065 1521 1123 vanitatum
1572 1063 1652 1122 ad
1688 1064 2032 1122 saeculum
2065 1064 2543 1139 pertinentium
2593 1069 2768 1122 sunt.
2803 1062 2984 1121 Unde
3018 1068 3085 1121 et
3134 1061 3441 1120 manibus

322 1170 529 1229 flores
586 1172 742 1230 illos
778 1170 859 1229 ad
896 1187 968 1229 se
1002 1170 1281 1244 colligit,
1317 1167 1366 1247 ²)
1404 1170 1561 1245 quia
1596 1169 1660 1228 in
1708 1170 2025 1244 operibus
2061 1171 2204 1228 suis
2239 1186 2468 1228 omnes
2518 1169 2852 1228 vanitates
2887 1167 3263 1243 praesentis
3299 1182 3444 1225 sae-

321 1274 462 1332 culi
499 1290 661 1332 cum
698 1273 973 1332 incertis
1006 1273 1361 1332 desideriis
1396 1273 1477 1332 ad
1514 1288 1585 1331 se
1620 1273 1849 1347 trahit3
1887 1275 2202 1348 quoniam
2236 1290 2386 1332 cum
2420 1273 2617 1332 horno
2653 1274 2718 1331 in
2747 1288 2971 1332 amore
3007 1271 3258 1331 saeculi
3291 1278 3446 1347 post

322 1379 672 1438 vanitates
706 1378 984 1454 cogitat,
1012 1380 1163 1438 illas
1197 1378 1635 1438 desiderando
1664 1380 1949 1454 quaerit,
1980 1385 2047 1437 et
2072 1396 2223 1437 curn
2250 1394 2365 1437 eas
2394 1380 2743 1451 invenerit,
2775 1380 2840 1437 in
2869 1380 3128 1452 magnis
3154 1378 3439 1453 deliciiS,

319 1485 523 1560 quasi
563 1500 763 1544 omne
796 1499 1007 1560 genus
1042 1484 1299 1557 florum,
1338 1499 1453 1541 eas
1490 1484 1855 1542 secundum
1887 1485 2300 1542 voluntatem
2337 1501 2525 1542 suam
2563 1484 2690 1542 sibi
2728 1484 3087 1559 componit,
3128 1483 3442 1558 quemad-

324 1591 609 1651 modum
643 1592 847 1650 etiam
883 1592 1057 1650 idem
1090 1590 1329 1649 vitium
1366 1589 1432 1647 in
1462 1590 1690 1648 verbis
1741 1591 1883 1648 suis
1919 1591 2231 1665 superius
2281 1590 2715 1649 demonstrat.
2754 1589 2938 1660 Quod
2987 1595 3212 1647 autem
3246 1605 3438 1665 prae-

319 1694 506 1754 dicta
543 1695 753 1755 arbor
785 1694 1109 1754 radicitus
1146 1698 1312 1767 aret,
1350 1698 1416 1752 et
1450 1693 1626 1768 quod
1662 1695 1724 1752 in
1774 1693 2154 1768 praedictas
2191 1694 2501 1753 tenebras
2551 1694 2827 1766 corruit,
2869 1693 2960 1750 ita
2995 1691 3170 1767 quod
3206 1691 3439 1751 eadem

321 1797 551 1872 imago
590 1813 744 1856 curn
778 1797 892 1856 illa
924 1796 1122 1856 cadit:
1161 1795 1285 1855 hoc
1317 1803 1421 1855 est
1454 1796 1629 1872 quod
1665 1814 1834 1856 vana
1868 1798 2082 1871 gloria
2117 1798 2381 1855 omnino
2416 1797 2752 1870 deficiens,
2794 1797 2859 1854 in
2892 1795 3308 1854 infidelitatis
3346 1802 3439 1855 te-

321 1903 810 1977 nebrositateS,
848 1903 914 1962 in
947 1903 1192 1979 quibus
1226 1908 1292 1962 et
1323 1902 1641 1962 Diabolus
1675 1908 1800 1976 est,
1843 1903 2051 1974 vadit;
2090 1904 2183 1962 ita
2218 1903 2392 1978 quod
2428 1908 2493 1961 et
2528 1918 2780 1975 omneS,
2819 1902 2932 1977 qui
2970 1902 3314 1960 saeculum
3348 1901 3446 1961 di-

324 2005 579 2081 ligunt,
614 2012 684 2065 et
715 2007 924 2065 vitam
960 2013 1303 2065 aeternam
1335 2011 1785 2079 contemnunt,
1823 2022 1974 2064 cum
2010 2006 2122 2064 illa
2158 2005 2425 2077 cadunt,
2472 2022 2676 2080 quum
2711 2021 2856 2063 earn
2882 1998 2930 2081 3)
2969 2003 3313 2062 cadentem
3347 2019 3448 2062 re-

323 2110 547 2169 tinere
586 2126 715 2170 non
763 2116 1066 2185 possunt.
1105 2110 1229 2169 Sed
1262 2111 1571 2185 quamvis
1623 2110 1838 2183 cadat,
1878 2126 1949 2168 se
1984 2116 2205 2169 tamen
2255 2108 2491 2167 cadere
2528 2125 2656 2167 non
2687 2115 2901 2183 putat,
2940 2110 3096 2183 quia
3144 2109 3444 2167 saecula-

326 2211 518 2271 ribus
562 2212 766 2271 rebus
801 2212 894 2272 ita
931 2212 1125 2271 infixa
1175 2218 1301 2286 est,
1339 2212 1517 2287 quod
1550 2212 1631 2271 de
1664 2213 2074 2272 coelestibus
2107 2212 2273 2271 nihil
2318 2212 2605 2286 cogitat„
2631 2217 2703 2271 ut
2736 2227 2899 2271 voce
2948 2213 3201 2271 amoris
3235 2214 3447 2272 coele-

323 2316 475 2391 stis,
514 2316 1091 2394 quemadmodum
1120 2317 1337 2391 audiS,
1374 2317 1587 2376 etiam·
1613 2318 1674 2376 ei
1710 2317 2176 2392 respondetur..

1763 2525 2044 2586 LXVIII..

1630 2740 1723 2799 De
1765 2738 2165 2815 petulantia.

424 2955 541 3015 81.
597 2954 897 3015 Secunda
929 2971 1089 3015 vero
1125 2954 1565 3032 petulantiam
1602 2955 1955 3029 significat,
1994 2972 2165 3030 quae
2200 2956 2502 3015 homines
2536 2962 2723 3017 extra
2759 2958 3027 3018 modum
3076 2957 3448 3018 honestatis

327 3061 619 3135 ducens,
673 3062 781 3120 hic
816 3077 1112 3120 amorem
1161 3061 1414 3120 saeculi
1450 3061 1830 3132 comitatum
1884 3062 2041 3136 quia
2086 3078 2235 3120 cum
2287 3061 2589 3121 homines
2639 3065 2984 3123 saeculum
3031 3064 3341 3139 diligunt,
3379 3071 3445 3122 et

329 3180 487 3223 cum
543 3165 605 3223 ei
641 3163 1026 3237 adhaerent,
1079 3168 1312 3238 gestus
1348 3180 1507 3222 suos
1559 3163 1924 3221 secundum
1971 3164 2275 3222 eamdem
2323 3165 2734 3224 voluntatem
2782 3168 3178 3241 saepissime
3229 3173 3450 3227 osten-

331 3265 524 3326 dunt-
562 3266 642 3326 Et
677 3265 842 3325 haec
878 3273 947 3326 ut
982 3266 1168 3326 canis
1203 3273 1328 3340 est,
1367 3267 1481 3342 qui
1515 3267 1748 3324 venari
1782 3266 1972 3340 solet,
2004 3267 2318 3341 quoniam
2355 3266 2552 3326 homo
2582 3269 2695 3343 qui
2731 3270 3040 3343 petulans
3067 3275 3193 3342 est,
3225 3270 3451 3327 unius-

332 3370 671 3446 cuiusque
720 3370 1131 3430 voluntatem
1164 3376 1230 3428 et
1278 3371 1599 3445 placitum
1634 3370 1967 3445 sequitur,
2014 3385 2134 3445 per
2166 3369 2342 3445 quod
2393 3370 2639 3429 multos
2691 3370 3228 3445 reprehendendo
3279 3371 3455 3430 deci-

337 3476 455 3550 pit,
493 3474 1065 3552 quemadmodum
1098 3476 1284 3534 canis
1318 3476 1433 3550 qui
1468 3476 1675 3533 multa
1711 3476 1912 3550 capit,
1951 3481 2015 3533 et
2053 3476 2142 3533 ita
2179 3491 2382 3550 super
2416 3476 2836 3550 posteriores·
2861 3475 3063 3550 pedes
3092 3492 3251 3535 suos
3287 3481 3446 3549 stat,

335 3580 721 3639 anteriores
755 3585 987 3639 autem·
1014 3595 1215 3655 super
1246 3580 1559 3639 baculum
1594 3596 1866 3638 sursum
1899 3585 2199 3637 erectum
2234 3580 2441 3654 ponit,
2481 3581 2639 3655 quia
2673 3581 2962 3655 vestigia
2997 3597 3118 3639 sua
3146 3587 3328 3640 retro
3365 3582 3446 3640 ad

336 3681 700 3743 Diabolum
733 3684 977 3758 posita,
1029 3684 1110 3742 ad
1144 3689 1415 3758 gustum
1459 3690 1677 3742 terrae
1726 3683 1891 3757 figit,
1945 3683 2112 3741 nihil
2153 3683 2235 3741 de
2283 3684 2689 3743 coelestibus
2733 3686 3060 3760 cogitans;
3111 3687 3448 3746 anteriora

334 3793 592 3861 autem,
646 3789 842 3863 quasi
891 3789 961 3847 in
1006 3788 1207 3848 bonis
1247 3788 1599 3847 itineribus
1649 3789 1967 3847 coelestia
2018 3788 2398 3861 meditetur,
2451 3789 2533 3847 ad
2585 3789 2823 3864 legalia
2874 3796 3231 3865 praecepta
3275 3806 3446 3866 quae

338 3891 640 3968 spiritali
689 3892 977 3951 culmine
1027 3892 1301 3952 suffulta
1352 3899 1529 3966 sunt,
1580 3892 1833 3966 dirigit,
1887 3908 2039 3951 cum
2089 3893 2154 3951 in
2205 3893 2609 3953 inconstanti
2658 3895 2877 3953 animo
2911 3894 2992 3952 de
3027 3895 3446 3970 spiritalibus

346 3994 643 4053 inaniter
679 3993 1008 4054 interdum
1046 3996 1363 4071 loquitur;
1401 3995 1515 4053 sed
1554 3995 1667 4054 illa
1701 4012 1831 4053 non
1866 4002 2116 4068 servat,
2156 3997 2470 4071 quoniam
2508 3997 2572 4055 in
2609 4004 2828 4056 mente
2879 4013 3000 4055 sua
3035 3997 3284 4056 nullam
3322 4003 3455 4058 sta-

337 4100 715 4174 bilitatem,
767 4100 884 4158 sed
933 4117 1236 4177 quaeque
1285 4117 1457 4159 vana
1506 4104 1885 4174 computat,
1938 4106 2003 4159 et
2055 4101 2420 4160 secundum
2470 4117 2696 4160 aerem¹
2730 4100 2809 4159 ad
2860 4117 3060 4175 quem
3104 4116 3176 4159 se
3225 4101 3445 4176 erigit,

341 4206 538 4266 modo
558 4204 865 4281 pulchra,
889 4206 1082 4265 modo
1111 4205 1376 4266 turbida
1406 4205 1811 4280 sibimetipsi
1832 4205 2164 4281 proponit.
2188 4206 2367 4266 Unde
2396 4207 2597 4265 etiam
2619 4206 2830 4265 cauda
2852 4224 2971 4265 sua
2998 4222 3144 4265 eam
3163 4221 3453 4266 commo-

337 4310 554 4369 vendo
606 4308 797 4384 ludit,
835 4312 992 4386 quia
1036 4312 1348 4370 mobilem
1397 4311 1593 4370 finem
1643 4311 2135 4369 scrutationum
2185 4328 2459 4370 suarum
2509 4311 2591 4369 ad
2640 4311 3057 4370 voluntatem
3106 4312 3450 4372 hominum

346 4413 471 4474 hac
504 4419 575 4474 et
612 4415 767 4475 illac
800 4416 1034 4489 tendit,
1071 4433 1223 4476 cum
1256 4417 1478 4475 omnia
1513 4432 1633 4474 sua
1668 4416 2049 4490 petulanter
2081 4416 2419 4491 exprimit,
2459 4421 2529 4474 ut
2563 4417 2765 4475 etiam
2803 4418 2868 4475 in
2910 4416 3273 4492 praedictis
3306 4433 3453 4477 ver-

343 4518 448 4577 bis
484 4519 633 4577 suis
667 4519 979 4580 ostendit.
1014 4521 1431 4595 Quapropter
1463 4524 1530 4577 et
1561 4534 1760 4578 verae
1793 4519 2189 4592 disciplinae
2225 4535 2386 4578 voce
2436 4520 2822 4595 corripitur,
2860 4524 2933 4578 ut
2970 4519 3215 4579 ibidem
3249 4521 3452 4578 etiam

345 4622 663 4697 superius
698 4622 1218 4684 demonstratur.

416 4839 462 4906 ¹)
494 4842 555 4895 in
582 4856 783 4894 vanam
805 4841 1042 4912 gloriam
1067 4843 1132 4899 Α.
1166 4874 1232 4882 -·
1257 4845 1303 4908 2)
1330 4844 1547 4915 colleyit
1572 4844 1663 4898 W.
1697 4875 1764 4883 —
1791 4842 1835 4909 ³)
1862 4861 1980 4899 cum
2006 4841 2162 4897 illam
2189 4842 2255 4897 A.
