4036 6117
1671 572 2133 620 Ems‘roLAe.
3250 554 3380 614 435

353 703 445 761 tis
481 715 642 759 suae
694 697 904 759 voluit
957 697 1133 757 illam
1186 697 1537 770 illustrari,
1591 704 1657 756 et
1707 697 2145 774 multiplicem
2199 692 2505 770 gloriam,
2559 707 2690 769 qua
2738 688 2983 750 mundo
3032 688 3444 766 periclitanti

346 807 764 880 subveniret,
801 807 1113 880 dignatus
1141 809 1245 865 est
1271 806 1333 863 ei
1371 804 1897 863 misericorditer
1929 816 2353 878 praerogare.

1859 1013 1934 1071 11.

437 1225 774 1302 Siquidem
812 1241 980 1284 anno
1014 1225 1092 1284 M.
1132 1225 1197 1285 C.
1236 1222 1720 1283 Incarnationis
1755 1220 2149 1293 SalvatoriS,
2187 1219 2304 1295 qui
2336 1224 2438 1278 est
2473 1232 2686 1277 annus
2736 1216 2895 1276 XLV
2931 1215 3202 1276 Henrici
3234 1212 3434 1288 hujus

340 1329 631 1390 nominis
668 1331 891 1405 quarti
928 1330 1105 1404 regis
1139 1335 1205 1388 et
1239 1328 1437 1388 tertio
1473 1327 1923 1403 imperatoriS,
1951 1321 1996 1402 ¹)
2029 1340 2176 1383 cum
2206 1323 2493 1399 populus
2530 1322 2954 1381 Christianus
2990 1319 3073 1379 ab
3100 1318 3435 1395 apostolo-

337 1451 491 1492 rum
525 1434 827 1494 doctrina
870 1434 1003 1494 fere
1039 1436 1417 1508 reclinaret,
1469 1440 1536 1492 et
1573 1434 1635 1491 in
1674 1434 1814 1506 lege
1863 1432 2091 1490 divina
2134 1430 2272 1505 jam
2302 1429 2573 1505 jamque
2620 1428 3009 1500 haesitaret,
3064 1425 3129 1483 in
3175 1424 3429 1484 Galliae

334 1540 690 1600 Citerioris
725 1540 1053 1615 partibuS,
1090 1539 1422 1599 nobilibus
1456 1545 1560 1597 est
1595 1543 1741 1597 orta
1775 1537 2114 1595 natalibus
2149 1536 2337 1610 virgo
2375 1535 2588 1593 beata.
2625 1533 2832 1604 Quae,
2886 1533 3063 1590 sicut
3110 1528 3425 1600 diximus»,

334 1661 459 1718 per
497 1644 761 1704 infixam
796 1646 1056 1704 animae
1091 1660 1252 1703 suae
1285 1645 1615 1703 visionem
1652 1643 1718 1701 in
1755 1648 1941 1701 utero
1979 1642 2215 1701 matris
2249 1639 2297 1716 ²)
2334 1640 2658 1698 divinitus
2708 1644 2813 1698 est
2865 1638 3223 1697 illustrata.
3276 1635 3434 1693 Ter-

337 1748 434 1807 tio
473 1763 631 1808 vero
666 1764 837 1807 anno
875 1750 1114 1809 aetatis
1150 1765 1333 1822 suae,
1372 1753 1508 1808 tam
1544 1749 1801 1808 clarum
1838 1749 2060 1806 lumen
2109 1763 2311 1823 super
2347 1762 2419 1804 se
2453 1745 2643 1819 vidit,
2683 1745 2858 1822 quod
2894 1745 3116 1803 anima
3150 1741 3296 1817 ejus
3332 1747 3431 1800 to-

333 1857 404 1911 ta
441 1853 864 1927 contremuit,
916 1860 982 1911 et
1030 1869 1192 1929 prae
1243 1852 1521 1912 infantia
1569 1851 1735 1911 nihil
1769 1852 1849 1911 de
1886 1851 2010 1911 hoc
2060 1851 2363 1927 proferre
2415 1850 2650 1926 potuit.
2699 1849 2997 1923 Cumque
3046 1851 3231 1906 esset
3285 1843 3424 1903 VIII

330 1970 690 2025 annorum,
727 1962 1040 2032 parentes
1075 1957 1179 2015 sui
1226 1956 1504 2015 Domino
1555 1972 1702 2015 eam
1738 1956 2147 2028 obtulerunt,
2200 1955 2357 2030 quia
2400 1952 2857 2013 habitudinem
2892 1949 3242 2026 cujusdam
3277 1964 3429 2008 coe-

332 2059 529 2119 lestis
564 2060 867 2135 mysterii
906 2061 970 2119 in
1004 2077 1082 2119 ea
1115 2061 1443 2121 viderant.
1498 2061 1782 2120 Reclusa
1834 2061 2058 2134 itaque
2095 2058 2309 2133 primo
2362 2073 2514 2115 cum
2563 2056 2853 2132 quadam
2902 2060 3134 2114 sancta
3180 2051 3428 2110 femina

326 2165 396 2222 in
432 2166 649 2225 Monte
685 2167 898 2225 sancti
948 2167 1274 2242 Disibodi,
1326 2174 1560 2243 postea
1610 2168 1908 2241 suscepit
1958 2181 2226 2224 sacrum
2277 2165 2582 2223 velamen
2627 2178 2744 2237 per
2793 2178 3029 2220 manus
3078 2159 3426 2218 venerabi-

323 2268 414 2326 lis
465 2269 1058 2345 Bavembergensis
1105 2273 1428 2348 episcopi,
1478 2266 1526 2348 ³)
1563 2279 1630 2330 et
1690 2274 1780 2331 ita
1830 2271 2094 2329 demum
2146 2286 2319 2329 nunc
2354 2269 2656 2345 psalterii
2685 2267 2976 2341 simplici
3031 2265 3425 2341 proficiebat

319 2373 723 2434 eruditione.
759 2376 1104 2435 Annuente
1137 2377 1312 2435 enim
1347 2378 1408 2436 ei
1443 2383 1508 2436 et
1552 2376 2007 2452 congaudente
2044 2374 2457 2449 profectibus
2491 2374 2637 2448 eJus
2674 2371 3015 2447 praedicta
3061 2375 3295 2429 sancta
3330 2368 3423 2429 fe-

325 2480 533 2554 mina,
569 2480 650 2539 de
683 2481 933 2540 virtute
970 2482 1036 2541 in
1070 2483 1387 2541 virtutem
1422 2482 1939 2557 provehebatur,
1977 2482 2223 2558 quibus
2272 2481 2464 2556 quasi
2501 2478 2819 2554 pretiosis
2868 2475 3269 2552 quibusdam
3319 2490 3427 2533 or-

322 2585 659 2644 namentis
694 2584 776 2644 ad
810 2601 1103 2645 amorem
1155 2588 1468 2646 eoelestis
1506 2587 1733 2661 sponsi
1766 2586 2123 2660 diligenter
2157 2584 2628 2645 adornabatur.

1817 2796 1923 2855 111.

410 3005 770 3081 Plagrabat
804 3006 1050 3082 quippe
1086 3007 1149 3066 in
1183 3023 1262 3067 ea
1296 3009 1568 3085 copiosa
1605 3010 1846 3069 mentis
1895 3009 2300 3085 benignitas,
2353 3015 2417 3067 et
2454 3023 2625 3084 quae
2659 3007 2912 3066 nullum
2952 3022 2989 3065 a
3024 3021 3146 3065 sua
3188 3005 3415 3064 latitu-

307 3110 470 3168 dine
503 3110 907 3179 excluderet,
960 3111 1128 3171 mira
1179 3112 1500 3188 charitas;
1540 3120 1794 3174 turrem
1828 3130 2095 3190 quoque
2130 3110 2611 3189 virginitatis⁴)
2650 3111 2965 3172 tuebatur
3015 3126 3245 3169 murus
3294 3108 3414 3167 hu·-

314 3213 652 3290 militatis;
702 3216 857 3276 hinc
914 3234 1160 3294 corpus
1219 3224 1518 3281 tenerum
1568 3222 1700 3281 cibi
1734 3228 2068 3299 potusque
2125 3221 2559 3297 parcimonia,
2615 3220 2765 3278 inde
2815 3217 3036 3278 cordis
3085 3216 3413 3292 tranquil-

313 3319 479 3379 litas
514 3319 864 3383 fovebatur
915 3326 1269 3385 verborum
1319 3327 1735 3387 castimonia.
1786 3328 1965 3387 Haec
2000 3329 2382 3385 sanctarum
2437 3324 2708 3383 monilia
2745 3323 3069 3381 virtutum
3121 3320 3415 3395 splendi-

311 3424 401 3483 da
457 3425 840 3488 illustrabat
895 3429 1294 3491 obedientia.
1356 3432 1654 3507 Cumque
1706 3448 1918 3508 usque
1969 3432 2033 3490 in
2083 3431 2189 3491 XV
2246 3444 2494 3488 annum
2543 3427 2754 3486 multa
2811 3425 3047 3485 videns
3096 3427 3162 3484 et
3207 3425 3404 3501 plura

311 3530 622 3606 loquenS,
673 3533 903 3593 multis
940 3534 1266 3595 incuteret
1314 3536 1847 3610 admirationem,
1900 3542 2175 3611 propter
2211 3534 2391 3608 vulgi
2446 3539 2666 3591 tamen
2709 3532 3041 3605 timorem,
3094 3535 3161 3588 et
3206 3528 3419 3605 virgi-⁸

314 3635 538 3695 nalem
572 3638 891 3711 pudorem
924 3656 1056 3698 non
1090 3641 1378 3700 audebat
1419 3641 1664 3715 dicere,
1704 3658 1904 3718 quam
1942 3641 2209 3699 videbat
2259 3639 2520 3697 animae
2555 3652 2715 3697 suae
2751 3634 3018 3695 infixam
3050 3634 3401 3694 visionem.

314 3740 629 3800 Attamen
667 3740 908 3803 femina
944 3760 1093 3804 curn
1129 3764 1260 3822 qua
1296 3750 1702 3822 morabatur,
1756 3748 1880 3808 hoc
1913 3754 2174 3821 notans,
2228 3746 2493 3806 cuidam
2538 3744 2853 3820 religioso
2904 3741 3227 3802 monacho
3265 3759 3410 3801 rna·-

306 3844 680 3919 nifestavit,
731 3848 845 3923 qui
890 3865 1042 3908 cum
1093 3866 1231 3909 rem
1282 3853 1418 3911 tam
1467 3854 1703 3913 miram
1743 3853 1823 3913 ad
1875 3854 2182 3913 abbatem
2213 3867 2430 3912 ‚suum
2483 3850 2852 3922 retulisset,
2914 3848 3270 3923 praecepto
3324 3848 3400 3905 il-

308 3948 442 4008 lius
492 3966 730 4026 magna
765 3953 894 4012 sibi
942 3954 1257 4031 deinceps
1305 3957 1637 4017 industria
1687 3959 2148 4019 collaboravit.
2202 3959 2365 4017 Cum
2418 3973 2574 4016 vero
2627 3954 2872 4014 femina
2909 3954 3025 4012 illa
3075 3951 3391 4026 religiosa

309 4061 528 4114 morte
574 4054 978 4118 decessisset
1027 4060 1094 4118 in
1142 4068 1503 4137 conspectu
1550 4062 1668 4121 Dei
1716 4063 2046 4138 pretiosa,
2116 4064 2347 4122 sancta
2396 4062 2584 4135 virgo
2636 4074 2846 4135 usque
2898 4058 2962 4117 in
3010 4056 3113 4116 XL
3148 4071 3394 4116 annum

307 4160 557 4220 aetatis
589 4161 859 4223 videbat
896 4164 1188 4223 visiones
1221 4165 1485 4224 divinae
1523 4168 1908 4228 voluntatis,

1793 4379 1893 4439 IV.

399 4577 560 4639 Post
595 4579 778 4657 haec,
817 4584 989 4644 sicut
1025 4585 1166 4661 ipsa
1203 4588 1267 4646 in
1302 4588 1676 4648 visionibus
1710 4590 1853 4649 suis
1890 4596 2201 4667 testatur,
2244 4592 2568 4651 maximae
2604 4590 3097 4651 coruscationis
3127 4577 3387 4666 igneum

305 4682 551 4758 lumen,
604 4694 834 4761 aperto
868 4690 1052 4751 coelo
1093 4694 1387 4768 veniens,
1440 4695 1790 4755 cerebrum
1840 4714 2034 4757 suum
2072 4697 2444 4771 irradiavit,
2498 4699 2844 4774 totumque
2880 4715 2996 4759 cor
3044 4704 3110 4757 et
3143 4703 3380 4773 pectus

302 4785 449 4861 eJus
497 4788 682 4848 velut
716 4791 981 4853 flamma
1028 4813 1155 4856 non
1205 4798 1468 4871 ardenS,
1522 4799 1637 4858 sed
1674 4802 1923 4876 calenS,
1974 4802 2433 4863 inflammavit.
2485 4802 2654 4862 Hinc
2688 4803 2917 4863 statim
2970 4802 3380 4863 intellectum

381 4993 427 5059 ¹)
455 4995 550 5052 Sic
576 4995 692 5054 fere
719 4998 923 5071 incipit
954 5000 1068 5056 vila
1100 5002 1438 5075 interpolata
1470 5005 1526 5060 in
1554 5006 1674 5062 cod.
1706 5006 1802 5064 Ul·
1889 5012 2016 5062 ortu
2056 5013 2113 5063 et
2151 5006 2334 5063 obitu.
2390 5007 2475 5064 CI.
2508 5025 2561 5079 p.
2592 5011 2715 5063 ⁴38.
2758 5039 2824 5047 —
2872 5010 2917 5071 ²)
2960 5008 3018 5063 Id
3058 5005 3206 5076 quod
3247 5004 3387 5061 alibi

309 5079 612 5151 trajectino
655 5085 800 5156 apud
839 5085 982 5143 Boll.
1042 5087 1315 5146 Constans
1340 5098 1425 5147 est
1478 5099 1796 5150 nostrorum
1891 5098 2128 5150 tacetur.
2172 5126 2238 5136 -··
2275 5094 2319 5162 ³)
2349 5095 2409 5150 ld
2436 5111 2662 5167 quoque
2687 5111 2896 5151 novum
2926 5101 3030 5151 est.
3064 5126 3131 5135 —
3156 5095 3201 5160 ⁴)
3230 5093 3385 5152 Haec

306 5165 464 5223 codd.
513 5184 816 5227 consensus
865 5171 946 5227 in.
976 5173 1307 5233 chronotaxi
1363 5178 1799 5248 Hildegardiana
1889 5191 1948 5237 et
1984 5182 2097 5238 alia
2124 5182 2192 5238 ad
2222 5184 2455 5239 verbum
2483 5183 2859 5237 desumuntur
2885 5199 2952 5237 ex
2984 5182 3129 5245 vita,
3160 5188 3388 5240 auctore

306 5251 571 5311 adversus
597 5263 848 5329 receptas
869 5261 1075 5333 passim
1104 5263 1435 5328 sententias,
1459 5265 1525 5320 de
1548 5266 1798 5337 ejusdem
1883 5268 2205 5328 Godesrid0.
