4036 6117
1611 507 2075 562 srts‘roLAE.
3146 489 3281 559 415

249 635 315 696 et
351 652 530 696 servi
571 634 992 705 famulatum,
1032 635 1095 693 in
1131 650 1209 693 eo
1245 635 1359 710 qui
1395 652 1631 697 servos
1667 638 2042 699 immeritos
2078 638 2372 713 gratuita
2408 637 2657 711 pietate
2693 635 3039 713 adoptavit
3074 628 3270 698 filios.

336 741 503 800 Dum
557 742 728 800 inter
776 746 1082 799 caeteros
1130 739 1478 814 dignitatis
1527 748 1794 801 vestrae
1844 748 2221 815 consorte8‚
2282 755 2567 816 quorum
2615 739 2967 816 plurimos,
3020 742 3083 801 in
3135 737 3350 817 digni·

251 848 386 905 tato
444 835 932 930 [praecipuos],
971 843 1053 902 ad
1109 843 1558 903 venerabilem
1594 843 1639 923 ¹)
1670 851 1953 904 matrem
2023 858 2419 918 sacramque
2477 842 2725 902 Christi
2762 844 3091 918 virginem
3126 844 3350 904 Hilde-

249 951 522 1028 gardem
596 964 796 1025 saepe
860 948 1131 1007 venisse
1202 947 1518 1022 vidimus,
1591 965 1713 1007 vos
1777 965 1855 1008 eo
1907 948 2345 1024 frequentior,
2398 962 2530 1022 quo
2575 946 2881 1006 devotior
2927 946 3147 1006 officio
3196 946 3355 1006 cha·

250 1057 505 1130 ritatiS,
567 1070 712 1114 eam
771 1052 1180 1126 visitaretis,
1241 1052 1415 1110 inter
1464 1051 1847 1128 frequentes
1895 1053 1963 1111 et
2017 1057 2319 1111 secretos
2368 1066 2755 1125 consessuS,
2807 1052 3054 1126 quibus
3106 1051 3352 1128 insigni

253 1161 349 1219 illi
397 1175 582 1219 more
630 1173 776 1231 suc,
830 1155 995 1215 mihi
1043 1172 1240 1216 servo
1289 1161 1517 1215 vestro
1570 1163 1641 1215 ut
1677 1155 1884 1228 socio,
1938 1154 2378 1214 mansuetudo
2427 1154 2851 1213 celsitudinis
2898 1164 3168 1214 vestrae
3219 1156 3358 1214 ine-

250 1264 460 1323 briari
508 1269 574 1322 et
623 1262 915 1336 colloqui
965 1261 1389 1336 dignabatur,
1442 1260 1697 1335 placuit
1745 1261 1962 1335 vobiS,
2013 1267 2089 1319 ut
2138 1275 2288 1318 cum
2341 1260 2533 1336 prius
2580 1275 2657 1318 ex
2708 1260 3142 1335 praelationis
3190 1261 3357 1321 emi-

247 1368 469 1426 nentia
513 1366 747 1441 jubere
798 1364 1097 1441 possitiS,
1150 1364 1515 1422 moneretis
1561 1364 1784 1438 potius
1832 1369 1900 1423 et
1937 1364 2291 1439 rogaretiS,
2342 1371 2676 1440 quatenus
2711 1365 2964 1440 aliquid
3016 1366 3095 1426 ad
3132 1366 3358 1443 cogni-

251 1471 497 1530 tionem
549 1475 849 1527 vestram
898 1467 979 1526 de
1033 1467 1144 1526 illa
1196 1467 1362 1526 certi
1415 1468 1589 1542 stylo
1641 1483 1786 1526 meo
1836 1467 2298 1543 producerem.
2351 1468 2764 1529 Fatebamini
2824 1468 3155 1545 siquidem
3203 1486 3354 1544 vOS,

253 1573 427 1633 fama
475 1573 923 1647 dispergente,
977 1585 1128 1628 cum
1175 1570 1359 1628 veris
1413 1569 1581 1629 falsa
1632 1571 1928 1629 inserere
1979 1571 2284 1631 inolitum
2336 1577 2462 1646 est,
2517 1573 2690 1631 inter
2724 1574 2933 1632 multa
2981 1574 3183 1633 etiam
3234 1575 3357 1634 ali-

253 1695 384 1754 qua
432 1694 603 1753 quae
639 1675 835 1734 fidem
884 1674 1203 1733 excedere
1236 1674 1650 1746 viderentur,
1703 1673 1783 1732 de
1821 1675 1968 1749 ipsa
2017 1674 2375 1747 accidisse,
2425 1679 2492 1733 et
2526 1674 2802 1747 proinde
2838 1689 2919 1733 ne
2968 1677 3358 1735 commenti-

253 1784 344 1841 tia
393 1788 462 1841 et
511 1781 766 1839 incerta
828 1779 1116 1838 animam
1183 1781 1481 1837 vestram
1539 1778 1646 1836 vel
1694 1778 2103 1853 deciperent,
2153 1778 2261 1836 vel
2311 1778 2395 1837 ab
2448 1779 2745 1837 univeris
2792 1777 2842 1856 ²)
2902 1779 3049 1855 ejus
3096 1788 3362 1841 averte-

252 1892 435 1961 rent,
488 1887 660 1945 velle
695 1901 817 1944 vos
863 1884 1325 1957 vehementer,
1381 1889 1453 1942 ut
1500 1883 1582 1941 de
1619 1883 1755 1941 vita
1807 1899 1925 1942 seu
1976 1885 2529 1958 conversatione,
2576 1884 2657 1943 de
2693 1885 2995 1944 moribus
3043 1889 3111 1947 et
3145 1887 3362 1946 incer-

254 1992 365 2065 tis,
399 1984 448 2070 ⁸)
487 1991 904 2065 maximeque
938 1989 1020 2047 de
1066 1989 1307 2064 gratia,
1346 2005 1546 2064 quarn
1596 1988 1997 2062 mirabilem,
2036 1990 2103 2048 et
2150 1988 2491 2064 prioribus
2530 1991 3010 2066 incompertam
3060 1995 3356 2054 saeculis

253 2092 497 2151 habere
545 2092 920 2167 diceretur,
973 2107 1096 2166 ego
1147 2092 1259 2166 qui
1307 2089 1661 2166 frequenS,
1716 2091 1917 2150 immo
1968 2090 2286 2150 assiduus
2337 2091 2517 2150 circa
2566 2109 2714 2151 eam
2747 2109 2995 2165 essem,
3033 2101 3100 2155 et
3134 2097 3360 2158 omnia

253 2198 398 2273 ejus
433 2198 791 2273 diligenter
824 2212 1090 2272 possem
1128 2196 1560 2271 investigare,
1600 2196 1818 2255 relatu
1852 2211 2000 2255 meo
2037 2212 2160 2255 vos
2193 2202 2453 2255 certum
2488 2196 2857 2258 redderem.

346 2296 545 2386 [Inde
595 2303 896 2361 excurrit
925 2320 1051 2377 per
1091 2300 1394 2377 plurima
1427 2307 1488 2358 et
1524 2300 1747 2376 ampla
1791 2301 1960 2377 folia
1995 2299 2372 2375 GuibertuS,
2410 2301 2565 2359 dum
2613 2303 2915 2378 ineptum
2952 2320 3017 2360 se
3053 2308 3115 2362 et
3149 2304 3367 2381 impa-

253 2427 394 2468 rem
441 2409 624 2484 operi
670 2407 1056 2485 profitetur,
1107 2406 1277 2483 quod
1318 2412 1676 2481 praeterea
1722 2405 1842 2464 alii
1892 2408 2054 2464 salis
2105 2412 2801 2482 praeoccupaverunt,
2852 2413 2926 2464 ut
2973 2409 3087 2466 vim
3134 2408 3363 2485 aliqua

247 2512 519 2589 plenius
568 2511 943 2583 addantur3
995 2508 1284 2585 obsequii
1334 2515 1559 2567 tamen
1608 2514 1669 2566 et
1721 2509 1941 2567 solatii
1988 2510 2244 2585 qratia,
2296 2511 2504 2568 mittit
2554 2510 2977 2586 Hildeqardis
3040 2512 3363 2570 visionem

255 2634 372 2674 seu
405 2604 808 2694 epistolam]

343 2717 667 2789 Quoniam
703 2732 861 2791 ergo
897 2716 1054 2775 novi
1103 2732 1226 2774 vos
1260 2731 1407 2773 eam
1457 2714 1887 2775 vehementer
1934 2715 2256 2775 dilexisse
2280 2764 2295 2791 ,
2348 2722 2418 2777 et
2449 2716 2532 2775 de
2565 2717 2777 2792 gestis
2811 2716 2959 2793 ejus
2993 2732 3122 2776 non
3170 2717 3364 2778 licuit

257 2821 421 2880 mibi
471 2821 663 2880 vobis
709 2820 1126 2894 satisfacere,
1166 2820 1405 2879 saltem
1442 2819 1522 2878 de
1557 2820 1784 2878 verbis
1839 2820 2052 2894 ipsius
2087 2836 2258 2895 quae
2312 2821 2505 2879 mitto
2545 2820 2735 2879 vobis
2784 2820 3080 2896 aliquam
3128 2835 3368 2882 conso·

259 2925 576 2984 lationem
624 2924 931 2998 accipite,
967 2926 1034 2983 et
1080 2923 1435 2998 epistolam
1472 2924 1761 2983 mirabili
1801 2924 2238 2984 instructione
2272 2925 2559 3000 plenam,
2608 2924 2725 2984 sed
2758 2930 2824 2982 et
2862 2925 3188 2984 visionem
3220 2924 3367 3000 pul-

261 3029 665 3109 cherrimam
712 3028 793 3090 de
827 3029 1223 3089 excellentia
1271 3029 1484 3088 sancti
1529 3028 1791 3088 Martini
1837 3028 2162 3088 divinitus
2196 3027 2294 3087 illi
2330 3030 2694 3104 ostensam,
2732 3044 2901 3104 quas
2936 3045 3056 3089 suo
3091 3028 3362 3105 quidem

267 3137 567 3213 prolatas
615 3152 846 3207 sensu,
884 3137 1003 3195 sed
1052 3152 1199 3195 meo
1248 3139 1560 3195 exaratas
1607 3135 1802 3211 stylo,
1853 3133 2121 3194 cuidam
2170 3135 2386 3194 arnico
2436 3150 2558 3194 suo
2607 3135 2873 3211 direxit,
2921 3131 2971 3213 ⁴)
3006 3134 3365 3210 diligenter

261 3245 606 3320 perlegite.

1659 3469 1951 3543 XXIX.

1005 3689 1174 3749 Visio
1212 3690 1276 3751 S.
1313 3691 1738 3766 Hildeqardis
1771 3694 1857 3751 ad
1893 3692 2285 3753 Guibertum
2317 3699 2522 3755 missa
2550 3689 2621 3776 ⁸).

275 3922 513 3978 Visione
557 3923 728 3978 trium
771 3921 1053 3979 virtutum
1094 3925 1465 3988 humilitatis,
1506 3927 1865 3985 obedientiae
1905 3935 1961 3984 et
1999 3931 2383 3987 abstinentiae
2421 3932 2673 3988 breviter
2711 3932 2909 3997 relata,
2948 3933 3259 3991 Guibertus
3299 3936 3359 3993 in

345 4004 711 4075 Hildegardis
750 4021 987 4078 persona
1025 4009 1411 4080 prolixissime
1448 4009 1702 4083 disputat
1728 4013 1796 4068 de
1823 4014 2089 4070 omnibus
2117 4015 2231 4071 fere
2259 4015 2575 4070 virtutibus
2616 4016 2725 4071 viri
2755 4017 3001 4079 honesti.
3030 4019 3356 4084 christiani.

340 4090 648 4145 sacerdotis
675 4096 732 4146 et
760 4092 1046 4155 monachi,
1076 4093 1176 4148 ubi
1203 4094 1364 4164 plura
1395 4100 1507 4149 tam
1538 4096 1605 4150 ad
1635 4113 1691 4151 se
1716 4112 1885 4167 quam
1923 4100 1989 4153 ad
2032 4100 2306 4155 moniales
2332 4101 2389 4155 S.
2419 4101 2657 4172 Ruperti
2688 4102 2994 4172 pertinent.
3037 4104 3258 4161 Asserit
3296 4106 3363 4162 li-

342 4174 471 4229 bros
497 4174 862 4244 Hildegardis
889 4176 1000 4231 sibi
1026 4176 1355 4234 commissos
1384 4178 1558 4235 fuisse
1583 4184 1984 4248 emendandos,
2012 4185 2133 4241 sive
2157 4186 2539 4257 expoliendos.

1786 4366 1832 4428 Ι.

358 4586 430 4644 In
477 4585 806 4646 visionem
842 4586 1104 4647 animae
1152 4604 1360 4664 meae,
1398 4590 1538 4650 vidi
1587 4591 1921 4667 ingentem
1955 4596 2294 4657 rutilantis
2347 4598 2518 4675 ignis
2552 4600 2825 4676 nubem,
2879 4602 3168 4664 similem
3202 4604 3366 4665 luci-

266 4689 390 4750 dac
437 4707 744 4765 aurorae,
781 4693 1056 4768 quaein
1101 4708 1295 4753 mane
1330 4695 1539 4754 solem
1588 4700 1989 4775 praecurrit;
2026 4700 2093 4759 in
2142 4718 2272 4777 quo
2326 4704 2488 4765 mihi
2538 4711 2675 4766 tres
2725 4707 3049 4781 virtuteS‚
3105 4709 3367 4771 scilicet

268 4792 649 4870 humilitaS,
699 4794 1079 4856 obedientia
1112 4800 1180 4857 et
1226 4797 1655 4875 abstinentia,
1692 4802 1889 4877 quasi
1940 4803 2002 4862 in
2040 4803 2352 4867 humanis
2404 4807 2668 4885 formis,
2721 4810 3153 4887 apparebant3
3206 4830 3366 4889 qua-

346 5014 388 5077 ¹)
425 5017 502 5070 ad
537 5018 859 5088 dignitatem
893 5019 969 5072 ad
1004 5020 1361 5076 venerabilem
1397 5020 1518 5077 cod.
1564 5020 1621 5077 in
1661 5037 1774 5093 quo
1867 5024 1962 5081 hic
1992 5027 2214 5090 haereo,
2254 5028 2386 5086 sort.
2418 5038 2469 5087 el
2491 5035 2686 5095 verbis.
2726 5035 2876 5105 quod
2921 5034 3066 5089 infra
3098 5034 3361 5097 habetur.

274 5098 492 5168 aliquid
534 5101 671 5156 latet
708 5108 765 5158 et
809 5110 983 5159 vacat.
1014 5106 1059 5166 2)
1098 5107 1169 5160 ab
1204 5110 1476 5164 universis
1514 5109 1651 5165 ibid.
1684 5126 1773 5165 su·
1868 5112 2153 5168 venetiam
2182 5120 2230 5169 et
2254 5119 2487 5188 scriptis.
2521 5148 2584 5157 —
2618 5118 2661 5182 θ)
2686 5118 2842 5183 Quae
2882 5119 3153 5174 nimirum
3195 5135 3363 5191 supra

197 5258 202 5263 .
274 5199 475 5253 spenso
500 5185 715 5242 calamo
753 5188 1066 5245 emendavi.
1101 5222 1164 5229 —
1193 5189 1237 5258 ²)
1265 5196 1525 5250 incertis?
1562 5194 1766 5252 ilerum
1861 5204 2089 5254 exstant
2110 5192 2216 5254 sub
2240 5212 2394 5255 num.
2421 5199 2576 5258 xm.
2609 5233 2677 5242 —-
2702 5206 2746 5268 ⁵)
2768 5204 2851 5260 Ex
2874 5204 2993 5262 eod.
3021 5205 3141 5262 cod.
3168 5204 3207 5263 f.
3238 5210 3360 5263 ¹33.
