4036 6117
1097 458 1184 465 Μ

1682 487 2066 535 cAnmNA.
3244 470 3371 533 451

362 607 492 682 gis,
532 606 705 668 sicut
740 607 805 667 in
839 607 1054 683 primo
1089 607 1349 684 perdito
1384 607 1618 682 angelo
1656 607 1901 684 fecisti,
1947 608 2060 668 ubi
2094 606 2336 667 turrim
2385 606 2740 682 superbiae
2791 606 2972 666 illius
3008 607 3073 666 in
3111 606 3443 667 infernum

354 711 683 786 dejecisti.

445 818 519 876 Et
557 819 646 878 ibi
682 819 882 877 aliam
921 819 1160 878 turrim
1199 819 1263 878 in
1297 819 1672 893 publicanis
1722 823 1789 876 et
1820 817 2293 894 peccatoribus
2326 817 2632 892 elevasti,
2669 818 2785 894 qui
2822 817 2942 878 tibi
2992 822 3267 893 peccata
3318 831 3442 876 sua

361 939 508 982 cum
546 924 864 999 operibus
899 925 1042 983 suis
1077 924 1493 984 confitentur.

442 1029 622 1088 Unde
670 1045 902 1088 omnes
951 1034 1323 1103 creaturae,
1376 1043 1547 1104 quae
1581 1028 1663 1087 de
1710 1034 1774 1087 te
1808 1028 2066 1103 vivunt,
2119 1033 2184 1087 te
2217 1027 2513 1102 laudant,
2564 1026 2724 1103 quia
2757 1028 2831 1087 tu
2872 1026 3439 1102 pretiosissimum

356 1139 764 1207 unguentum
813 1149 885 1193 es
937 1133 1169 1193 fractis
1216 1138 1283 1193 et
1333 1131 1557 1192 fetidis
1619 1132 2045 1207 vulneribuS,
2119 1132 2235 1192 ubi
2284 1131 2399 1191 illa
2448 1131 2516 1191 in
2560 1130 3092 1207 pretiosissimas
3140 1145 3440 1206 gemmas

353 1237 713 1297 convertis,

443 1341 627 1400 Nunc
658 1341 934 1416 dignare
967 1356 1090 1400 nos
1123 1355 1352 1400 omnes
1385 1336 1429 1419 ¹)
1465 1340 1549 1401 ad
1583 1347 1647 1400 te
1683 1340 2002 1416 colligere
2037 1345 2103 1400 et
2136 1339 2216 1399 ad
2254 1343 2436 1398 recta
2473 1339 2712 1398 itinera
2746 1338 3057 1414 dirigere.
3094 1337 3322 1397 Amen.

1651 1537 1805 1597 LIV.
1856 1537 2172 1598 Alleluia.

439 1717 489 1775 O
538 1718 729 1792 virga
776 1719 1152 1795 mediatrix,
1212 1725 1443 1780 sancta
1492 1721 1757 1779 viscera
1805 1726 1920 1780 tua
1972 1724 2255 1779 mortem
2305 1724 2816 1794 superaverunt,
2877 1724 2943 1778 et
2990 1723 3224 1777 venter
3272 1719 3461 1780 tuus·

348 1837 578 1880 omnes
635 1828 980 1883 creaturas
1037 1825 1462 1900 illuminavit,
1524 1826 1589 1884 in
1645 1824 1924 1900 pulchro
1981 1824 2143 1884 flore
2200 1823 2281 1884 de
2330 1823 2737 1884 suavissima
2788 1822 3172 1897 integritate
3221 1821 3434 1881 clausi

350 1930 625 2005 pudoris
661 1930 756 1990 tui
793 1930 989 1991 horti.
1024 1928 1075 2010 ²)

1295 2131 1415 2192 LV.
1471 2133 1833 2209 Sequentia
1865 2133 1944 2192 de
1981 2138 2210 2192 sancta
2244 2132 2475 2194 Maria.

438 2329 491 2385 O
527 2327 714 2402 virga
749 2344 827 2387 ac
860 2328 1168 2388 diadema
1198 2345 1535 2405 purpurae
1570 2331 1773 2405 regiS,
1811 2346 1982 2405 quae
2015 2347 2090 2390 es
2127 2332 2194 2390 in
2227 2331 2541 2390 clausura
2577 2335 2691 2390 tua
2727 2330 2903 2389 sicut
2937 2329 3166 2389 lorica.

440 2433 535 2490 Tu
586 2431 897 2492 frondens
947 2433 1236 2494 floruisti
1282 2433 1350 2493 in
1384 2434 1516 2494 alia
1563 2434 2055 2511 vicissitudine,
2108 2450 2315 2511 quum
2354 2428 2404 2513 ⁸)
2440 2434 2648 2494 Adam
2699 2448 2892 2493 omne
2943 2447 3153 2508 genus
3202 2430 3433 2490 huma-

352 2552 505 2595 num
545 2536 961 2609 produceret.
2468 2537 2471 2542 '

438 2642 596 2715 Ave,
635 2641 781 2700 ave!
823 2640 905 2700 de
940 2643 1052 2701 tuo
1085 2648 1317 2702 ventre
1351 2644 1483 2703 alia
1519 2644 1655 2704 vita
1690 2645 2043 2721 processit,
2082 2661 2213 2721 qua
2246 2642 2454 2704 Adam
2491 2642 2662 2703 filios
2699 2657 2861 2701 suos
2893 2639 3369 2699 denudaverat.

436 2745 487 2804 O
523 2745 666 2821 nos,
719 2750 789 2805 tu
824 2763 953 2805 non
1000 2748 1393 2822 germinasti
1439 2748 1521 2808 de
1573 2765 1744 2824 rore,
1797 2765 1920 2809 nec
1967 2749 2049 2808 de
2098 2749 2310 2825 guttis
2360 2747 2655 2823 pluviae,
2705 2762 2828 2808 nec
2862 2760 2978 2805 aer
3024 2744 3315 2820 desuper
3362 2749 3429 2801 te

343 2851 620 2911 volavit:
657 2850 772 2911 sed
805 2851 1029 2911 divina
1063 2853 1335 2914 claritas
1371 2853 1436 2912 in
1470 2853 1891 2914 nobilissima
1924 2853 2116 2928 virga
2149 2858 2216 2912 te
2249 2853 2581 2929 produxit:

434 2957 485 3015 O
521 2957 731 3031 virga,
769 2956 1196 3017 floriditatem
1230 2963 1411 3017 tuam
1446 2957 1622 3017 Deus
1657 2958 1722 3018 in
1756 2959 1972 3034 prima
2006 2958 2115 3017 die
2150 2963 2503 3017 creaturae
2537 2972 2699 3016 suae
2733 2954 3180 3032 praeviderat.
3214 2998 3227 3008 .

433 3062 511 3119 Et
544 3061 625 3119 de
662 3062 863 3121 verbo
899 3079 1019 3121 suo
1057 3078 1326 3122 auream
1363 3064 1738 3138 materiam,
1775 3079 1813 3123 o
1849 3063 2209 3123 laudabilis
2245 3064 2461 3138 virgo,
2500 3062 2678 3121 fecit.

435 3164 486 3221 Ο
521 3181 718 3241 quam
770 3181 1082 3240 magnum
1131 3173 1235 3225 est
1270 3168 1335 3226 in
1368 3168 1628 3228 viribus
1681 3168 1824 3228 suis
1858 3169 2037 3228 latus
2073 3169 2225 3243 viri,
2277 3167 2358 3226 de
2395 3183 2524 3242 quo
2573 3166 2749 3224 Deus
2795 3163 3076 3223 formam
3126 3160 3429 3221 mulieris

347 3270 678 3345 produxit:
714 3286 914 3346 quarn
953 3270 1109 3331 fecit
1140 3273 1483 3347 speculum
1536 3274 1754 3332 omnis
1789 3273 2166 3332 ornamenti
2202 3272 2334 3342 sui,
2378 3273 2444 3331 et
2476 3269 2959 3346 amplexionem
2995 3268 3212 3328 omnis
3247 3283 3430 3326 crea-

346 3380 538 3434 turae
573 3390 751 3435 suae.

436 3481 588 3539 Inde
637 3484 996 3543 concinunt
1043 3487 1364 3545 coelestia
1412 3501 1686 3562 organa,
1738 3487 1807 3546 et
1854 3486 2141 3546 miratur
2188 3486 2406 3546 omnis
2458 3490 2659 3557 terra,
2712 3500 2751 3542 o
2787 3483 3147 3544 laudabilis
3194 3483 3421 3558 Maria,

345 3587 503 3661 quia
532 3587 709 3648 Deus
743 3595 808 3648 te
844 3592 1035 3650 valde
1073 3593 1342 3653 amavit.
1378 3594 1429 3653 O
1465 3609 1664 3669 quam
1699 3594 1893 3654 valde
1928 3593 2398 3669 plangendum,
2435 3598 2502 3652 et
2536 3592 2894 3668 lugendum
2927 3598 3055 3667 est,
3095 3591 3272 3668 quod
3314 3593 3427 3652 tri-

341 3694 529 3753 stitia
565 3695 630 3754 in
662 3696 942 3756 crimine
977 3713 1095 3770 per
1128 3698 1483 3757 consilium
1518 3700 1853 3775 serpentis
1890 3700 1957 3758 in
1989 3700 2338 3759 mulierem
2377 3698 2583 3759 fluxit.

431 3798 594 3858 Nam
630 3800 776 3875 ipsa
812 3800 1073 3875 mulier,
1110 3818 1310 3876 quam
1342 3801 1520 3861 Deus
1556 3809 1840 3863 matrem
1874 3804 2170 3863 omnium
2204 3803 2451 3879 posuit,
2491 3805 2752 3863 viscera
2786 3818 2907 3863 sua
2942 3818 3094 3861 cum
3138 3800 3428 3860 vulneri·

343 3903 468 3961 bus
504 3905 916 3979 ignorantiae
948 3906 1330 3981 discerpsit,
1355 3902 1403 3984 ⁴)
1442 3911 1507 3967 et
1540 3910 1809 3984 plenum
1843 3909 2142 3970 dolorem
2175 3911 2402 3985 generi
2439 3927 2561 3970 suo
2596 3910 2895 3984 protulit.

433 4009 579 4084 Sed,
613 4027 652 4068 o
685 4026 950 4085 aurora,
988 4011 1069 4069 de
1103 4018 1334 4071 ventre
1369 4015 1481 4074 tuo
1516 4031 1727 4075 novus
1763 4016 1864 4075 sol
1890 4017 2243 4090 processit,
2275 4017 2388 4091 qui
2416 4017 2637 4075 omnia
2664 4015 2948 4075 crimina
2970 4014 3146 4073 Evae
3175 4014 3429 4074 abster-

343 4112 456 4185 sit,
492 4118 559 4171 et
593 4112 914 4189 majorem
949 4114 1476 4177 benedictionem
1524 4134 1642 4194 per
1676 4124 1740 4177 te
1775 4121 2076 4195 protulit,
2114 4136 2315 4195 quam
2348 4120 2484 4179 Eva
2518 4119 2902 4178 hominibus
2937 4118 3302 4178 nocuisset.

435 4217 637 4293 Unde,
674 4235 712 4278 o
748 4219 1093 4295 salvatrix,
1130 4237 1301 4296 quae
1349 4239 1595 4282 novum
1645 4225 1870 4284 lumen
1919 4225 2207 4285 humano
2256 4226 2483 4301 generi
2534 4224 2899 4301 protulisti,
2952 4222 3193 4297 collige
3226 4239 3431 4284 mem·

346 4323 466 4381 bra
500 4322 650 4382 Filii
683 4324 778 4383 tui
813 4324 895 4383 ad
930 4325 1286 4385 coelestem
1324 4326 1761 4388 harmoniam.

1255 4522 1406 4583 LVI.
1463 4525 1820 4600 Sequentia
1867 4525 1948 4583 de
2000 4531 2229 4585 sancta
2277 4526 2507 4586 Maria.

431 4701 481 4758 Ο
547 4699 960 4759 viridissima
1017 4701 1243 4777 virga,
1310 4706 1472 4778 ave,
1540 4720 1710 4779 quae
1769 4704 1832 4762 in
1888 4710 2169 4764 ventoso
2229 4704 2435 4767 flabro
2501 4705 2983 4767 sciscitationis
3040 4704 3426 4763 sanctorum

343 4805 675 4879 prodiisti.
710 4800 757 4884 ⁵)

417 4975 462 5039 ¹)
488 4978 720 5049 (liquare
745 4978 983 5034 homines
1007 4976 1067 5033 B.
1099 5009 1164 5017 -
1191 4980 1236 5040 ²)
1265 4981 1418 5035 horto
1442 4980 1553 5036 duo
1578 4982 1737 5038 codd.
1769 5012 1837 5021 —
1928 4983 2107 5037 latum
2136 4982 2196 5039 B.
2227 4981 2497 5054 Virgines
2529 4988 2885 5055 conceptum.
2915 4981 3208 5036 Caeterum
3235 4976 3425 5032 omnia

342 5061 389 5127 ³)
415 5079 582 5134 quam
617 5063 775 5119 codd.
809 5064 909 5121 iid.
952 5063 1214 5120 Admissa
1241 5070 1428 5121 nostra
1468 5071 1838 5132 correctione,
1929 5067 2309 5139 pulcherrima
2337 5077 2489 5126 sunt.
2528 5102 2590 5110 —
2617 5070 2660 5136 ⁴)
2690 5071 2961 5140 Decerpst't
2985 5068 3054 5130 Α,
3083 5073 3131 5123 et
3162 5068 3421 5138 decerpsit

341 5149 440 5205 cui
490 5153 786 5224 sequentia
835 5153 1048 5218 favent,
1112 5154 1415 5227 respicitur
1459 5156 1526 5210 ad
1574 5156 1840 5212 immacu·
1931 5154 1989 5210 B.
2025 5188 2090 5195 -
2120 5158 2163 5221 ⁵)
2183 5158 2425 5228 prodisti
2447 5155 2518 5220 Α,
2546 5156 2605 5215 B.
