4036 6117
1647 495 2118 549 amsi-onim.
3211 474 3345 538 365

419 622 623 701 Ergo,
674 642 712 686 o
748 624 922 686 filiae
956 639 1164 699 meae,
1218 622 1441 685 audite
1493 638 1617 699 me,
1657 622 1904 684 fontem
1939 621 2191 693 vivum,
2228 618 2560 678 dicentem
2608 616 2822 677 vobis:
2874 614 3117 675 Sancta
3163 619 3230 673 et
3277 612 3412 674 ele-

328 734 437 789 cta
471 730 782 790 viriditas
830 731 898 789 in
928 728 1123 789 vobis
1157 728 1275 799 sit,
1325 734 1394 789 et
1425 745 1555 789 non
1607 727 1893 788 facultas
1924 724 2210 799 Diaboli,
2262 737 2434 799 quae
2467 720 2675 781 Deum
2726 722 2792 780 in
2825 720 3136 795 turpibus
3185 717 3415 778 vulne-

330 834 518 894 tibus
554 835 975 911 derelinquit.

415 936 596 996 Haec
641 937 846 997 verba
882 937 1095 997 bonus
1144 937 1378 996 oculus
1413 937 1617 1010 videt,
1668 941 1736 995 et
1768 935 1944 996 bona
1991 933 2176 995 auris
2211 930 2416 992 audit.
2470 929 2594 990 Sed
2629 928 2898 1005 lapidea
2934 942 3121 987 mens
3169 942 3248 986 ea
3279 941 3413 986 non

328 1038 644 1114 percipit,
705 1054 876 1113 quae
922 1039 1128 1098 Deum
1177 1038 1603 1115 derelinquit,
1663 1043 1730 1096 et
1776 1035 2131 1096 Diabolum
2180 1032 2639 1108 amplectitur,
2698 1045 3010 1106 magnam
3056 1027 3296 1088 turrim
3346 1027 3414 1086 in

332 1141 589 1200 inferno
625 1141 1005 1202 aedificans

419 1245 470 1306 O
505 1246 678 1306 bona
727 1252 794 1306 et
828 1252 1011 1306 recta
1045 1244 1407 1306 desideria!
1463 1246 1789 1316 Quantam
1840 1244 2218 1304 claritatem
2253 1242 2541 1318 habetis,
2594 1241 2708 1301 ubi
2740 1240 2957 1301 dulcis
2992 1238 3159 1299 odor
3187 1242 3415 1297 vester

332 1351 413 1410 ad
445 1351 653 1411 Deum
706 1349 1028 1411 ascendit.
1066 1350 1269 1411 Valde
1317 1350 1559 1410 durum
1592 1352 1696 1410 est
1744 1349 2034 1409 humano
2068 1347 2298 1424 generi
2332 1347 2790 1409 contradicere
2823 1345 3163 1423 voluptati
3211 1350 3420 1405 terre-

328 1470 586 1515 norum.
623 1453 914 1514 Audiant
945 1469 1106 1530 ergo
1140 1453 1317 1515 filiae
1352 1469 1538 1515 meae
1569 1454 1777 1514 verba
1813 1454 1997 1513 haec:

418 1560 714 1620 Primum
748 1560 1022 1635 malum,
1058 1560 1127 1620 in
1160 1560 1540 1620 temeritate
1571 1559 1934 1636 decipiens,
1965 1571 2136 1633 opus
2175 1556 2466 1618 hominis
2501 1555 2858 1618 suffocavit
2888 1571 3009 1632 per
3041 1553 3412 1625 mulierem,

334 1673 627 1728 montem
676 1667 989 1741 turrium,
1044 1666 1108 1726 in
1154 1667 1701 1728 lamentationem
1748 1668 2129 1743 expulsum,
2184 1668 2250 1728 in
2281 1682 2413 1743 quo
2466 1664 2719 1724 formae
2768 1669 2991 1724 rectae
3041 1659 3418 1722 affectionis

338 1788 662 1849 apparere
694 1772 1091 1836 debuemnt.

420 1877 586 1936 Nam
622 1878 1048 1940 inimicabilis
1080 1875 1125 1961 ¹)
1157 1887 1386 1957 raptor
1420 1897 1498 1942 ac
1533 1880 1735 1941 fallax
1785 1887 2149 1958 suggestor
2194 1881 2401 1955 venit,
2453 1882 2520 1940 et
2563 1878 2840 1939 involvit
2873 1876 3291 1938 affectionem
3346 1873 3422 1933 il-

335 1978 467 2038 lam
504 1980 570 2039 in
615 1982 1030 2057 nigredinem
1062 1984 1315 2044 veteris
1356 1985 1683 2059 criminiS,
1734 1990 1802 2046 et
1836 1985 1898 2044 in
1938 1985 2254 2045 foeditate
2288 1982 2703 2061 pollutioniS,
2757 1982 2851 2042 ita
2883 1983 2958 2042 ut
2990 1979 3235 2039 munda
3267 1992 3419 2038 esse

330 2098 465 2143 non
499 2085 735 2159 possit.

423 2185 497 2261 O,
527 2205 588 2263 o,
625 2204 663 2248 o
700 2190 1036 2251 creatura!
1094 2192 1257 2268 Ach,
1310 2192 1458 2267 ach,
1509 2193 1634 2252 ach
1684 2191 1955 2253 mundol
2014 2193 2136 2267 He,
2174 2192 2279 2268 he,
2317 2190 2399 2252 he
2433 2191 2811 2252 contrariae
2857 2190 3212 2265 voluptati,
3249 2204 3421 2266 quae

337 2292 404 2351 in
434 2299 719 2354 mortem
768 2295 1115 2356 incurvata
1146 2302 1320 2367 erat,
1371 2312 1523 2356 cum
1556 2296 1638 2356 de
1671 2298 1858 2357 coelo
1908 2298 2214 2358 abscissa
2254 2302 2380 2370 est,
2432 2296 2600 2357 etin
2634 2295 2963 2355 infernum
3010 2294 3254 2371 posita,
3302 2292 3418 2353 ubi

335 2412 481 2456 eam
515 2398 833 2459 Diabolus
866 2401 1183 2475 evomuit,
1221 2417 1374 2460 cum
1410 2401 1852 2462 innocentiam
1886 2401 2261 2462 suffocavit.

425 2500 549 2561 Sed
597 2504 807 2564 Filius
860 2504 978 2565 Dei
1043 2506 1364 2583 relinquit
1434 2505 1605 2566 hanc
1661 2507 2051 2567 umbrosam
2106 2506 2554 2583 voluptatem,
2615 2521 2786 2583 quae
2856 2521 2990 2566 non
3035 2503 3254 2581 potuit
3296 2517 3416 2580 per

334 2610 558 2669 lumen
605 2611 916 2687 transire3
968 2619 1036 2672 et
1077 2613 1261 2672 venit
1293 2627 1411 2686 per
1458 2612 1661 2672 aliam
1708 2611 1910 2687 viam,
1962 2611 2078 2672 ubi
2119 2627 2250 2672 non
2299 2613 2446 2673 erat
2493 2611 2697 2671 fallax
2742 2616 3007 2684 natura,
3058 2612 3126 2668 et
3159 2606 3253 2668 ita
3297 2621 3421 2683 per

335 2730 478 2776 eam
517 2719 811 2778 surrexit
847 2720 1241 2782 innocentia.

422 2820 503 2880 Et
536 2822 635 2882 sic
669 2822 895 2882 eduxit
928 2823 1101 2883 filios
1128 2823 1330 2898 Adae,
1367 2824 1449 2883 de
1483 2823 1820 2886 contraria
1855 2824 2201 2899 voluptate
2233 2831 2452 2899 natoS,
2488 2824 2761 2885 trahens
2794 2839 2912 2885 eos
2947 2824 3029 2885 ad
3063 2840 3136 2884 se
3171 2823 3415 2898 ipsum,

335 2939 456 3000 per
487 2926 765 2985 vulnera
801 2927 1149 2986 infixorurn
1185 2927 1527 2987 clavorum
1562 2927 1628 2986 in
1663 2926 2102 2986 instrumento
2138 2927 2323 3003 ligni,
2360 2926 2722 3003 frangendo
2772 2927 3129 3004 ligaturam
3166 2939 3419 2986 eorum:

337 3027 451 3087 alii
487 3027 677 3104 ligati
709 3034 903 3090 erant
949 3028 1015 3090 in
1047 3035 1281 3090 catena
1316 3035 1554 3105 gustus
1587 3028 1746 3088 mali
1782 3029 2026 3105 operiS,
2066 3035 2266 3106 atque
2302 3030 2367 3090 in
2402 3045 2781 3091 mammona
2814 3028 3215 3106 iniquitatiS,
3252 3032 3319 3087 et
3353 3026 3421 3086 in

344 3129 693 3191 dulcedine
727 3133 1054 3208 peccati...
1089 3129 1138 3211 ²)

431 3235 608 3310 Ideo,
661 3253 698 3295 o
749 3237 924 3297 filiae
975 3252 1182 3312 meae,
1234 3237 1495 3298 debetis
1542 3252 1664 3297 vos
1714 3251 1979 3314 semper
2027 3237 2331 3298 cruciare
2366 3238 2433 3298 in
2480 3237 2871 3299 memoriam
2918 3236 3220 3314 eJusdem
3267 3235 3419 3297 Filii

345 3337 498 3414 mei,
533 3346 808 3418 propter
857 3340 1162 3401 fallacem
1199 3344 1574 3417 tyrannum.
1625 3341 1805 3401 Inter
1837 3356 1960 3401 vos
1992 3340 2197 3402 etiam
2244 3358 2377 3402 non
2408 3347 2714 3402 crescant
2761 3346 2959 3417 sputa
2992 3355 3259 3401 amarae
3292 3340 3423 3399 ira-

341 3444 643 3520 cundiae,
693 3451 760 3506 et
794 3445 1085 3521 flagrans
1135 3460 1322 3505 mens
1372 3444 1750 3521 superbiae,
1810 3459 1936 3506 nec
1982 3445 2250 3506 vanitas
2298 3461 2470 3522 quae
2518 3444 2764 3505 scindit
2810 3444 3134 3505 honorem
3182 3441 3424 3504 sancti-

343 3547 699 3625 ficationiS,
734 3565 817 3609 ne
853 3567 891 3610 a
924 3564 1029 3609 me
1064 3549 1345 3611 cadatis·
1379 3542 1429 3628 ²)

433 3650 558 3712 Sed
590 3654 906 3729 gaudium
956 3660 1256 3715 vestrum
1306 3655 1397 3715 sit
1430 3655 1497 3714 in
1529 3669 1656 3728 me,
1708 3654 1777 3714 et
1807 3654 2102 3714 coeleste
2137 3668 2416 3730 regnum
2465 3655 2554 3716 sit
2602 3669 2859 3716 merces
2892 3658 3149 3725 vestra,
3198 3657 3265 3714 et
3296 3669 3425 3729 pax

347 3761 580 3817 sancta
613 3756 705 3817 sit
738 3757 910 3818 inter
943 3774 1086 3819 vos,

435 3858 488 3919 O
518 3859 695 3921 filiae
739 3860 1131 3939 Jerusalem,
1182 3878 1464 3939 magnus
1502 3863 1800 3925 medicus
1832 3865 1900 3925 et
1945 3878 2279 3925 summum
2316 3864 2614 3925 studium
2661 3864 2817 3926 boni
2848 3866 2995 3925 vult
3023 3879 3147 3924 vos
3194 3876 3429 3938 appre-

348 3965 661 4041 hendere,
698 3966 766 4026 et
797 3981 928 4026 non
958 3974 1065 4028 est
1096 3967 1212 4043 qui
1244 3968 1463 4043 possit
1492 3983 1613 4029 vos
1647 3968 1732 4029 ab
1767 3968 1881 4029 illo
1917 3984 2254 4045 separare:

443 4068 647 4144 Unde,
685 4086 723 4130 o
758 4071 1059 4131 tortuose
1092 4071 1354 4147 illusor,
1399 4071 1755 4148 quomodo,
1791 4078 1910 4133 aut
1942 4089 2077 4150 quo
2111 4073 2325 4149 vadis,
2364 4073 2432 4133 in
2480 4072 3073 4148 incongruentibus
3120 4069 3426 4133 casibus?

351 4175 426 4236 In
457 4180 788 4237 terrorem
820 4175 1041 4238 cades.

423 4392 466 4461 ¹)
493 4392 697 4451 Haesit
734 4394 1007 4452 librarius
1042 4411 1235 4459 meus.
1276 4396 1413 4454 licet
1438 4395 1695 4469 peritus,
1736 4394 1852 4452 fru-
1945 4397 2007 4453 in
2044 4415 2138 4456 ore
2177 4399 2238 4456 B.
2281 4400 2351 4459 V.
2392 4399 2625 4465 Mariae.
2669 4406 2789 4456 tum
2820 4398 2999 4472 ipsius
3024 4396 3260 4462 christi,
3286 4413 3350 4454 ae
3375 4396 3424 4453 si

352 4479 469 4533 stra
517 4478 837 4551 suspicatus
860 4484 1217 4540 invincibilia.
1257 4481 1424 4556 Apud
1450 4482 1852 4553 Hildegardem
1943 4486 2201 4543 deessent
2227 4485 2288 4542 in
2333 4486 2576 4558 quodam
2615 4485 2868 4542 dramate
2904 4483 3133 4542 nomina
3169 4498 3428 4557 persona-

352 4564 708 4621 inimioabilis
744 4581 857 4621 non
881 4569 966 4622 est
1010 4566 1132 4623 sine
1175 4570 1450 4642 exemplo.
1493 4569 1714 4627 Exinde
1750 4575 1851 4627 aut
1942 4586 2089 4628 rum.
2113 4602 2179 4614 —
2201 4573 2247 4637 2)
2276 4570 2407 4630 fort.
2450 4572 2612 4644 plura
2649 4571 3057 4630 desiderantur.
3098 4601 3166 4612 ·-
3196 4570 3242 4639 ²)
3278 4586 3432 4628 neca

353 4650 523 4722 paulo
547 4655 698 4724 post.
736 4650 945 4709 sensim
983 4650 1105 4711 sine
1142 4670 1306 4712 seusu
1338 4655 1526 4727 pergit
1561 4655 1846 4716 canticum
1940 4676 2021 4716 me
2042 4660 2252 4716 cadatis
2275 4657 2366 4715 W.
