4036 6117
1326 541 1792 588 EplsTOLARUM
1841 539 2023 587 Nova
2074 540 2320 587 senuas.
3174 523 3306 583 565

286 654 417 716 Lex
468 658 533 717 in
569 675 696 719 uno
743 657 876 718 Deo
911 659 1130 733 posita
1178 664 1304 735 est,
1342 660 1519 720 sicut
1564 660 1858 735 pallidus
1892 660 2014 720 ssos
2064 665 2132 719 et
2167 658 2451 720 rutilans
2501 659 2624 719 ssos
2661 659 2726 718 in
2775 657 2999 718 radice
3036 672 3202 732 una,
3253 655 3369 715 ubi

286 762 631 822 unicornis
664 763 867 838 venit,
902 758 948 840 ¹)
985 765 1051 823 et
1084 764 1406 839 pallidum
1440 765 1672 824 florem
1711 764 1900 824 illum
1949 763 2299 824 lambendo
2342 763 2645 839 sugebat,
2697 778 2776 822 ac
2811 767 3019 822 totam
3066 758 3371 821 viridita-

287 869 422 922 tem
458 863 604 940 eJus
642 865 736 924 illi
772 866 1075 925 rutilanti
1111 865 1258 926 ssori
1294 867 1595 942 immisit,
1633 883 1711 927 ac
1743 867 1804 926 ei
1840 867 2323 927 suavissimum
2350 873 2622 927 ventum
2660 865 3037 941 inspiravit,
3067 863 3159 924 ita
3192 862 3372 939 quod

289 964 728 1026 fortissimum
780 968 1051 1029 odorem
1087 985 1291 1045 super
1337 971 1560 1029 omnia
1594 970 1804 1031 daret.
1853 971 2037 1031 Unde
2068 971 2293 1030 nullus
2327 970 2524 1031 homo
2558 976 2696 1029 tam
2732 968 2966 1029 tardus
3000 968 3067 1027 et
3098 972 3234 1026 tam
3270 980 3374 1026 re·-

287 1068 484 1129 bellis
536 1072 599 1130 in
628 1071 895 1147 justitia
943 1071 1060 1132 Dei
1096 1073 1207 1149 sit,
1261 1073 1436 1150 quod
1488 1075 1875 1134 rutilantem
1923 1073 2156 1133 florem
2207 1046 2423 1133 istum¹
2458 1072 2737 1149 dividat,
2773 1077 2841 1134 et
2886 1069 3211 1148 pallidum
3258 1067 3375 1128 sso-

288 1192 429 1235 rem
481 1177 669 1237 illurn
720 1177 877 1238 huic
924 1180 1231 1240 rutilanti
1281 1181 1690 1255 immisceat,
1742 1181 1899 1257 quia
1932 1186 2130 1240 vetus
2178 1180 2307 1239 Lex
2340 1178 2876 1240 circumcisionis
2923 1183 2993 1237 et
3020 1191 3194 1237 nova
3240 1174 3372 1233 Lex

287 1279 607 1357 baptismi
655 1282 722 1342 in
754 1300 885 1343 uno
936 1285 1182 1360 populo
1215 1285 1471 1361 pariter
1518 1285 1650 1344 coli
1683 1301 1812 1345 non
1861 1290 2169 1360 possunt3
2207 1284 2324 1344 sed
2374 1300 2545 1344 unus
2578 1283 2901 1359 magister
2943 1282 3010 1340 in
3042 1295 3172 1340 uno
3207 1277 3374 1338 ruti-

288 1385 469 1445 lante
518 1386 678 1446 flore
714 1388 826 1461 sit,
877 1404 997 1447 nec
1034 1389 1145 1448 ille
1196 1390 1261 1449 in
1293 1389 1463 1451 duas
1510 1395 1741 1466 partes
1773 1389 2147 1464 dividatur,
2200 1405 2321 1450 nec
2356 1388 2796 1464 relinquatur,
2844 1400 2969 1447 nee
3002 1382 3371 1444 schismata

283 1494 353 1547 et
388 1490 951 1552 anathematizata
999 1508 1202 1567 opera
1237 1494 1305 1553 in
1351 1508 1430 1555 eo
1466 1493 1922 1568 inveniantur;
1978 1493 2069 1554 ita
2103 1493 2279 1569 quod
2315 1507 2678 1569 supernum
2711 1496 2913 1567 caput
2947 1502 3140 1549 suum
3177 1483 3375 1545 relin-

293 1606 502 1666 quere
538 1595 723 1669 velit,
760 1600 827 1654 et
859 1596 941 1655 ad
976 1597 1326 1673 antiquum
1360 1604 1740 1672 serpentem
1773 1598 2131 1658 declinare.
2167 1597 2352 1657 Nunc
2383 1599 2479 1672 tu,
2515 1612 2555 1656 o
2590 1595 2747 1657 felix
2779 1593 3000 1669 homo,
3035 1589 3211 1652 audi:
3238 1588 3377 1648 Lux

285 1699 521 1758 vivens
573 1700 703 1760 ista
752 1703 956 1763 verba
1006 1718 1111 1763 me
1158 1703 1419 1765 docuit:
1469 1703 1647 1765 Deus
1705 1709 1771 1766 te
1820 1704 1915 1765 ita
1967 1721 2101 1764 non
2149 1703 2528 1777 constituit,
2579 1708 2656 1762 ut
2701 1705 2887 1762 totus
2926 1712 3205 1777 pereas,
3255 1692 3373 1753 sed

286 1801 369 1861 ad
403 1819 552 1864 eum
589 1805 979 1881 diligentius
1012 1808 1301 1884 respice,
1335 1815 1403 1870 et
1437 1810 1501 1869 in
1535 1814 1882 1875 aeternum
1919 1810 2127 1869 vives.

1658 2018 2012 2080 CXXXVII.

1389 2182 1615 2244 Abbati
1666 2230 1679 2242 .
1721 2231 1733 2244 .
1771 2229 1786 2243 .
1837 2181 2281 2260 HildeyardiS.

363 2336 666 2403 Abbatem‚
693 2344 756 2395 ut
786 2339 845 2395 in
873 2354 1127 2405 munere,
1156 2339 1309 2397 sicut
1334 2340 1394 2397 in
1420 2340 1543 2397 acie
1569 2346 1815 2405 maneat,
1843 2340 2127 2397 hortatur.

382 2476 662 2548 Quidam
711 2476 814 2537 vir
848 2479 916 2537 in
963 2478 1229 2538 stabulo
1263 2494 1383 2539 suo
1419 2479 1642 2552 stetit,
1679 2483 1747 2538 et
1783 2479 1848 2537 in
1882 2478 2162 2539 tristitia
2197 2479 2323 2538 hac
2355 2483 2423 2539 et
2459 2478 2613 2539 illac
2645 2479 2893 2556 ubique
2925 2477 3207 2555 aspexit,
3243 2492 3377 2555 quo

291 2582 393 2640 ire
425 2586 678 2656 posset,
732 2580 908 2640 sicut
939 2596 1129 2641 mens
1178 2586 1293 2642 tua
1327 2588 1452 2642 est.
1490 2580 1605 2641 Sta
1637 2598 1801 2658 ergo
1852 2582 1919 2642 in
1953 2582 2326 2642 stabilitate
2375 2584 2442 2643 et
2476 2582 2542 2641 in
2585 2588 2768 2643 recto
2812 2582 3051 2643 itinere
3083 2580 3377 2653 ambula,

292 2686 473 2745 sicut
517 2685 884 2759 praeliator
916 2685 1042 2759 vir,
1079 2686 1195 2761 qui
1228 2692 1464 2746 eontra
1497 2702 1730 2747 omnes
1766 2686 2075 2746 inimicos
2108 2703 2267 2747 suos
2301 2688 2602 2747 armatus
2635 2692 2758 2748 est.
2791 2686 2978 2748 Nunc
3008 2685 3214 2747 etiam
3247 2684 3383 2744 sin-

291 2788 549 2864 gularis
587 2788 845 2849 amicus
879 2787 996 2849 Dei
1031 2794 1213 2864 este,
1253 2789 1347 2850 ita
1379 2790 1555 2866 quod
1589 2789 1788 2851 vivus
1823 2789 1996 2866 lapis
2032 2789 2098 2850 in
2136 2789 2451 2851 fenestris
2482 2790 2800 2852 coelestis
2829 2789 3202 2852 Jerusalem
3233 2787 3377 2849 fias.

1582 2994 1996 3061 CXXXVIII.

1323 3147 1693 3208 Abbatissae
1749 3195 1760 3207 .
1802 3195 1813 3206 .
1856 3194 1867 3206 .
1920 3146 2362 3223 Hildeqardis.

370 3312 455 3368 Ad
483 3311 650 3367 fidem
677 3316 736 3367 et
761 3310 1024 3367 fiduciam
1053 3310 1115 3366 in
1139 3310 1255 3368 Deo
1282 3317 1488 3368 movet.

386 3455 481 3514 Tu
514 3453 862 3529 speculum
897 3452 1236 3514 Creatoris
1283 3468 1386 3522 es,
1422 3451 1581 3528 quia
1621 3455 1686 3513 te
1718 3452 2012 3530 inspicit,
2064 3460 2132 3513 et
2165 3468 2370 3529 opera
2417 3455 2533 3513 tua
2565 3452 2850 3528 colligit,
2885 3456 2955 3512 et
2987 3466 3028 3511 a
3060 3455 3126 3510 te
3157 3449 3381 3526 requi-

300 3556 388 3617 rit
419 3558 493 3616 ut
523 3555 739 3615 fidelis
774 3556 894 3630 εἰς,
931 3558 999 3617 et
1033 3560 1105 3615 ut
1137 3555 1447 3615 fiduciam
1481 3556 1567 3615 ad
1598 3555 1819 3632 ipsum
1851 3555 2124 3616 habeas,
2169 3555 2346 3617 Deus
2379 3559 2444 3617 te
2476 3573 2604 3617 non
2632 3555 2913 3632 spernit,
2949 3552 3068 3614 sed
3115 3553 3183 3613 in
3218 3551 3383 3612 ami-

297 3661 459 3722 citia
507 3666 573 3720 te
607 3659 829 3737 habet,
880 3668 951 3722 et
981 3662 1383 3722 saevissima
1430 3661 1781 3737 naufragia
1815 3666 1880 3721 te
1927 3678 2060 3723 non
2107 3663 2426 3738 operient.
2477 3662 2693 3723 Onera
2743 3666 2858 3723 tua
2905 3658 3048 3740 (fol.
3099 3656 3258 3738 108)
3309 3658 3379 3717 in

294 3765 442 3841 lege
488 3764 604 3826 Dei
639 3771 854 3843 porta,
906 3767 1229 3844 quamdiu
1274 3767 1798 3843 possibilitatem
1846 3766 2057 3829 habes
2091 3768 2454 3830 scintillam
2501 3767 2885 3831 accendere.
2934 3766 3122 3830 Nunc
3168 3766 3239 3828 in
3274 3779 3384 3827 ae-

298 3873 560 3928 ternum
594 3869 768 3944 vive,
805 3869 963 3946 quia
996 3869 1172 3930 Deus
1208 3875 1390 3931 amat
1424 3875 1508 3931 te.

1681 4063 2003 4124 CXXXIX.

925 4223 1357 4315 G[odefred0]
1414 4226 1817 4305 Trajectensi
1864 4232 2166 4308 episcopo
2211 4226 2263 4310 ²)
2317 4231 2760 4310 Hildeqardis

374 4393 481 4448 Per
507 4392 827 4464 aenigmata
856 4393 1091 4468 respicit
1114 4393 1184 4449 ad
1209 4393 1456 4452 schisma
1482 4393 1889 4465 germanicum.

388 4535 633 4595 Serena
681 4534 789 4594 lux
825 4534 1008 4594 dicit:
1058 4535 1197 4595 Lux
1227 4529 1276 4613 ⁸)
1329 4535 1443 4595 dat
1474 4535 1706 4609 vitam,
1760 4535 1827 4593 et
1859 4533 2175 4594 tenebrae
2224 4534 2617 4612 schismata,
2667 4542 2737 4596 et
2782 4536 3173 4597 nocturnale
3220 4542 3388 4598 tem-

299 4655 427 4716 pus
476 4637 845 4698 tristitiam.
880 4637 1093 4699 Homo
1141 4640 1255 4715 qui
1290 4638 1494 4698 vitam
1545 4637 1793 4697 habere
1834 4638 2049 4712 cupit,
2102 4638 2473 4699 schismata
2517 4654 2651 4700 non
2698 4639 2961 4701 habeat.
3012 4639 3389 4712 Quomodo?

295 4742 499 4815 Quasi
533 4741 709 4801 Deus
757 4759 888 4802 non
921 4743 1037 4811 sit,
1090 4743 1350 4802 seilicet
1383 4742 1465 4802 ad
1517 4743 1706 4801 illum
1740 4756 1861 4801 nec
1909 4742 2337 4818 suspirando,
2373 4758 2497 4803 nec
2530 4742 2889 4821 tendendo,
2927 4759 3050 4804 nec
3081 4744 3382 4806 dicendo:

300 4846 397 4907 Tu
432 4860 537 4906 me
574 4845 814 4907 fecisti.
851 4846 976 4906 Sed
1011 4851 1231 4906 tamen
1265 4847 1380 4923 qui
1414 4846 1542 4906 hoc
1579 4845 1760 4920 facit,
1797 4846 2150 4920 circulum,
2191 4846 2255 4906 id
2287 4852 2395 4907 est
2426 4848 2946 4924 prosperitatem
2980 4848 3256 4924 saeculi,
3293 4848 3388 4907 in-

298 4948 565 5011 terdum
613 4950 902 5026 quaerit.
936 4950 1017 5011 Et
1061 4950 1217 5032 quis
1251 4966 1399 5011 eam
1448 4950 1547 5011 illi
1579 4948 1802 5010 dabit?
1847 4950 2091 5021 Nemo,
2126 4950 2260 5011 nisi
2304 4956 2382 5012 ut
2412 4952 2677 5028 tempus
2726 4957 3104 5028 temporum
3138 4951 3206 5011 in
3240 4966 3391 5026 pro·

375 5134 420 5198 ¹)
448 5134 676 5193 Dictum
703 5135 842 5192 alibi
869 5142 958 5193 est
981 5137 1049 5194 de
1076 5135 1370 5200 unicorne.
1398 5152 1566 5210 supra
1592 5153 1647 5209 p.
1672 5140 1797 5200 222.
1887 5135 2021 5206 gine
2049 5135 2414 5208 intelligitur.
2440 5168 2509 5177 —
2528 5139 2573 5201 2)
2599 5136 2683 5193 Cl'.
2716 5153 2803 5209 ep.
2828 5135 2915 5192 ed.
2946 5135 3075 5193 XX.
3100 5135 3261 5194 Sedit
3284 5135 3391 5193 Go-

303 5223 429 5283 353,
457 5219 526 5277 de
549 5236 662 5291 quo
690 5219 903 5293 ubique
930 5222 1182 5280 Verbum
1205 5221 1560 5280 incarnatum
1589 5220 1651 5278 in
1671 5221 1799 5277 Vir·
1889 5222 2151 5281 defredus
2176 5239 2225 5280 a.
2261 5226 2584 5280 11564159.
2618 5250 2683 5264 -
2707 5221 2753 5292 ³>
2778 5222 2869 5280 lex
2892 5236 3080 5294 apogr.
