4036 6117
699 489 829 550 156
1851 506 1901 550 s.
1956 503 2495 551 mmmoARms

2117 727 2245 787 XX.

1509 935 1834 1009 Quomodo
1884 942 2066 995 terra
2112 938 2444 997 hominem
2492 940 2849 996 conservat.

699 1142 806 1203 28.
856 1143 934 1203 Et
969 1148 1152 1203 terra
1186 1142 1251 1202 in
1286 1159 1417 1219 qua
1452 1142 1627 1203 idem
1661 1144 1767 1203 vir
1798 1160 1838 1204 a
1869 1144 2152 1219 genibus
2186 1159 2401 1220 usque
2435 1144 2518 1203 ad
2552 1159 2750 1204 suras
2783 1157 2943 1202 suas
2975 1146 3102 1217 est,
3139 1140 3485 1202 humorem
3519 1154 3597 1198 ac
3631 1137 3734 1197 vi-

631 1246 972 1307 riditatem
1008 1261 1085 1306 ac
1117 1261 1389 1322 germen
1423 1246 1489 1307 in
1522 1262 1597 1306 se
1630 1245 1853 1322 habet,
1890 1247 2209 1323 quoniam
2242 1252 2424 1321 terra
2456 1262 2658 1324 quam
2689 1246 2867 1306 Deus
2900 1246 3425 1319 circumquaque
3459 1241 3729 1301 flecten-

629 1349 738 1425 do,
772 1349 1202 1426 deprimendo
1236 1357 1303 1411 et
1335 1351 1654 1410 elevando
1704 1351 2143 1427 conglutinat,
2180 1358 2247 1412 et
2295 1368 2497 1429 quam
2532 1352 2598 1411 in
2634 1350 3024 1410 fortitudine
3072 1365 3195 1409 sua
3229 1347 3540 1420 sustinet,
3574 1360 3730 1421 por·-

631 1456 730 1511 tat
759 1444 804 1530 ¹)
840 1451 1189 1512 humorem
1223 1454 1671 1529 superiorum,
1711 1455 2107 1513 interiorum
2143 1471 2223 1514 ac
2272 1454 2729 1515 subteriorum
2764 1468 3113 1529 aquarum,
3150 1465 3231 1511 ne
3280 1450 3346 1510 in
3378 1449 3730 1526 pulverem

629 1554 990 1616 reducatur
1011 1554 1087 1635 ⁹),
1116 1563 1184 1616 et
1216 1558 1418 1616 etiam
1447 1558 1858 1617 viriditatem
1886 1560 2182 1619 omnium
2217 1559 2637 1618 nascentium
2669 1564 2737 1618 et
2772 1559 2837 1617 in
2865 1558 3216 1634 juventute
3247 1554 3723 1627 crescentium,

631 1663 699 1717 et
734 1656 959 1717 fucum
986 1658 1249 1719 vividae
1282 1660 1729 1734 vegetationis
1761 1660 1823 1719 in
1858 1675 1929 1719 se
1963 1660 2396 1735 trahentium,
2428 1676 2505 1720 ac
2538 1660 2742 1720 etiam
2777 1674 3049 1735 germen
3082 1658 3377 1719 omnium
3400 1649 3451 1736 ²)
3486 1654 3733 1731 germi-

632 1761 936 1819 nantium
984 1761 1052 1821 in
1099 1778 1200 1836 ea,
1251 1767 1318 1821 et
1352 1762 1551 1821 flores
1599 1763 1967 1823 viriditatis
2021 1764 2434 1824 fortitudinis
2468 1780 2630 1824 suae
2663 1764 3137 1839 emittentium,
3183 1762 3249 1822 in
3283 1777 3357 1821 se
3388 1760 3612 1821 habet.
3647 1759 3731 1819 Et

629 1861 796 1922 haec
843 1864 1039 1939 quasi
1089 1864 1416 1925 floriditas
1465 1882 1542 1925 ac
1590 1865 1792 1926 decor
1838 1867 2116 1927 virtutis
2163 1867 2465 1943 ejusdem
2496 1868 2627 1927 viri
2675 1873 2803 1942 est,
2840 1867 3026 1927 velut
3072 1866 3295 1926 virtus
3345 1864 3560 1941 ipsius
3609 1878 3733 1939 per

532 2032 536 2035 v
627 1983 776 2025 eam
830 1967 1146 2028 decorata
1197 1968 1309 2043 sit,
1362 1970 1519 2045 quia
1568 1969 1802 2029 eadem
1851 1976 2033 2031 terra
2090 1987 2243 2030 cum
2292 1971 2628 2031 hominem
2683 1970 2993 2047 producit
3047 1975 3116 2029 et
3163 1970 3410 2041 nutrit,
3458 1972 3527 2026 et
3572 1981 3733 2026 cum

626 2071 850 2131 omnia
880 2077 1149 2132 caetera
1183 2089 1354 2148 quae
1389 2073 1456 2131 in
1490 2074 1816 2134 servitute
1852 2075 2145 2135 hominis
2181 2080 2359 2150 sunt,
2398 2076 2687 2135 sustinet
2712 2080 2781 2134 et
2816 2074 3017 2149 fovet,
3047 2074 3244 2151 quasi
3279 2072 3402 2132 flos
3434 2069 3734 2147 pulchri-

631 2176 883 2237 tudinis
919 2193 996 2237 ac
1028 2177 1232 2237 decor
1279 2177 1657 2238 honestatis
1690 2179 1965 2239 virtutis
2011 2177 2154 2254 Dei,
2192 2180 2414 2240 omnia
2449 2181 2516 2238 in
2559 2180 2809 2239 virtute
2844 2196 2965 2239 sua
2999 2179 3166 2238 bene
3196 2184 3266 2238 et
3292 2177 3475 2254 juste
3504 2174 3735 2251 dispo-

624 2279 869 2353 nentiS,
905 2286 1206 2356 apparet;
1242 2281 1427 2340 velut
1460 2283 1763 2356 potentia
1794 2282 2097 2357 ejusdem
2122 2283 2239 2342 Dei
2265 2299 2393 2367 per·
2411 2289 2661 2342 terram
2695 2282 3195 2357 honorificetur,
3225 2280 3542 2357 quoniam
3576 2278 3729 2354 ipsa

631 2381 969 2442 hominem
1003 2384 1118 2460 qui
1151 2382 1359 2445 Deum
1394 2386 1575 2444 omni
1609 2391 1909 2461 tempore
1943 2386 2217 2445 laudare
2250 2393 2316 2446 et
2344 2387 2772 2461 magnificare
2804 2386 3024 2460 debet,
3063 2386 3130 2444 in
3155 2383 3466 2445 omnibus
3498 2396 3734 2441 neces-

627 2485 969 2560 sitatibuS‚
1008 2502 1178 2562 quae
1212 2488 1516 2563 corporis
1549 2488 1696 2564 ejus
1732 2496 1909 2565 sunt,
1946 2496 2325 2565 conservat3
2360 2496 2439 2571 et,
2475 2490 2632 2567 quia
2666 2491 2872 2549 etiam
2908 2490 3166 2565 reliqua
3208 2502 3380 2565 quae
3414 2485 3496 2546 ad
3529 2500 3735 2545 usum

628 2588 920 2649 hominis
954 2590 1352 2666 respiciunt,
1390 2598 1746 2667 sustentat,
1784 2609 1935 2652 cum
1969 2594 2107 2653 illis
2140 2610 2214 2653 se
2247 2595 2464 2671 ipsam
2498 2593 2580 2653 ad
2618 2594 2982 2654 fomentum
3016 2608 3248 2652 eorum
3291 2590 3528 2667 aperit.
3561 2589 3736 2649 Nam

627 2709 834 2769 quum
864 2693 1258 2754 excellentia
1289 2694 1405 2754 Dei
1439 2712 1559 2772 per
1592 2695 1928 2756 hominem
1961 2698 2292 2774 laudatur,
2333 2698 2463 2774 ipsi
2495 2697 2629 2758 Deo
2664 2698 2860 2774 quasi
2893 2713 3014 2773 per
3046 2702 3298 2756 terram
3330 2694 3413 2754 de
3445 2709 3581 2769 qua
3617 2691 3738 2751 ho-

627 2813 734 2857 mo
768 2802 896 2873 est,
928 2796 1132 2885 vhomo
1169 2798 1237 2858 in
1278 2798 1487 2875 ⁸iustis
1519 2806 1588 2859 et
1620 2801 1874 2860 sanctis
1923 2802 2239 2878 operibus
2277 2802 2620 2862 hominum
2653 2801 3025 2861 exhibetur.
3061 2801 3143 2861 Et
3175 2800 3302 2860 hoc
3334 2800 3537 2859 etiam
3575 2796 3730 2857 ideo

626 2900 722 2975 fit,
760 2902 917 2977 quia
946 2902 1011 2960 in
1043 2901 1338 2963 diversis
1360 2904 1720 2978 generibus
1759 2904 2002 2964 fertilis
2038 2911 2165 2980 est,
2196 2906 2455 2965 scilicet
2488 2905 2664 2982 quod
2688 2899 2737 2985 ⁴)
2773 2905 2996 2966 omnia
3026 2904 3313 2965 formata
3341 2903 3408 2961 in
3442 2900 3739 2960 terrenis

626 3004 958 3065 creaturis
992 3004 1075 3064 de
1124 3010 1306 3067 terra
1340 3007 1821 3084 producuntur,
1876 3009 1966 3069 ita
2001 3008 2179 3086 quod
2214 3009 2359 3086 ipsa
2408 3009 2832 3069 diversorum
2867 3023 3210 3085 generum,
3245 3011 3383 3067 tam
3415 3020 3496 3064 ex
3527 3016 3736 3064 carne

623 3109 1043 3170 nascentium
1090 3127 1292 3187 quam
1323 3111 1405 3171 de
1455 3113 1826 3172 seminibus
1860 3115 2005 3174 suis
2042 3115 2107 3174 in
2141 3116 2526 3191 semetipsis
2559 3115 3084 3190 exsurgentium,
3121 3113 3306 3172 velut
3340 3114 3553 3170 mater
3594 3112 3730 3182 est,

625 3229 777 3272 cum
811 3219 1076 3288 cuncta,
1116 3212 1400 3275 formam
1433 3221 1501 3277 et
1534 3217 1743 3275 vitam
1777 3223 2197 3278 terrenarum
2231 3224 2693 3278 creaturarum
2744 3217 3080 3292 habentia,
3116 3215 3199 3275 de
3234 3215 3383 3290 ipsa
3416 3226 3730 3273 surrexe-

626 3317 781 3392 rint,
814 3311 862 3395 ⁵)
896 3332 1050 3376 cum
1081 3318 1287 3378 etiam
1320 3319 1518 3380 homo
1551 3320 1667 3396 qui
1712 3322 2166 3382 rationalitate
2204 3328 2271 3382 et
2304 3323 2550 3399 spiritu
2586 3321 3065 3398 intelligentiae
3098 3319 3436 3380 animatus
3476 3319 3607 3390 est,
3645 3313 3728 3373 de

627 3426 808 3480 terra
844 3419 1062 3481 factus
1098 3421 1208 3482 sit.

2083 3564 2263 3628 XXI.

1238 3756 1459 3832 Terra,
1508 3761 1794 3819 materia
1837 3763 2122 3821 hominis
2169 3766 2231 3819 et
2278 3763 2717 3822 humanitatis
2766 3761 2927 3822 Filii
2977 3762 3120 3822 Dei.

717 3964 824 4024 29.
873 3963 1040 4023 Nam
1090 3964 1236 4041 ipsa
1269 3965 1553 4026 materia
1598 3968 1822 4043 operis
1871 3967 1986 4028 Dei
2038 3970 2105 4029 in
2137 3969 2402 4030 homine
2451 3975 2578 4046 est,
2616 3972 2732 4046 qui
2780 3970 3062 4031 materia
3095 3964 3536 4028 humanitatis
3569 3962 3726 4023 Filii

625 4070 743 4129 Dei
775 4075 902 4152 est3
943 4069 1260 4145 quoniam
1283 4073 1367 4131 de
1401 4077 1583 4131 terra
1616 4087 1786 4148 opus
1820 4073 2006 4150 illud,
2044 4073 2220 4150 quod
2252 4073 2429 4134 Deus
2457 4075 2792 4135 hominem
2817 4075 3096 4150 creavit,
3136 4071 3409 4144 factum,
3438 4066 3727 4128 materia

624 4173 917 4248 Virginis
967 4173 1150 4233 illius
1197 4180 1373 4249 erat,
1426 4191 1596 4251 quae
1646 4175 1711 4235 in
1759 4193 1928 4253 pura
1975 4183 2045 4237 et
2092 4185 2325 4239 sancta
2374 4179 2789 4240 humanitate
2838 4179 3080 4239 Filium
3112 4175 3231 4235 Dei
3274 4174 3419 4235 sine
3452 4171 3721 4233 macula

623 4275 850 4336 edidit.

2062 4415 2273 4480 XXII.

1518 4610 1788 4681 Anima,
1838 4615 2125 4673 materia
2170 4613 2485 4674 bonorum
2533 4633 2826 4693 operum.

713 4813 821 4873 30.
872 4811 996 4872 Sed
1044 4819 1112 4873 et
1159 4815 1336 4874 sicut
1384 4821 1565 4876 terra
1615 4819 1824 4878 multa
1872 4820 2203 4897 producit,
2254 4822 2335 4882 de
2384 4824 2632 4900 quibus
2678 4823 2854 4883 Deus
2889 4821 3328 4899 glorificatur,
3379 4819 3479 4878 sic
3511 4817 3716 4878 etiam

625 4917 845 4977 anima
881 4916 1192 4992 hominiS,
1234 4919 1348 4994 qui
1386 4918 1606 4980 felicia
1655 4937 1860 4996 opera
1894 4931 2218 5002 sectatur,
2270 4927 2559 5003 plurima
2595 4928 2895 5003 germina
2943 4926 3271 4987 virtutum
3305 4923 3387 4983 ad
3428 4922 3714 4999 gloriam

701 5080 742 5145 ¹)
774 5089 824 5137 et
840 5089 1028 5224 paxae
1052 5083 1120 5145 Α,
1152 5085 1241 5138 W.
1287 5117 1352 5124 -—
1378 5087 1422 5150 2)
1451 5088 1753 5158 redigatur.
1787 5073 1875 5144 W.
1923 5123 1986 5129 —
2015 5090 2060 5156 ³)
2088 5095 2148 5147 in
2172 5111 2235 5148 ea
2259 5097 2686 5165 yet-minantium
2712 5094 2801 5150 W.
2848 5125 2915 5133 -
2942 5093 2985 5156 ⁴)
3014 5095 3273 5164 quoniam
3297 5089 3389 5144 W.
3428 5119 3496 5128 —
3523 5088 3568 5153 ⁵)
3593 5103 3715 5142 sur-

625 5177 880 5226 rexerunt
984 5214 994 5226 .
