4036 6117
753 472 882 532 530
1925 492 1976 533 s.
2032 489 2570 537 minoi-:oannis

681 616 858 683 runt,
910 610 1097 671 salus
1130 615 1197 670 et
1245 607 1623 669 benedictio
1674 607 1785 683 sit;
1825 608 1943 668 sed
1990 610 2147 670 aliis
2196 611 2311 686 qui
2363 610 2502 670 illic
2550 609 2776 685 capita
2823 624 2945 668 sua
2988 626 3193 686 super
3243 627 3349 671 me
3392 619 3770 685 moverunt,

679 717 858 778 Deus
905 716 1194 792 gratiam
1246 730 1439 775 suam
1489 713 1858 773 secundum
1907 716 2443 776 misericordiam
2508 730 2702 775 suam
2751 716 3072 791 porrigat.
3124 716 3261 792 He,
3313 717 3421 776 be!
3476 734 3516 779 o
3568 726 3774 778 mater

678 841 856 897 mea,
888 821 935 904 ¹)
974 825 1040 884 in
1073 823 1342 899 lugubri
1379 822 1685 882 molestia
1721 837 1824 880 me
1851 824 2239 898 suscepisti;
2270 824 2414 900 (fol.
2453 824 2565 900 44)
2607 822 2736 896 fac,
2776 829 2848 882 ut
2881 838 3033 883 cum
3070 827 3336 899 tempus
3372 826 3436 884 in
3472 826 3604 885 hoc
3638 841 3774 885 sae-

680 930 832 990 culo
868 928 989 989 tibi
1040 928 1387 1000 defecerit,
1427 931 1688 1001 tempus
1725 931 1914 985 tuum
1952 926 2242 986 feliciter
2278 928 2340 986 in
2384 929 2784 987 aeternitate
2820 929 3278 1004 prolongetur,
3318 931 3408 990 ita
3445 936 3518 989 ut
3554 932 3621 990 in
3654 932 3775 990 sal-

683 1034 952 1093 vatione
983 1032 1324 1107 justorum
1359 1044 1712 1105 appareas,

2173 1239 2295 1296 LV.

1599 1447 1939 1509 Sororibus
1974 1449 2054 1508 de
2090 1450 2300 1508 Elsun
2333 1446 2383 1526 2)
2424 1448 2864 1524 HildeqardiS.

756 1648 969 1714 Iterum
997 1656 1065 1713 de
1088 1654 1435 1713 discessione
1460 1670 1493 1709 a
1518 1654 1575 1712 S.
1606 1654 1865 1710 Disibodi
1895 1653 2258 1709 monasterio.

774 1795 1004 1856 Inveni
1050 1794 1467 1855 voluntatem
1500 1791 1619 1851 Dei
1669 1791 1737 1850 in
1769 1791 2101 1851 sacrificio
2147 1790 2348 1866 hujus
2383 1792 2634 1867 populi,
2672 1794 2740 1852 et
2773 1792 2991 1852 locum
3030 1798 3361 1853 statutum
3393 1793 3564 1871 ejuS.
3599 1795 3679 1856 Et
3713 1795 3776 1856 hi

684 1899 1023 1960 habebant
1070 1913 1323 1974 pennas
1361 1895 1707 1954 felicitatis
1758 1909 1837 1952 ac
1872 1894 2327 1954 beatitudinis:
2381 1894 2504 1954 Sed
2543 1910 2665 1953 nec
2703 1896 3074 1955 insanabile
3108 1911 3435 1956 venenum
3473 1899 3777 1974 aspidum

689 2018 893 2080 super
941 2018 1057 2061 eos
1091 2000 1410 2060 cucurrit.
1460 1997 1541 2057 Et
1589 1997 2109 2056 admonitionem
2161 1997 2450 2073 Spiritus
2498 1996 2615 2057 Dei
2665 1999 2921 2072 audivi,
2961 1999 3114 2057 illos
3161 1998 3243 2058 ad
3293 1999 3779 2061 admonendum

689 2109 796 2168 vel
831 2104 1354 2182 corripiendum,
1406 2102 1966 2180 quemadmodum
2003 2103 2329 2177 scriptum
2381 2106 2504 2163 est:
2543 2104 2642 2162 Ite
2691 2105 2764 2161 in
2799 2104 3145 2162 castellum
3195 2104 3368 2180 quod
3400 2113 3635 2165 contra
3680 2126 3780 2166 vos

689 2220 809 2287 est,
862 2218 924 2272 et
961 2214 1186 2270 statim
1234 2210 1589 2268 invenietis
1622 2209 1885 2266 asinam
1932 2208 2278 2283 alligatam
2324 2213 2386 2265 et
2416 2207 2685 2284 pullum
2737 2225 2886 2267 oum
2920 2226 3017 2268 ea.
3081 2208 3323 2268 Solvite
3359 2214 3421 2266 et
3471 2210 3779 2270 adducite

676 2319 860 2378 mihi.
914 2317 998 2376 Et
1034 2317 1089 2374 si
1136 2315 1283 2391 quis
1317 2311 1487 2370 vobis
1535 2310 1795 2387 aliquid
1828 2311 2115 2382 dixerit,
2167 2312 2366 2370 dicite
2402 2313 2561 2387 quia
2597 2312 2914 2371 Dominus
2948 2313 3049 2371 his
3090 2329 3252 2388 opus
3286 2310 3499 2385 habet,
3536 2321 3601 2372 et
3637 2332 3783 2374 con·

683 2423 904 2498 restim
957 2420 1247 2477 dimittet
1282 2433 1408 2475 eos.
1456 2409 1505 2492 ³)
1541 2414 1620 2473 Et
1669 2413 1910 2472 iterum
1951 2413 2015 2471 iu
2049 2413 2181 2472 alio
2217 2413 2413 2472 modo
2450 2413 2706 2473 dictum
2739 2420 2865 2473 est:
2903 2416 3114 2473 Amen
3148 2415 3295 2475 dico
3327 2415 3523 2490 vobis,
3568 2422 3781 2479 nescio

681 2537 813 2583 vos.
844 2520 893 2601 ⁴)
930 2521 980 2581 O
1017 2537 1139 2581 vae
1175 2517 1498 2580 irrisioni!
1541 2523 1609 2577 et
1641 2533 1679 2577 o
1716 2533 1837 2576 vae
1885 2517 2103 2575 errori
2146 2517 2411 2577 illorum
2436 2564 2452 2585 ‚
2505 2519 2618 2593 qui
2654 2519 2889 2577 volunt
2936 2518 3187 2588 dicere,
3240 2518 3416 2595 quod
3453 2522 3784 2581 contradi·
3892 2511 3909 2526 ⁸

685 2630 820 2690 ctio
870 2626 1377 2687 misericordiae
1413 2624 1592 2684 mala
1640 2641 1769 2683 non
1805 2624 1923 2697 sit,
1975 2639 2149 2700 quae
2184 2640 2257 2684 se
2305 2632 2541 2685 contra
2573 2628 2832 2686 coelum
2868 2630 3212 2702 exaltavit,
3247 2637 3316 2689 et
3350 2630 3419 2688 in
3452 2629 3780 2690 infernum

686 2733 954 2806 cecidit,
1010 2734 1102 2793 ita
1139 2730 1319 2806 quod
1369 2730 1593 2788 omnia
1627 2730 1959 2788 elementa
2009 2730 2309 2789 turbavit
2340 2746 2419 2789 ac
2468 2732 2823 2791 subvertit.
2858 2733 2908 2791 O
2944 2734 3342 2796 floriditates
3379 2738 3637 2812 virgae,
3672 2753 3781 2796 au·

686 2837 825 2896 dite
873 2834 1049 2911 quod
1086 2834 1418 2908 scriptum
1465 2838 1591 2892 est:
1641 2834 1945 2907 Laetare,
1997 2835 2247 2892 sterilis
2294 2854 2461 2911 quae
2511 2852 2642 2895 non
2674 2839 2884 2912 paris,
2921 2857 3195 2916 erumpe
3230 2846 3291 2900 el
3329 2841 3568 2914 clama,
3619 2859 3776 2917 quae

689 2959 825 3001 non
866 2941 1195 3018 pai-turia,
1232 2940 1390 3014 quia
1433 2937 1633 2996 multi
1665 2938 1789 3016 filii
1836 2938 2136 2997 desertae
2171 2943 2379 3016 maqis
2412 2959 2611 3017 quam
2646 2938 2788 3014 ejus
2829 2945 2943 3018 qui
2978 2942 3160 3003 habet
3198 2947 3437 3009 virum.
3472 2940 3521 3022 5’)
3556 2945 3638 3005 Et
3670 2947 3781 3005 ite-

688 3062 838 3107 rum
888 3045 1133 3120 audite,
1183 3042 1360 3119 quod
1410 3042 1666 3104 dictum
1713 3048 1837 3103 est:
1893 3045 2125 3120 Surye,
2177 3045 2592 3119 illuminare,
2631 3046 3081 3121 Hierusalem,
3124 3053 3283 3127 quia
3330 3054 3510 3111 venit
3561 3053 3780 3112 lumen

689 3163 905 3226 tuum,
943 3160 1002 3208 et
1037 3149 1249 3226 qloria
1283 3149 1548 3209 Domini
1583 3166 1786 3224 super
1820 3156 1882 3206 te
1918 3157 2064 3207 orta
2097 3156 2216 3208 est.
2250 3145 2298 3226 ο)

779 3258 862 3317 Et
909 3256 1055 3316 ideo
1095 3254 1303 3329 fugite
1351 3252 1725 3312 insanabile
1771 3269 2100 3313 venenum
2151 3253 2483 3329 aspidum,
2521 3257 2679 3330 quia
2727 3259 3146 3332 propositum
3199 3268 3504 3320 vestrum
3556 3263 3622 3320 in
3655 3278 3779 3337 quo

681 3363 891 3421 Deum
926 3359 1268 3434 amplexae
1304 3357 1496 3428 estiS,
1535 3372 1664 3415 non
1697 3355 1892 3415 decet
1944 3359 2014 3416 ut
2061 3357 2125 3415 in
2160 3358 2456 3416 vanitate
2489 3359 2879 3433 ambuletiS,
2919 3364 2987 3421 et
3020 3363 3085 3420 in
3119 3378 3374 3422 veneno
3411 3365 3772 3439 pulluletis.

691 3464 876 3523 Nunc
925 3461 1119 3520 vobis
1154 3461 1244 3519 sit
1293 3459 1479 3518 salus
1515 3459 1580 3517 in
1630 3476 1835 3519 cornu
1873 3460 2139 3533 salutiS,
2179 3461 2243 3519 in
2277 3478 2409 3536 quo
2443 3461 2651 3521 David
2694 3465 3000 3523 ascendit
3034 3465 3174 3541 (fol.
3213 3467 3327 3543 45)
3365 3468 3444 3527 ad
3483 3467 3776 3527 humani·

691 3568 896 3625 tatem
932 3562 1324 3634 SalvatoriS,
1361 3576 1481 3637 per
1514 3577 1714 3636 quarn
1748 3561 2133 3623 admonitus
2165 3569 2291 3636 est,
2344 3564 2435 3623 ita
2485 3565 2661 3639 quod
2698 3581 3015 3626 reversus
3048 3573 3154 3627 est
3180 3568 3260 3628 ad
3296 3571 3769 3645 poenitentiam

579 3729 584 3732 .
693 3671 775 3731 de
825 3669 1125 3746 peccatis
1161 3667 1325 3726 suiS.
1378 3665 1566 3725 Modo
1602 3672 1827 3726 autern
1879 3667 2278 3728 festinanter
2310 3670 2561 3728 currite
2595 3670 2676 3729 ad
2729 3687 2854 3745 me,
2892 3676 2959 3732 et
3007 3672 3242 3734 asserte
3278 3675 3443 3735 mihi
3493 3678 3771 3737 vitulum

695 3774 1030 3836 sacrificii.

2162 3950 2311 4011 LVI.

1267 4143 1765 4219 Gonqreyationi
1799 4158 2098 4200 sororum
2133 4145 2204 4201 in
2242 4142 2655 4205 Babenberch
2685 4141 2733 4223 ⁷)
2770 4148 3213 4224 HildeqardiS.

766 4347 980 4406 Solatia
1006 4346 1103 4401 dat
1127 4350 1185 4401 et
1210 4342 1467 4401 consilia.

784 4487 857 4545 In
888 4483 1334 4560 praescientia
1364 4481 1482 4540 Dei
1517 4482 1672 4541 sunt
1705 4482 1876 4543 bona
1911 4490 1977 4542 et
2015 4484 2192 4543 mala
2226 4491 2426 4560 atque
2462 4486 2927 4548 contradictio,
2962 4487 3137 4549 Deus
3170 4490 3344 4550 bona
3376 4492 3678 4569 perfecit,
3710 4500 3773 4554 et

693 4591 944 4651 malum
993 4588 1332 4659 contrivit,
1370 4593 1570 4662 atque
1604 4588 2201 4648 contradictionem
2253 4593 2605 4667 correpsit.
2657 4594 2729 4652 In
2776 4595 2971 4655 vobis
3021 4604 3243 4657 autem
3281 4600 3373 4657 sit
3422 4600 3635 4661 bonus
3666 4619 3778 4663 nu·

693 4709 921 4754 merus
968 4691 1426 4764 beatitudinis,
1478 4707 1650 4766 quae
1696 4690 1814 4751 Dei
1862 4699 1987 4766 est,
2041 4693 2305 4768 quando
2356 4697 2773 4757 saecularem
2823 4715 3140 4775 pompam
3188 4703 3666 4779 conculcastis,
3712 4711 3778 4765 et

766 4909 1115 4981 ¹)Suspicari
1148 4908 1306 4964 lubet
1333 4908 1603 4978 appellari
1632 4908 1688 4964 S.
1716 4884 1972 4964 Disibodi
2007 4924 2198 4965 mona·
2283 4911 2328 4972 ο)
2366 4912 2439 4968 Is.
2483 4913 2602 4975 Lx.
2638 4919 2684 4970 ί.
2728 4946 2796 4955 -
2822 4915 2867 4980 ⁷)
2904 4917 3218 4974 Martenius
3243 4919 3425 4975 edidit
3452 4921 3556 4978 col.
3588 4926 3689 4977 283
3715 4938 3769 4976 n.

695 4996 955 5058 sterium,
985 5026 1049 5035 -
1069 4996 1115 5056 2)
1139 4992 1401 5064 Ejusdem
1427 5009 1557 5048 sane
1583 4994 1872 5064 temporis,
1895 5011 1958 5051 ac
1981 4996 2097 5052 fere
2124 4997 2197 5053 si·
2285 4996 2465 5051 Lxlv
2500 4998 2794 5068 epistolam
2825 5001 2890 5054 ad
2918 5003 3161 5059 abbatem
3197 5005 3261 5078 ἀς
3308 5003 3365 5061 S.
3409 5005 3676 5063 Michaele
3716 5011 3776 5061 in

698 5083 854 5138 milis
869 5079 1206 5149 argumenti.
1227 5078 1352 5143 ——³)
1373 5079 1577 5135 Matth.
1599 5079 1757 5142 ΧΧΙ,
1775 5084 1824 5136 2.
1849 5081 2193 5144 -⁴)Matth.
2285 5082 2661 5158 Baecula-mh,
2689 5100 2833 5156 quae
2861 5086 2919 5140 in
2946 5087 3067 5143 cod.
3093 5095 3286 5144 nostro
3316 5090 3572 5160 proxime
3594 5107 3773 5146 succe·

697 5168 883 5228 XXV.
931 5170 1012 5226 ¹2,
1048 5195 1108 5204 —-
1150 5167 1192 5224 ³)
1231 5164 1411 5220 Galat.
1460 5165 1558 5226 lv,
1600 5169 1689 5227 27:
1733 5166 1802 5221 ts.
1849 5167 1994 5230 le,
2044 5173 2087 5223 ¹.
2137 5198 2197 5208 —-
2284 5167 2388 5222 dit.
