4036 6117
1315 550 1557 599 LIBER

379 668 569 730 CVII.
608 668 792 744 Quod
821 672 1117 733 homines
1152 672 1325 732 iram
1353 670 1591 751 absque
1627 670 1773 732 odio

290 778 789 852 perpetrantes,
859 779 1238 856 semetipsos
1296 780 1622 857 puniant,
1687 794 1772 838 ne

293 875 527 938 debitis
553 882 791 957 poenis
824 878 1224 956 subjaceant.

385 981 608 1045 CVIII.
676 984 862 1059 Quod
922 987 1031 1048 ira
1090 989 1282 1065 quasi
1344 1005 1452 1048 cor
1516 987 1772 1050 Diaboli

297 1088 619 1164 existens,
648 1089 957 1152 coelestia
989 1107 1388 1152 commovere
1415 1091 1771 1154 desiderat.

384 1190 639 1253 CVIIII.
704 1193 887 1267 Quod
944 1197 1061 1273 qui
1112 1212 1240 1274 per
1286 1197 1586 1273 furorem
1634 1200 1775 1258 irae

295 1296 727 1358 homicidium
758 1300 1232 1375 commiserint,
1269 1301 1643 1361 constrictis
1674 1297 1782 1375 je-

281 1398 506 1473 juniis
554 1408 619 1462 et
674 1402 957 1482 flaqetlis
1005 1403 1409 1482 poenitendo
1467 1423 1533 1465 se
1590 1407 1783 1466 casti-

296 1514 482 1583 qent,
546 1510 751 1569 etiam
797 1527 949 1571 cum
995 1509 1292 1573 absentia
1340 1512 1617 1574 luminis
1660 1531 1785 1590 per

300 1611 571 1690 aliquod
605 1600 884 1691 tempus.

388 1716 518 1778 CX.
558 1715 743 1791 Quod
772 1721 888 1796 qui
906 1738 1036 1798 per
1070 1722 1422 1782 avaritiam
1454 1723 1785 1785 hominem

180 1846 186 1851 ·
304 1821 649 1898 occiderit,
709 1818 998 1899 jejuniis
1068 1835 1133 1888 et
1204 1828 1487 1908 flaqellis
1548 1844 1784 1908 corpus

304 1943 497 1986 suum
553 1929 826 2005 puniat,
886 1920 1215 1993 consortia
1269 1936 1615 1996 hominum
1659 1953 1786 2012 per

302 2032 575 2111 aliquod
608 2041 869 2115 tempus
901 2037 1226 2100 devitans.

395 2140 550 2201 CXI.
604 2140 789 2216 Quod
833 2145 949 2222 qui
996 2146 1329 2206 hominem
1378 2164 1444 2208 se
1487 2146 1783 2209 occidere

312 2245 635 2306 volentem
676 2248 1171 2326 praeveniendo
1214 2250 1582 2327 occiderit,
1605 2247 1785 2326 jeju·

310 2352 444 2411 niis
479 2350 818 2430 condiqnis
859 2371 1010 2413 cum
1035 2357 1454 2431 poenitentia
1486 2373 1553 2417 se
1594 2357 1788 2419 casti-

308 2460 443 2533 qet,
474 2455 805 2533 prioribus
838 2463 1063 2519 tamen
1088 2458 1248 2537 plus
1278 2459 1630 2522 alleviatis.

402 2560 589 2623 CXII.
622 2561 806 2635 Quod
829 2564 946 2642 qui
972 2565 1304 2626 hominem
1328 2566 1715 2644 iqnoranter
1736 2560 1783 2645 ¹)

316 2671 384 2728 in
417 2672 696 2727 mortem
727 2669 1014 2739 miserit,
1039 2655 1327 2744 jejuniis
1351 2686 1419 2729 se
1437 2670 1789 2747 poeniten·

314 2771 396 2830 do
428 2779 777 2851 eaepurqet,
808 2773 1107 2852 quamvis
1140 2773 1511 2837 levioribus.

408 2874 624 2938 CXIII.
705 2876 832 2950 Qui
904 2879 1235 2941 hominem
1303 2880 1613 2961 veneficio
1674 2898 1791 2941 seu

319 2981 451 3041 alio
488 2980 711 3062 aliquo
750 2981 940 3042 modo
971 2982 1116 3044 sine
1148 2984 1496 3045 emissione
1529 2985 1795 3064 sanqui-

322 3092 429 3148 nis
458 3088 972 3168 mortificaverit,
1016 3089 1383 3152 constrictis
1406 3085 1694 3164 jejuniis
1728 3096 1792 3151 et

324 3189 690 3253 verberibus
722 3198 787 3252 et
811 3192 1027 3255 cilicio
1053 3212 1181 3273 per
1206 3195 1691 3272 poenitentiam
1725 3213 1792 3256 se

322 3298 596 3376 amiqua
640 3298 968 3359 consortia
1008 3314 1262 3378 quoque
1301 3300 1644 3361 hominum
1671 3317 1796 3376 per

326 3401 591 3479 aliquod
624 3407 885 3480 tempus
915 3403 1202 3481 fuqiens.

420 3505 663 3567 CXIIII.
705 3506 889 3580 Quod
918 3506 1212 3584 feminae
1244 3525 1412 3585 quae
1447 3514 1797 3587 conceptus

331 3626 476 3670 suos
535 3610 1028 3689 dissipaverint,
1088 3609 1357 3687 jejunia
1421 3619 1483 3673 et
1532 3614 1801 3676 verbera

328 3716 740 3796 poenitentes
771 3717 1121 3794 recipiant.

1610 549 1810 598 vrrae:
1865 548 2332 599 ussnlwonun
3269 532 3312 590 5

1971 670 2152 733 CXV.
2192 671 2376 745 Quod
2417 672 2533 749 qui
2580 670 2878 750 infantes
2924 666 3005 728 de
3054 683 3121 728 se
3167 672 3357 727 natos

1877 776 2451 857 mortificaverint,
2503 775 2847 837 acerrimis
2877 767 3184 847 jejuniis,
3220 787 3364 832 ver-

1879 876 2137 942 beribus
2170 888 2234 941 et
2284 883 2642 960 asperitate
2688 878 2969 940 vestium
3015 878 3088 937 in
3136 875 3365 936 solitu-

1880 984 2062 1046 dinis
2093 986 2407 1064 anqustia
2436 1003 2502 1046 se
2536 985 2862 1065 affliqant.

1971 1086 2183 1149 CXVI.
2238 1089 2423 1164 Quod
2467 1091 2583 1168 qui
2626 1090 2919 1168 seipsum
2964 1088 3038 1147 in
3086 1089 3367 1145 mortem

1878 1195 2305 1273 praecipitat,
2356 1212 2423 1254 se
2471 1199 2683 1254 totum
2731 1195 2874 1255 sine
2925 1190 3363 1255 consolatione

1888 1300 2246 1377 eaetinquit.

1981 1402 2223 1465 CXVII.
2264 1402 2448 1478 Quod
2478 1406 2551 1466 in
2576 1401 2897 1478 judiciali
2924 1402 3366 1481 poenitentia,

1889 1509 2224 1571 naturalis
2249 1505 2653 1586 possibilitas
2688 1504 3171 1570 consideranda
3201 1511 3320 1566 est.

1984 1614 2257 1677 CXVIII.
2311 1613 2496 1689 Quod
2545 1615 2751 1686 Deus,
2791 1615 2908 1692 qui
2939 1612 3161 1672 omnia
3194 1628 3374 1672 crea-

1890 1723 2008 1796 vit,
2041 1721 2321 1799 qloriam
2354 1737 2544 1781 suam
2576 1719 2751 1781 solus
2785 1716 3019 1780 habere
3051 1714 3269 1776 noluit
3291 1709 3369 1791 ²),

1893 1822 2082 1902 cujus
2148 1824 2427 1887 consilia
2503 1823 2737 1939 nullus
2812 1837 3187 1900 repuqnare
3261 1834 3376 1896 po-

1893 1937 2043 1994 test.

1984 2032 2288 2097 CXVIIII.
2343 2033 2527 2108 Quod
2573 2040 2805 2097 contra
2845 2035 2960 2095 hoc
2985 2029 3158 2109 quod
3188 2036 3375 2095 homo

1888 2158 2164 2219 peccare
2214 2143 2469 2219 potuit,
2537 2141 2757 2205 Filius
2814 2143 2940 2207 Dei
2983 2148 3059 2204 in
3108 2153 3375 2217 corpore

1894 2266 2012 2310 suo
2041 2249 2291 2311 multas
2316 2251 2662 2329 passiones
2706 2251 3065 2323 sustinens,
3103 2252 3378 2327 peccata

1893 2355 2097 2415 etiam
2125 2355 2617 2432 poenitentium
2649 2353 2737 2415 ad
2768 2371 2835 2415 se
2869 2354 3102 2414 traxit.

1986 2458 2168 2519 CXX.
2217 2457 2400 2533 Quod
2439 2459 2736 2537 quamvis
2775 2456 3205 2519 homicidium
3234 2474 3382 2535 pes-

1895 2566 2140 2625 simum
2185 2562 2440 2625 malum
2484 2564 2817 2626 malorum
2873 2564 2990 2639 sit,
3055 2562 3384 2626 homicida

1896 2674 2121 2729 tamen
2162 2686 2289 2746 per
2335 2668 2662 2750 transfiaea
2708 2667 2991 2729 vulnera
3034 2665 3276 2730 Christi
3307 2669 3380 2727 in

1890 2774 2312 2851 poenitentia
2341 2773 2738 2853 requiritur

1910 2872 2238 2964 [CXXI.
2290 2878 2385 2940 De
2421 2893 2640 2956 poena
2678 2878 2945 2956 ineptae
2980 2877 3297 2940 laetitiae.
3331 2872 3382 2954 ³)

1991 2982 2234 3045 CXXII.
2295 2983 2389 3044 De
2446 2983 2865 3063 poenitentia
2928 2983 3194 3062 ineptae
3254 2981 3386 3041 lae-

1901 3093 2115 3174 titiae.

1994 3165 2269 3258 CXXIII.
2326 3193 2530 3257 Verba
2568 3195 2816 3274 psalmi
2864 3194 2943 3256 de
2985 3196 3216 3273 inepta
3256 3193 3388 3253 lae·

1905 3301 2081 3362 titia.
2087 3292 2116 3385 ]

1994 3405 2300 3468 CXXIIII.
2362 3405 2545 3482 Quod
2600 3420 2751 3468 cum
2803 3403 3068 3466 animae
3120 3401 3390 3463 illorum
3464 3472 3467 3475 ⁴

1906 3511 2023 3590 qui
2045 3512 2119 3573 in
2146 3510 2409 3572 saeculo
2427 3509 2914 3589 poenitentiam
2936 3507 3224 3588 faciunt,
3246 3508 3390 3585 ple-

1906 3616 2088 3677 niter
2116 3608 2165 3693 ⁴)
2201 3630 2335 3676 non
2373 3618 2776 3693 purqantur,
2821 3611 3192 3691 corporibus
3226 3629 3389 3673 exu-

1908 3726 2014 3783 tae
2042 3721 2277 3799 poenis
2304 3719 2576 3798 plenius
2610 3719 3108 3824 examinffntur.

1116 3955 1446 4019 FINIUNT
1495 3958 1900 4023 CAPITULA
1945 3957 2258 4023 PRIMAE
2306 3958 2601 4022 PARTIS

399 4191 439 4251 ¹)
463 4197 797 4265 ignorantem
821 4194 888 4251 A.
920 4225 985 4234 -
1011 4196 1058 4259 2)
1083 4195 1260 4252 voluit
1284 4195 1350 4252 A.
1398 4227 1463 4237 —-
1501 4196 1545 4263 ³)
1588 4197 1693 4252 tria
1733 4212 1821 4254 ca·

322 4274 501 4348 pilula
542 4278 598 4332 in
636 4278 796 4335 codd.
838 4278 1257 4344 desiderantur,
1295 4297 1440 4352 quac
1481 4297 1591 4338 non
1630 4282 1821 4339 viden·

1911 4202 2007 4254 tur
2053 4197 2229 4255 fuisse
2274 4197 2334 4254 in
2378 4197 2527 4254 libro
2578 4196 2936 4268 interpolata.
2989 4225 3053 4236 -
3095 4196 3139 4260 ⁴)
3171 4198 3408 4268 plenitus

1908 4299 2097 4356 apogr.
2130 4284 2196 4341 A.
2227 4283 2297 4341 de
2322 4283 2533 4355 quibus
2561 4282 2633 4340 cf.
2666 4299 2720 4356 p.
2757 4286 2828 4342 ¹2
2849 4289 2966 4339 not.
3006 4288 3051 4338 ί.
