4036 6117
739 479 866 537 502
1874 491 1923 533 s,
1982 489 2528 536 ulthm-tssAnnts

673 613 1067 678 mercedem.
1107 618 1158 678 A
1196 618 1386 677 Clero
1424 616 1755 693 siquidem
1793 620 2155 694 contempti
2194 621 2445 693 clerici,
2483 623 2812 694 quaerunt
2841 623 3025 678 extra
3063 618 3443 690 ecclesiam,
3476 616 3655 694 quod
3698 616 3761 677 in

672 706 961 767 ecclesia
996 707 1242 767 habere
1276 707 1688 766 debuissent.
1726 708 1803 766 Et
1837 715 2088 783 quanto
2126 710 2465 781 potentius
2501 709 2834 783 repulsam
2874 708 3185 779 tolerant,
3236 713 3419 766 tanto
3470 707 3765 766 celerius

671 798 771 857 eis
805 794 1030 855 divina
1067 797 1312 870 pietate
1349 795 1822 871 suffragantur.

755 885 955 943 Extra
990 885 1344 943 ecclesiam
1382 886 1710 945 ecclesiae
1748 892 2067 960 patronus
2106 887 2539 960 prosequitur
2581 902 2764 946 eos...
2801 885 3211 944 Reverentes
3261 885 3657 961 alloquitur,
3695 889 3764 941 et

667 974 852 1034 dicit:
889 973 1100 1033 Vultis
1151 974 1519 1049 hospitem?
1554 975 1931 1049 sequimini.
1969 974 2469 1050 Subsequentes
2503 992 2680 1047 eum,
2733 980 3058 1033 venerunt
3104 980 3293 1032 extra
3343 975 3595 1033 villam.
3632 971 3763 1043 Qui

669 1063 888 1123 locum
937 1062 1223 1137 ingressi
1283 1063 1588 1139 protinus
1639 1064 2211 1133 amoenissimum,
2264 1069 2529 1138 praeter
2578 1070 2881 1123 naturam
2938 1064 3275 1137 temporis;
3322 1061 3754 1137 conspiciunt

667 1152 887 1225 ssoreS,
925 1167 1117 1211 rosas
1152 1158 1218 1211 et
1252 1153 1414 1222 lilia,
1454 1158 1519 1210 et
1553 1168 1784 1211 eorum
1820 1153 2197 1228 percipiunt
2233 1153 2496 1212 odores:
2535 1154 2720 1212 viror
2753 1169 3093 1225 amoenus,
3146 1167 3263 1210 aer
3298 1167 3601 1221 serenus.
3642 1150 3761 1209 ho-

670 1256 825 1317 spes
872 1241 1190 1300 melliflua
1240 1242 1569 1300 charitate
1618 1243 1920 1316 plenus..
1957 1241 2008 1300 Ο
2043 1242 2239 1300 beata
2290 1242 2613 1300 charitas!
2658 1258 2828 1317 quae
2871 1242 3279 1317 propositio?
3326 1241 3487 1311 Quis
3524 1238 3760 1314 panis?

668 1330 864 1407 quale
915 1330 1381 1405 pigmentuml-
1419 1346 1590 1405 quae
1650 1329 1937 1389 fercula!
1996 1331 2149 1405 quis
2193 1331 2479 1406 dapifer!
2537 1331 2674 1404 Dic,
2749 1331 3014 1406 hospes:
3081 1331 3235 1405 quis
3278 1330 3547 1389 domum
3613 1335 3759 1386 tam

667 1420 942 1495 repente
975 1419 1273 1495 paravit?
1305 1419 1480 1477 Dicit
1515 1418 1777 1494 hospes:
1816 1420 1906 1478 En
1939 1418 2056 1477 Dei
2094 1419 2391 1479 charitas
2426 1437 2499 1479 ca
2541 1428 2782 1495 potest.
2819 1450 2906 1463 —
2932 1420 3093 1491 Quis
3130 1418 3337 1477 Deus‘?
3370 1419 3549 1475 Deus
3597 1416 3763 1475 cha-

669 1510 836 1568 ritas
886 1513 1008 1567 est.
1045 1507 1220 1567 Deus
1270 1509 1459 1567 cibus
1494 1510 1598 1567 est
1649 1514 1715 1566 et
1749 1512 1967 1581 potus
2021 1508 2170 1583 Ipse
2207 1509 2326 1568 flos
2361 1515 2428 1568 et
2461 1510 2856 1568 amoenitas,
2903 1508 3308 1583 Temperies,
3357 1507 3759 1581 intemperie

668 1602 1061 1673 temperata,
1102 1595 1480 1671 hospitibus
1519 1599 1906 1656 memoriam
1946 1598 2049 1655 sui
2086 1598 2187 1656 vel
2226 1599 2548 1674 temporis
2585 1598 2999 1657 auferebat...

731 1686 825 1745 Ea
861 1692 1282 1760 tempestate,
1340 1687 1774 1763 intempestae
1809 1687 2027 1745 noctis
2063 1687 2360 1757 silentio,
2411 1686 2611 1746 Dives
2630 1686 2913 1762 -quidam
2953 1686 3266 1761 pagensis
3304 1685 3637 1759 indigena,
3675 1682 3759 1740 de

670 1776 863 1850 longe
910 1780 1135 1834 motus
1184 1791 1355 1851 equo
1407 1775 1848 1841 accelerabat,
1904 1777 1973 1833 ut
2023 1790 2100 1833 ea
2145 1782 2339 1834 nocte
2377 1775 2698 1835 familiam
2734 1776 3172 1834 domesticam
3210 1775 3468 1832 videret
3500 1777 3568 1830 et
3600 1787 3761 1830 con-

665 1863 1007 1937 gauderet,
1039 1868 1110 1922 et
1144 1865 1406 1938 patroni
1444 1863 1686 1922 festum
1720 1870 1786 1922 et
1822 1865 1923 1922 sui
1963 1863 2250 1923 reditum
2287 1871 2535 1938 ageret.
2574 1866 2866 1924 Audiens
2906 1865 3077 1923 idem
3123 1864 3481 1923 tumultum
3514 1862 3756 1935 jocun-

664 1952 988 2023 dantium,
1027 1952 1237 2012 insilit
1273 1954 1336 2012 in
1371 1969 1510 2027 eOS,
1549 1954 1914 2011 aestimans
1954 1953 2384 2013 insidiatores
2434 1969 2651 2013 esse...
2704 1953 3058 2028 Ingressus
3107 1952 3334 2028 itaque
3382 1953 3486 2009 vir
3533 1952 3755 2009 locum

667 2041 1097 2101 amoenitatis
1154 2043 1577 2117 praecipuae,
1638 2042 2009 2101 mirahatur
2072 2043 2386 2117 quidnam
2455 2044 2816 2102 accidisset
2871 2044 2954 2102 ei.
3006 2041 3335 2116 Dixitque:
3400 2039 3757 2098 Pacificine

662 2131 863 2192 estis?
909 2128 1249 2191 Dixerunt:
1286 2129 1547 2189 Sumus,
1600 2131 1721 2201 Qui
1763 2132 1947 2190 dixit:
1985 2131 2166 2190 Unde
2218 2132 2409 2190 vohis
2446 2132 2575 2190 ista
2628 2132 2919 2190 mansio?
2952 2131 3113 2202 Quis
3158 2146 3303 2189 eam
3340 2130 3471 2188 cito
3521 2128 3759 2187 funda-

665 2219 796 2279 viv.>
828 2219 1082 2278 Nudius
1119 2220 1361 2278 tertius
1410 2236 1615 2295 quum
1651 2220 1779 2279 huc
1831 2221 2212 2292 transirem,
2249 2236 2376 2279 non
2411 2223 2574 2280 erat.
2625 2220 2800 2279 Dixit
2837 2220 3099 2295 hospes:
3137 2220 3349 2278 Meum
3402 2225 3507 2276 est
3540 2216 3755 2275 domi-

670 2308 927 2380 citium,
957 2323 1103 2367 mea
1130 2309 1543 2368 solemnitas,
1566 2308 1751 2368 Mane
1780 2308 2150 2381 nobiscum,
2180 2313 2246 2367 ct
2272 2315 2459 2367 utere
2488 2310 2698 2368 boniS.
2719 2310 2960 2369 Mansit
2988 2309 3120 2382 ille,
3149 2308 3359 2367 donec
3384 2308 3757 2365 dilucesce-

668 2403 789 2457 ret.
826 2396 986 2456 Orto
1021 2397 1186 2471 sole,
1222 2397 1556 2471 disparuit
1591 2398 1834 2474 hospes
1868 2404 1933 2457 et
1969 2398 2353 2473 hospitium.
2392 2398 2515 2456 Sed
2554 2400 2616 2458 in
2653 2404 3121 2473 argumentum
3174 2396 3347 2468 fidei,
3385 2396 3585 2455 ssores
3622 2411 3753 2453 non

664 2487 1161 2562 disparuerunt,
1198 2493 1271 2546 ut
1306 2488 1371 2546 in
1407 2489 1653 2562 quanta
1703 2488 2064 2546 extiterant
2097 2487 2526 2546 amoenitatis
2574 2487 3042 2559 delectatione,
3089 2488 3292 2545 etiam
3345 2484 3620 2543 floribus
3656 2485 3754 2541 vi-

661 2577 954 2636 deretur.
991 2575 1313 2651 Pagensis
1361 2576 1766 2651 obstupebat
1801 2592 1896 2649 se,
1936 2577 2265 2635 subeunte
2315 2576 2444 2648 die,
2483 2593 2677 2634 suum
2718 2576 3048 2653 hospitem
3086 2583 3152 2634 et
3186 2574 3551 2649 hospitium
3588 2574 3754 2631 ami-

663 2666 860 2738 sisse,
897 2669 964 2723 et
998 2664 1420 2725 scholaribus
1456 2666 1642 2724 dixit:
1680 2666 1846 2736 Quid
1881 2670 2008 2735 est,
2047 2666 2320 2737 domini,
2359 2664 2535 2740 quod
2588 2664 2881 2725 fecistis?
2914 2666 2978 2724 Si
3016 2666 3113 2724 sic
3159 2679 3277 2739 per
3308 2669 3493 2722 artes
3533 2662 3754 2734 hospi—

666 2757 767 2813 tes
816 2756 881 2813 et
914 2752 1207 2827 hospitia
1256 2760 1323 2812 et
1372 2758 1744 2829 temporum
1780 2755 2100 2814 beneficia
2152 2753 2344 2813 vobis
2384 2754 2629 2825 faciti5‚
2683 2770 2795 2814 ars
2829 2760 2935 2813 est
2982 2754 3205 2829 potior
3237 2768 3435 2827 quam
3487 2758 3749 2809 natura.

656 2842 1060 2915 Quinimm0‚
1113 2858 1267 2902 ecce
1318 2843 1513 2901 flores
1562 2849 1628 2900 et
1663 2844 2035 2902 amoenitas
2087 2844 2267 2901 veris
2302 2846 2369 2902 et
2420 2843 2661 2901 viroris
2713 2845 2857 2902 loco
2910 2848 3292 2918 supersunt.
3344 2840 3588 2899 Dicunt
3628 2840 3747 2898 illi:

663 2932 805 2990 Non
853 2936 958 2990 est
993 2931 1106 2990 ita.
1159 2931 1273 2989 Vir
1308 2931 1416 2990 ille
1454 2933 1691 2990 beatus
1740 2933 1806 2990 et
1849 2931 2027 3005 felix,
2080 2932 2273 3006 cujus
2323 2932 2767 3005 patrocinium
2820 2932 3306 2997 invocavimuS,
3344 2945 3384 2987 a
3426 2930 3609 2987 clero
3645 2928 3757 2987 de-

663 3021 896 3095 specti,
932 3035 1054 3080 nos
1105 3021 1280 3080 sicut
1313 3026 1380 3080 et
1417 3027 1478 3080 te
1529 3021 1846 3095 suscepit.
1888 3021 2051 3081 Cum
2087 3036 2391 3080 essemus
2426 3021 2491 3081 in
2526 3036 2720 3097 pagO,
2757 3020 2946 3080 duxit
2987 3026 3173 3080 extra
3212 3035 3478 3097 pagum,
3516 3020 3580 3077 et
3619 3034 3756 3077 am-

663 3111 900 3186 pliavit
935 3111 999 3168 in
1049 3127 1197 3178 nos,
1236 3116 1300 3169 te
1335 3117 1508 3170 teste
1544 3111 1751 3184 socio,
1790 3111 2209 3169 charitatem.
2262 3110 2593 3186 Numquid
2631 3127 2758 3169 non
2813 3111 2954 3186 ipse
2988 3118 3092 3170 est
3126 3110 3364 3169 beatus
3400 3109 3748 3167 Martinus

754 3200 1135 3283 Conversus
1186 3199 1290 3259 vir
1326 3200 1435 3258 ille
1485 3201 1800 3274 pagensis
1836 3200 1912 3257 ad
1970 3215 2212 3274 pagum
2250 3215 2397 3258 cum
2436 3199 2579 3258 suis
2615 3200 3065 3273 scholaribus,
3103 3199 3325 3273 coepit
3354 3197 3749 3273 praedicare

659 3288 995 3364 magnalia
1027 3288 1167 3362 Dei,
1205 3296 1272 3348 et
1306 3288 1387 3347 ad
1425 3289 1780 3347 videndum
1819 3289 2035 3347 locum
2073 3289 2323 3347 dictum
2354 3304 2742 3362 provocare.
2772 3288 2876 3347 Fit
2910 3305 3151 3347 cursus
3180 3287 3430 3364 populi,
3467 3294 3535 3344 et.
3570 3286 3745 3361 quod

663 3379 756 3438 illi
795 3384 933 3437 tres
981 3393 1097 3436 ore
1142 3378 1619 3448 clamaverant,
1676 3378 1738 3436 in
1791 3382 1980 3452 prato
2034 3378 2473 3452 prospiciunt.
2528 3377 2642 3436 Vir
2694 3378 2916 3454 itaque
2969 3377 3306 3452 pagensiS,
3360 3379 3749 3450 comparato

660 3483 734 3526 se
769 3474 835 3526 et
868 3482 990 3526 sua
1027 3467 1120 3525 illi
1159 3470 1509 3526 consecrat
1543 3468 1710 3526 loct).
1745 3466 2010 3525 Similes
2047 3472 2114 3525 et
2145 3467 2274 3525 duo
2312 3466 2407 3526 illi
2444 3466 2791 3525 scholares
2843 3466 3165 3526 fecerunt.
3203 3466 3482 3539 Erigunt
3519 3464 3751 3522 basili-

660 3572 804 3614 cam
841 3560 908 3614 et
944 3555 1344 3630 hospitalem
1376 3556 1643 3614 domum
1684 3557 1746 3614 in
1785 3555 2030 3614 honore
2069 3558 2169 3615 sui
2199 3556 2416 3615 sancti
2454 3555 2764 3631 hospitis,
2796 3558 2863 3615 et
2895 3572 3095 3631 opere
3125 3555 3486 3629 complete,
3525 3553 3743 3628 quoad

661 3646 990 3717 vixerunt,
1029 3644 1234 3703 Beato
1268 3644 1641 3703 confessori
1675 3645 1956 3703 Martino
1994 3644 2155 3703 inibi
2190 3645 2414 3703 devoti
2455 3644 2937 3706 ministrarunt.

749 3733 869 3804 Qui
907 3748 1111 3808 quum
1150 3749 1275 3791 non
1311 3733 1634 3791 haberent
1668 3734 2012 3807 reliquiaS‚
2052 3734 2282 3792 eodem
2321 3739 2553 3792 sancto
2592 3733 2877 3804 favente,
2910 3734 3346 3793 renuentibus
3380 3732 3744 3802 canonicis,

660 3826 1150 3897 acceperunt...
1190 3821 1294 3880 Sic
1328 3822 1592 3880 demum
1631 3822 1702 3880 fit
1739 3829 1875 3880 ut...
1916 3824 2097 3894 prior
2129 3824 2457 3881 ecclesiae
2493 3824 2941 3882 saecularium
2988 3824 3490 3891 canonicorum,
3529 3821 3749 3878 incen-

658 3912 767 3970 dio
803 3911 1112 3971 casuaria
1147 3906 1190 3979 ¹)
1229 3916 1646 3984 consumpta,
1687 3911 1884 3970 aliam
1925 3912 1986 3970 in
2028 3913 2171 3969 loco
2210 3912 2321 3970 illo
2376 3912 2436 3970 in
2490 3913 2802 3971 honorem
2857 3916 3069 3971 sancti
3123 3913 3301 3971 Petri
3356 3909 3743 3980 fabricaret,

657 4006 725 4058 et
758 4001 1041 4059 basilica
1088 4005 1281 4075 prato
1315 4000 1795 4061 monasterium
1846 4001 2246 4059 clericorum
2284 4002 2469 4060 fieret
2517 4006 2583 4059 et
2618 4000 2832 4075 major
2865 4002 3174 4061 ecclesia.
3211 4031 3298 4044 —
3335 3999 3406 4058 In
3453 4014 3622 4073 pago
3660 4000 3745 4056 si-

657 4089 923 4164 quidem
962 4089 1242 4163 Yprensi
1280 4089 1443 4147 haec
1493 4095 1642 4147 acta
1689 4094 1862 4156 sunt,
1904 4095 1971 4148 et
2005 4089 2303 4164 quotidie
2338 4089 2514 4150 Deus
2550 4091 2611 4149 in
2666 4090 2778 4150 illa
2813 4092 3122 4162 ecclesia,
3161 4089 3353 4162 cujus
3387 4094 3492 4147 est
3527 4093 3746 4162 patro-

656 4195 781 4237 nus
817 4179 1092 4237 sanctus
1125 4177 1238 4236 Dei
1277 4177 1628 4236 confessor
1661 4179 2004 4252 Martinus,
2048 4179 2393 4236 miraculis
2430 4179 2765 4238 mirabilia
2801 4179 3203 4239 mirabiliter
3237 4184 3575 4254 operatur.

744 4267 1076 4339 Quantum
1117 4265 1214 4324 fas
1250 4273 1354 4325 est
1390 4274 1608 4325 mente
1645 4269 1965 4342 recipere,
2003 4274 2198 4342 pater
2229 4267 2541 4326 amabilis
2577 4269 2915 4341 Guiberte,
2956 4269 3068 4327 illa
3108 4268 3224 4327 tibi
3276 4267 3632 4340 descripsi,
3671 4268 3744 4322 ut

656 4372 858 4430 quum
905 4356 1314 4415 sanctissimi
1366 4356 1580 4430 patris
1623 4362 1688 4413 et
1724 4356 1982 4430 patroni
2036 4356 2297 4415 Martini
2337 4357 2556 4415 cultor
2604 4358 2889 4416 eximius
2924 4374 3022 4428 ee,
3062 4374 3181 4433 pro
3221 4372 3322 4414 me
3360 4355 3741 4415 intercedas

653 4446 734 4503 ad
770 4446 1013 4520 ipsum,
1053 4452 1124 4502 ut
1161 4445 1331 4503 levet
1388 4445 1752 4518 fastidium,
1793 4451 2081 4504 mentem
2115 4451 2412 4518 exornet,
2451 4452 2638 4506 tuum
2691 4447 2754 4504 in
2789 4447 3065 4506 Domino
3102 4445 3494 4506 corroboret
3530 4446 3744 4518 scrip-

659 4540 896 4604 torem,
935 4533 1046 4608 qui
1083 4549 1228 4591 cum
1270 4534 1464 4591 Patre
1498 4539 1624 4592 etc.

733 4766 773 4823 ¹)
804 4767 1079 4820 Casuaria
1109 4762 1250 4817 idom
1283 4778 1508 4829 prorsus
1535 4777 1702 4832 quam
1735 4762 1949 4824 Posala,
1988 4762 2153 4816 Fam-
2243 4760 2398 4814 deest
2449 4760 2748 4823 Casuaria,
2802 4757 2909 4813 nisi
2968 4756 3299 4811 vocabulum
3358 4755 3434 4810 sit
3477 4755 3740 4825 deprava-

658 4837 764 4899 Iia,
794 4843 843 4888 ot
878 4834 1087 4890 similia
1119 4835 1262 4904 apud
1291 4834 1549 4902 Cargium
1583 4849 1790 4895 meum,
1834 4833 1922 4888 cni
1969 4839 2154 4886 tamen
2249 4837 2386 4885 tum.
