4036 6117
673 494 804 553 276
1821 510 1874 554 s.
1935 508 2470 555 mansoaams

597 630 776 701 tum,
813 626 877 685 id
912 633 1017 687 est
1051 628 1404 686 materiam
1437 633 1927 698 creaturarum,
1962 629 2320 702 antequam
2356 629 2705 684 creaturae
2740 638 2859 699 per
2893 621 3153 696 species
3190 617 3549 678 distinctae
3579 630 3680 675 es‘

597 734 769 804 sent,
804 735 872 789 et
905 737 1262 807 antequam
1298 731 1659 808 quicquam
1696 735 2155 806 operarentur:
2190 749 2231 789 a
2263 729 2548 805 Spiritu,
2585 726 2901 787 videlicet
2933 744 2971 785 a
3004 724 3256 801 Spiritu
3290 722 3531 781 Sancto
3565 719 3679 795 qui

595 833 817 893 omnia
865 834 1184 909 vivificat,
1222 836 1537 911 quoniam
1587 834 1786 894 Pater
1814 838 1920 896 est
1967 835 2372 909 aeternitas„
2426 834 2637 893 Filius
2686 848 2807 909 per
2838 845 3037 908 quem
3085 828 3308 888 omnia
3340 830 3675 898 creantur,

595 935 883 1012 Spiritus
934 939 1216 999 Sanctus
1251 956 1369 1016 per
1416 956 1614 1016 quern
1646 940 1869 1000 omnia
1916 940 2378 1000 vivificantur:
2428 944 2502 999 ut
2538 943 2913 999 tentaretur
2944 956 2985 996 a
3019 935 3311 1003 Diabolo,
3349 933 3610 992 scilicet
3642 949 3680 991 a

597 1041 805 1114 ma10,
859 1057 1011 1100 cum
1060 1041 1378 1103 Diabolus
1428 1043 1762 1102 hominem
1795 1048 1864 1102 et
1898 1045 2195 1120 reliquas
2229 1045 2575 1103 creaturas
2608 1059 2759 1102 cum
2797 1043 2941 1118 ipso
2978 1040 3260 1115 decepit.
3296 1038 3377 1098 Et
3413 1054 3565 1096 cum
3580 1031 3683 1108 je-

586 1139 919 1218 junasset,
952 1145 1016 1204 id
1043 1152 1148 1205 est
1173 1147 1348 1222 quod
1377 1155 1526 1221 post
1559 1163 1789 1207 casum
1825 1147 2137 1221 hominis,
2165 1146 2300 1207 Deo
2326 1162 2447 1205 nec
2472 1147 2714 1221 gloria,
2742 1161 2865 1205 nec
2891 1145 3126 1219 honor,
3162 1157 3284 1202 nec
3319 1142 3467 1202 laus
3502 1137 3681 1198 exhi-

594 1244 901 1320 bebatur,
924 1252 998 1306 ut
1016 1248 1307 1323 deberet;
1336 1251 1776 1328 quadraqinta
1799 1250 2050 1321 diebus,
2074 1251 2185 1310 ubi
2206 1257 2357 1327 post
2383 1251 2835 1326 expulsionem
2857 1249 3061 1322 Adae,
3082 1246 3201 1306 filii
3228 1245 3443 1322 ipsius
3471 1256 3681 1318 usque

599 1348 681 1407 ad
701 1349 836 1410 Noe
875 1350 1085 1411 Deum
1106 1354 1169 1412 in
1189 1361 1479 1430 quatuor
1511 1356 1855 1415 elementis
1874 1372 1994 1431 per
2010 1356 2231 1414 lucem
2258 1355 2620 1431 agnitionis
2647 1355 2862 1431 ipsius
2889 1370 3020 1413 non
3044 1352 3331 1428 pleniter
3348 1347 3677 1420 colebant,

595 1460 658 1513 et
686 1458 1124 1534 quadraqinta
1148 1460 1462 1534 noctibus,
1500 1461 1657 1536 quia
1682 1461 1887 1520 etiam
1922 1461 1988 1519 in
2013 1467 2303 1537 quatuor
2334 1460 2684 1520 elementis
2717 1460 2903 1519 velut
2936 1459 3004 1517 in
3033 1456 3347 1517 noctibus
3380 1453 3684 1529 peccato-

595 1576 747 1619 rum
772 1562 1168 1635 sordebant,
1206 1580 1357 1624 cum
1384 1563 1673 1623 nondum
1708 1564 1939 1623 decem
1972 1570 2329 1639 praecepta
2365 1564 2557 1639 Legis
2592 1567 3051 1640 perceperant,
3089 1560 3405 1638 quoniam
3439 1559 3684 1618 cumin

594 1665 988 1726 circuitione
1015 1673 1305 1743 quatuor
1335 1669 1843 1742 elementorum,
1881 1686 1919 1728 a
1946 1684 2109 1728 casu
2143 1668 2322 1728 Adae
2348 1684 2563 1743 usque
2602 1666 2684 1727 ad
2711 1667 2870 1740 Noe,
2906 1665 3228 1724 Diabolus
3254 1662 3477 1722 omnia
3504 1661 3676 1721 mala

596 1783 720 1827 sua
754 1774 905 1828 ante
951 1769 1279 1830 diluvium
1311 1771 1380 1830 in
1428 1770 1693 1830 homine
1728 1772 2154 1846 complesset.
2202 1770 2379 1830 Deus
2415 1773 2666 1831 terram
2716 1769 3052 1829 creaturis
3086 1767 3220 1827 illis
3254 1781 3423 1841 quas
3458 1766 3681 1839 perire

593 1871 930 1946 permisit,
965 1874 1300 1949 purgavit,
1338 1874 1450 1933 ubi
1485 1874 1669 1935 dixit:
1711 1891 1744 1932 α
1780 1873 2087 1933 Poenitet
2122 1891 2227 1933 me
2257 1874 2500 1934 fecisse
2536 1873 2892 1957 hominem.
2926 1890 2958 1929 2>
2990 1866 3036 1951 ¹)
3067 1873 3307 1933 Postea
3331 1871 3569 1929 esuriit
3603 1866 3687 1929 ad

589 1974 946 2052 Justitiam,
985 1992 1138 2036 cum
1164 1977 1502 2037 hominem
1527 1980 1742 2039 denuo
1770 1986 1923 2053 post
1955 1979 2289 2040 diluvium
2316 1979 2760 2053 recuperavit,
2791 1979 2903 2037 ubi
2925 1977 3262 2053 justitiam
3291 1974 3510 2035 facere
3535 1989 3687 2034 coe-

595 2078 713 2154 pit.
749 2079 827 2138 Et
861 2082 1186 2140 accedens
1219 2098 1337 2156 per
1371 2084 1616 2143 multas
1649 2085 1983 2144 vanitates
2022 2087 2334 2158 tentator,
2389 2084 2647 2143 scilicet
2679 2082 3028 2152 DiaboluS,
3058 2081 3140 2141 ad
3168 2081 3494 2152 homines»,
3526 2079 3685 2156 quia

594 2199 746 2243 cum
788 2184 1121 2260 justitiam
1157 2187 1311 2260 post
1356 2185 1684 2246 diluvium
1718 2203 2046 2264 apparere
2096 2188 2375 2263 videret,
2414 2188 2592 2247 idola
2639 2190 2707 2248 et
2750 2188 2961 2247 multa
3013 2186 3419 2248 fantasmata
3452 2184 3686 2245 adver-

595 2304 745 2347 sum
779 2288 1081 2347 eamdem
1111 2288 1442 2363 Justitiam
1482 2287 1701 2349 facere
1737 2292 1978 2367 coepit.

686 2395 766 2454 Et
803 2395 975 2453 dixit
1011 2396 1099 2465 ei,
1137 2394 1252 2469 qui
1284 2393 1509 2455 omnia
1543 2396 1818 2477 creavit:
1859 2396 1931 2457 Si
1966 2394 2207 2470 Filius,
2245 2412 2366 2473 per
2400 2411 2600 2472 quem
2634 2396 2855 2455 omnia
2892 2393 3068 2453 facta
3108 2397 3287 2466 sunt,
3327 2393 3446 2452 Dei
3492 2409 3584 2464 es,
3623 2388 3690 2449 in

595 2511 727 2571 quo
772 2495 1038 2570 justitia
1072 2502 1372 2572 apparet,
1425 2498 1553 2571 dic,
1592 2497 1853 2556 scilicet
1902 2512 2183 2573 operare
2231 2503 2297 2556 et
2346 2503 2419 2557 tu
2458 2498 2523 2557 in
2551 2497 2859 2572 jussione
2894 2501 3032 2570 tua,
3071 2496 3248 2555 sicut
3284 2494 3417 2568 ille,
3442 2491 3494 2572 ²)
3529 2493 3688 2569 quia

602 2620 633 2656 a
676 2600 816 2674 ipse
836 2600 1002 2659 dixit
1027 2606 1094 2658 et
1115 2599 1290 2660 facta
1319 2606 1496 2675 sunt,
1523 2618 1554 2658 ›>
1577 2594 1625 2679 ⁸)
1654 2608 1722 2661 et
1748 2602 2062 2677 quoniam
2089 2617 2211 2676 ego
2239 2602 2545 2677 persuasi
2576 2603 2784 2661 multa
2815 2601 2989 2661 idola
3020 2600 3197 2659 facta
3223 2614 3396 2673 esse,
3416 2603 3492 2656 ut
3523 2597 3691 2675 lapi-

599 2702 713 2759 des
748 2704 881 2775 isti,
912 2701 1172 2760 scilicet
1204 2703 1476 2778 duritia,
1507 2702 1682 2779 quod
1710 2703 2013 2762 homines
2050 2705 2114 2762 te
2150 2702 2546 2779 respuendO,
2584 2709 2660 2763 ut
2690 2702 2899 2763 Deum
2933 2703 3153 2762 colere
3185 2702 3440 2776 nolunt,
3478 2717 3690 2778 panes

595 2804 781 2881 fiant,
828 2803 1141 2862 videlicet
1168 2805 1392 2881 aliqua
1420 2806 1706 2880 cultura,
1745 2811 1817 2865 ut
1852 2813 1925 2865 tu
1959 2808 2163 2866 etiam
2198 2808 2392 2883 quasi
2424 2806 2603 2866 Deus
2637 2807 2905 2880 coleriS,
2943 2807 3257 2882 quoniam
3291 2820 3414 2880 ego
3451 2805 3516 2863 in
3552 2804 3689 2864 ido-

598 2910 683 2969 lis
717 2911 1051 2969 culturam
1085 2910 1254 2984 legis
1290 2926 1478 2969 meae
1514 2909 1664 2986 feci,
1701 2916 1769 2971 et
1802 2916 1875 2971 tu
1910 2910 2014 2970 fac
2049 2911 2385 2986 similiter,
2425 2914 2497 2971 ut
2545 2912 2784 2972 saltem
2819 2911 2996 2971 Deus
3045 2925 3198 2969 esse
3231 2908 3687 2984 cognoscariS,

600 3017 668 3072 et
703 3011 828 3071 hoc
858 3011 1067 3071 Deum
1100 3012 1461 3074 deridendo
1497 3013 1684 3076 dixit.

690 3121 813 3194 Qui
847 3120 1251 3198 respondens
1285 3121 1481 3195 discit,
1532 3121 1848 3182 videlicet
1881 3121 2169 3183 Verbum
2203 3122 2444 3184 Patris:
2484 3125 2823 3202 Scriptum
2856 3129 2976 3199 est,
3016 3123 3083 3182 in
3124 3120 3351 3181 veraci
3396 3118 3692 3196 Scriptu-

599 3243 692 3286 ra:
744 3226 891 3286 Non
923 3228 995 3285 in
1043 3226 1176 3285 solo
1212 3245 1422 3303 pane,
1476 3226 1541 3286 id
1574 3231 1679 3286 est
1726 3228 1957 3287 nonin
2007 3228 2122 3288 illa
2159 3229 2301 3288 sola
2351 3234 2690 3300 creatura,
2727 3223 3091 3305 qua'homo
3144 3226 3528 3303 frequenter
3561 3226 3689 3286 uti-

597 3333 736 3404 tur,
789 3331 896 3389 vel
943 3345 1115 3405 quae
1162 3330 1225 3389 ei
1275 3330 1578 3405 subJ'ecta
1626 3331 1988 3406 ministrat,
2028 3333 2183 3408 quia
2218 3348 2337 3407 per
2384 3339 2763 3393 creaturam
2814 3333 3092 3392 Creator
3135 3331 3586 3407 cognoscitur,
3621 3334 3688 3389 et

600 3432 777 3508 quod
812 3448 1116 3491 summus
1149 3448 1297 3491 eam
1331 3433 1661 3493 creaverit
1694 3434 2116 3510 intelligitur,
2150 3438 2309 3494 vivit
2342 3440 2547 3510 homo,
2579 3436 2671 3495 ita
2705 3441 2779 3495 ut
2805 3435 2932 3495 hoc
2958 3436 3087 3496 sibi
3114 3435 3196 3495 ad
3224 3435 3510 3495 salutem
3552 3428 3688 3493 suf-

595 3535 798 3608 ficiat,
828 3533 1003 3609 quod
1038 3534 1202 3594 haec
1235 3535 1530 3596 visibilia
1563 3554 1601 3596 a
1634 3537 1767 3597 Deo
1802 3540 2030 3597 creata
2077 3554 2227 3598 esse
2272 3540 2534 3613 credat,
2588 3540 2701 3598 sed
2734 3542 2808 3600 in
2843 3541 3023 3599 omni
3079 3537 3297 3613 Verbo,
3349 3536 3525 3614 quod
3558 3549 3687 3596 non

599 3644 824 3718 potest
870 3640 1255 3700 carnalibus
1302 3642 1518 3701 oculis
1565 3641 1780 3701 videri
1830 3637 1905 3721 ⁴),
1957 3658 2079 3702 nec
2128 3642 2436 3703 manibus
2486 3644 2782 3720 palpari,
2834 3659 2956 3703 nec
3016 3658 3220 3703 sensu
3281 3641 3453 3719 capi,
3520 3640 3689 3719 quod

592 3742 890 3820 procedit
940 3740 1374 3801 invisibiliter
1421 3743 1502 3803 de
1550 3761 1659 3802 ore
1710 3745 1853 3818 Dei,
1893 3749 2125 3804 natum
2162 3743 2619 3815 ineffabiliter,
2656 3746 2750 3806 ita
2784 3751 2858 3807 ut
2906 3746 3127 3823 ipsum
3174 3745 3417 3805 Filium
3464 3741 3582 3802 Dei
3624 3744 3690 3803 et

603 3845 813 3905 filium
848 3843 1137 3903 hominis
1171 3845 1505 3905 veraciter
1538 3846 1834 3907 credant.

698 3949 875 4010 Tunc
923 3952 1276 4027 assumpsit
1311 3969 1463 4010 eum
1513 3951 1823 4011 Diabolus
1857 3952 1931 4011 in
1980 3958 2278 4012 sanctam
2311 3932 2666 4030 civitatem,
2721 3954 2981 4014 scilicet
3014 3955 3078 4014 in
3107 3953 3452 4030 judaicum
3484 3965 3691 4030 popu-

596 4056 757 4130 lum,
795 4056 901 4115 cui
937 4057 1264 4116 sanctitas
1297 4056 1491 4131 Legis
1525 4057 1682 4116 data
1735 4056 1881 4131 fuit,
1935 4057 2095 4133 quia
2143 4073 2296 4116 cum
2346 4059 2659 4119 Christus
2713 4060 3102 4119 incarnatus
3151 4065 3356 4134 esset,
3408 4064 3475 4120 et
3538 4073 3690 4118 cum

593 4160 731 4236 jam
780 4161 984 4221 verba
1017 4161 1537 4238 praedicationis
1589 4177 1751 4221 suae
1784 4161 2145 4234 emitteret,
2197 4162 2516 4223 Diabolus
2552 4165 2801 4224 multas
2852 4164 3131 4224 insidias
3179 4180 3300 4240 per
3343 4145 3689 4223 Judaicum

597 4264 916 4339 populum
965 4266 1026 4324 ei
1072 4267 1313 4341 posuit.
1367 4266 1449 4325 Et
1485 4269 1716 4324 statuit
1767 4284 1921 4324 eum
1968 4284 2176 4342 supra
2216 4268 2685 4343 pinnaculum,
2726 4267 2792 4326 id
2825 4270 2930 4327 est
2976 4267 3398 4327 altitudinem
3431 4267 3685 4343 templi,

607 4367 866 4427 scilicet
915 4369 1106 4443 coeli,
1143 4369 1257 4428 ubi
1303 4368 1535 4427 Judaei
1573 4384 1724 4428 eum
1775 4370 2136 4443 tentanteS,
2177 4371 2440 4444 signum
2477 4371 2559 4429 de
2593 4371 2779 4430 coelo
2817 4371 2900 4430 ab
2941 4386 3021 4430 eo
3056 4369 3200 4429 fieri
3232 4370 3568 4445 petebant.
3604 4369 3687 4429 Et

602 4471 775 4530 dixit
825 4474 887 4531 ei
936 4471 1244 4533 Diabolus
1277 4487 1397 4547 per
1442 4470 1748 4532 Judaeos:
1789 4473 1859 4534 Si
1906 4473 2086 4552 filius
2123 4473 2248 4533 Dei
2294 4492 2386 4547 εε,
2434 4473 2591 4549 quia
2628 4474 2837 4545 multa
2873 4473 3064 4548 signa
3111 4473 3292 4532 circa
3340 4477 3589 4533 terram
3625 4473 3692 4533 in

601 4575 890 4635 terrenis
939 4577 1165 4635 causis
1205 4575 1394 4649 faciS,
1451 4575 1554 4635 sac
1586 4577 1791 4635 etiam
1840 4577 2033 4652 signa
2067 4576 2148 4636 de
2186 4578 2398 4651 coe10,
2447 4593 2619 4652 quae
2653 4577 2846 4637 nobis
2880 4577 3218 4652 incognita
3267 4582 3446 4652 sunt,
3481 4581 3551 4638 et
3598 4578 3693 4637 ita

600 4681 790 4737 mitte
826 4686 888 4736 te
922 4679 1250 4752 deorsum,
1290 4678 1353 4737 in
1391 4695 1659 4738 rumore
1693 4679 2023 4739 descende
2058 4679 2140 4739 ad
2189 4680 2517 4739 homines,
2573 4681 2910 4756 Scriptum
2945 4686 3040 4739 est
3090 4680 3265 4739 enim
3301 4680 3367 4740 in
3400 4679 3693 4758 Scriptu-

603 4797 700 4856 ra,
740 4798 939 4858 quam
977 4787 1048 4841 tu
1084 4783 1226 4859 ipse
1260 4782 1634 4856 instituisti,
1672 4785 1829 4860 quia
1863 4783 2115 4858 anyelis
2167 4786 2303 4842 suis
2338 4784 2675 4843 mandavit
2726 4784 2806 4842 de
2848 4790 2909 4842 te
2959 4784 3155 4843 Pater
3188 4787 3345 4842 tuus
3394 4782 3591 4858 DeuS,
3627 4789 3689 4843 et
3783 4817 3787 4820 v

603 4887 675 4944 in
722 4885 1026 4945 manibus
1074 4902 1350 4962 operum
1401 4901 1679 4945 suorum
1727 4887 1958 4946 tollent
2025 4893 2117 4961 te,
2186 4887 2278 4946 ita
2345 4890 2715 4963 portanteS,
2776 4888 3092 4963 quoniam
3149 4888 3696 4962 praestantiores

681 5132 721 5200 ¹)
747 5134 930 5190 Genes
957 5135 1034 5190 vl
1062 5179 1082 5200 ,
1111 5141 1232 5192 6.—
1263 5139 1306 5205 ²)
1335 5138 1414 5194 ibi
1438 5137 1557 5194 cod.
1599 5169 1654 5177 -—-
1682 5137 1725 5205 ³)
1753 5138 1841 5193 Ps.
1874 5137 2075 5202 xcvl,
2108 5142 2188 5193 ¹2.
2231 5170 2287 5178 —-
2316 5139 2358 5206 ⁴)
2384 5141 2627 5196 videre...
2654 5140 2950 5212 palpare...
2979 5156 3167 5212 capere
3191 5140 3312 5196 cod.
