4036 6117
700 371 829 432 550
1853 398 1904 445 s.
1956 398 2495 448 nxnnsscxnms

2070 626 2281 689 XCIX.

1368 815 1706 879 Gerhatdo
1756 822 1976 880 comiti
2010 822 2091 881 de
2135 823 2494 883 Wertheim
2540 824 2986 901 HildeqardiS.

706 998 1017 1071 Lugentem
1044 1001 1117 1057 ob
1144 1006 1382 1075 patrem.
1415 1009 1653 1060 matrem
1683 1011 1740 1061 et
1764 1007 1905 1063 duos
1933 1006 2157 1073 fratres.
2188 1024 2366 1065 unum
2396 1008 2454 1065 in
2483 1009 2751 1076 vinculis,
2778 1012 3023 1068 alterum
3052 1016 3367 1076 mortuum,
3397 1012 3649 1068 solatur.

714 1140 882 1201 Care
916 1140 1010 1201 fili
1040 1140 1177 1218 Dei,
1220 1143 1286 1202 in
1317 1143 1497 1205 dulci
1532 1146 1948 1220 amplexione
1981 1147 2100 1207 Dei
2133 1165 2230 1225 es,
2271 1150 2389 1209 sed
2426 1165 2614 1210 mens
2650 1156 2765 1210 tua
2801 1151 2867 1210 in
2902 1151 3240 1211 turbinem
3266 1150 3478 1225 vadit,
3521 1156 3598 1210 et
3630 1165 3743 1226 po-

633 1243 779 1302 stea
829 1245 1050 1305 lucida
1081 1247 1230 1308 erit.
1282 1249 1593 1310 Attamen
1626 1250 1833 1312 Deum
1884 1253 2172 1314 libenter
2205 1272 2393 1332 rogo,
2428 1259 2505 1317 ut
2538 1258 2886 1333 angustias
2920 1257 3136 1334 patris
3180 1263 3248 1317 et
3282 1258 3531 1317 matris
3588 1262 3745 1316 tuae

623 1345 954 1425 destruat,
1005 1357 1074 1412 et
1108 1355 1182 1413 ut
1214 1354 1717 1417 circumcinctio
1765 1360 2026 1434 gratiae
2060 1375 2223 1420 suae
2274 1361 2408 1421 illis
2441 1362 2575 1421 cito
2612 1363 2859 1437 veniat,
2898 1362 3055 1439 quia
3100 1378 3309 1421 cornu
3358 1378 3565 1422 suum
3607 1360 3742 1420 illis

637 1471 841 1530 saepe
875 1464 1254 1532 praeparat,
1285 1459 1397 1534 qui
1430 1459 1496 1519 in
1531 1463 1791 1537 magnis
1829 1463 2173 1524 laboribus
2209 1472 2384 1525 sunt.
2418 1466 2499 1526 Et
2534 1466 2681 1525 ideo
2709 1468 2913 1527 etiam
2939 1466 3117 1527 Deus
3156 1465 3433 1525 fratrem
3471 1468 3675 1525 tuum
3707 1480 3746 1523 a

528 1548 536 1557 ’
630 1562 922 1622 vinculis
969 1562 1113 1638 ejus
1165 1564 1516 1624 absolvere
1567 1569 1807 1641 potest.
1841 1568 1967 1628 Sed
2013 1574 2082 1627 et
2120 1568 2327 1629 frater
2363 1571 2519 1630 tuus
2554 1570 2668 1646 qui
2705 1570 2788 1631 ab
2823 1570 3094 1631 saeculo
3132 1570 3473 1642 transivit,
3508 1567 3742 1645 juvari

630 1671 884 1743 potest,
936 1673 1001 1726 et
1035 1667 1181 1726 ideo
1230 1664 1428 1729 XXX
1462 1671 2031 1733 celebrationibus
2082 1673 2446 1735 missarum
2478 1681 2597 1736 aut
2645 1672 2765 1752 per
2802 1681 2866 1735 te
2900 1681 3018 1736 aut
3050 1691 3171 1752 per
3218 1676 3413 1749 aliOS,
3452 1674 3560 1734 illi
3597 1688 3747 1732 suc·-

633 1785 848 1831 curre.
876 1771 1054 1832 Deus
1082 1778 1304 1834 autem
1334 1774 1623 1836 animam
1652 1782 1836 1837 tuam
1866 1778 2223 1849 illuminet,
2251 1784 2317 1839 et
2346 1780 2411 1839 in
2439 1785 2784 1840 aeternum
2812 1780 3321 1841 tabernaculum
3347 1782 3414 1840 te
3438 1778 3742 1838 inducat.

2147 1988 2213 2049 C.

1191 2177 1418 2239 Abbati
1452 2180 1532 2238 de
1567 2187 1791 2240 sancto
1829 2181 2145 2241 Michaele
2180 2182 2253 2241 in
2291 2181 2711 2243 Babenberch
2744 2182 3188 2260 Hildeqardis.

715 2362 1012 2503 Diagogum
1035 2363 1294 2421 instituit
1321 2365 1473 2422 inter
1493 2364 1866 2438 Sapientiam.
1890 2364 2332 2433 Discretionem,
2350 2367 2799 2426 Misericordiam
2822 2374 2881 2426 et
2903 2366 3385 2438 Temperantiam.
3418 2374 3484 2423 ut
3509 2366 3741 2424 modum

651 2446 817 2504 viven
863 2448 879 2504 i
903 2454 1136 2505 statuat.

736 2583 807 2642 In
857 2600 1094 2646 serena
1130 2587 1276 2648 luce
1326 2588 1490 2649 haec
1540 2592 1745 2652 verba
1794 2593 2053 2653 audivi:
2105 2593 2442 2670 Sapientia
2491 2600 2560 2656 et
2590 2594 2923 2656 Discretio
2972 2591 3057 2654 ad
3093 2593 3379 2653 invicem
3428 2591 3577 2671 (sol.
3631 2589 3742 2669 85)

653 2690 985 2752 dixerunt:
1037 2694 1245 2765 Quam
1296 2696 1694 2772 adjutricem
1741 2700 1935 2760 nobis
1983 2702 2426 2776 quaeremus?
2472 2703 2552 2762 Et
2585 2701 2669 2763 ad
2722 2702 3005 2762 invicem
3051 2699 3181 2760 sibi
3233 2697 3745 2773 responderunt:

648 2793 1206 2871 Temperantiam.
1260 2800 1383 2860 Sed
1419 2808 1487 2862 et
1534 2802 1992 2865 Misericordia
2042 2805 2124 2865 de
2172 2811 2405 2866 nostro
2440 2806 2662 2866 officio
2714 2806 3000 2866 salutem
3050 2803 3317 2881 populis
3364 2801 3745 2862 annunciet.

646 2899 729 2959 Et
762 2901 859 2961 sic
897 2902 1228 2966 sederunt.
1267 2908 1448 2967 Tunc
1483 2907 1823 2984 Sapientia
1856 2910 2041 2971 dixit:
2072 2911 2239 2983 Quid
2271 2910 2619 2989 faciemus,
2650 2912 2830 2990 quod
2857 2911 3033 2972 bella
3066 2915 3133 2969 et
3168 2908 3343 2969 bella
3370 2908 3549 2967 inter
3574 2905 3746 2965 filios

647 3004 994 3069 hominum
1021 3012 1211 3072 sunt?
1241 3013 1320 3074 Et
1352 3013 1739 3077 Differentia
1775 3016 2152 3093 respondit:
2192 3016 2355 3079 Cum
2389 3017 2540 3078 Filii
2585 3017 2928 3078 hominum
2965 3016 3033 3077 in
3069 3014 3315 3093 plateis
3348 3013 3478 3074 sibi
3515 3026 3747 3073 occur-

649 3119 827 3189 runt,
866 3115 957 3175 ita
992 3118 1167 3193 quod
1203 3120 1602 3194 semetipsos
1638 3120 2011 3181 interficere
2048 3123 2304 3197 volunt,
2336 3124 2493 3183 tunc
2526 3123 2761 3182 oculos
2796 3138 3030 3182 eorum
3064 3135 3217 3180 cum
3254 3119 3398 3180 sole
3431 3119 3741 3190 obscura,

651 3227 720 3280 et
745 3236 867 3296 ego
894 3238 1045 3282 cum
1080 3225 1277 3300 nube;
1307 3228 1374 3287 et
1399 3227 1816 3286 disseramus
1849 3227 1951 3286 eis
1978 3227 2154 3303 quod
2181 3226 2359 3287 Deus
2394 3229 2461 3288 in
2494 3228 2818 3304 angelicis
2852 3223 3454 3287 consuetudinibus
3485 3238 3611 3282 eos
3644 3238 3746 3282 ae-

651 3324 972 3401 dificavit,
1001 3332 1069 3389 et
1093 3329 1331 3390 deinde
1358 3332 1744 3409 corporales
1778 3337 2026 3408 parteS.
2047 3332 2127 3392 Et
2153 3347 2274 3392 cur
2301 3332 2496 3393 modo
2524 3333 2784 3393 animas
2811 3349 2970 3393 suas
2999 3330 3351 3403 suffocent,
3379 3345 3538 3388 cum
3566 3332 3744 3389 tanta

654 3431 895 3490 merita
930 3431 1251 3494 habeant?
1297 3435 1378 3494 Et
1411 3442 1483 3495 tu
1517 3436 1600 3496 da
1637 3436 1770 3496 illis
1805 3442 2071 3497 scutum
2105 3437 2186 3496 de
2222 3438 2385 3512 sole,
2422 3443 2492 3498 et
2523 3454 2646 3514 ego
2685 3438 2987 3498 armillas
3025 3436 3303 3511 ferreae,
3342 3441 3545 3511 atque
3580 3435 3745 3494 alias

653 3540 1036 3595 armaturas
1084 3536 1165 3597 de
1224 3540 1397 3600 nube
1447 3540 1615 3600 tanti
1672 3541 2009 3616 ponderiS‚
2062 3542 2241 3618 quod
2289 3558 2362 3602 se
2411 3542 2700 3618 amplius
2736 3556 3003 3602 movere
3052 3557 3183 3601 non
3231 3540 3515 3617 possint.
3570 3539 3746 3598 Tunc

652 3637 862 3698 etiam
910 3639 1378 3717 Temperantia
1410 3644 1595 3704 dixit:
1645 3645 1725 3705 Et
1757 3661 1881 3720 ego
1932 3652 2074 3705 rete
2109 3662 2335 3707 coram
2385 3646 2497 3707 via
2528 3662 2765 3706 eorum
2812 3645 3205 3722 expandam,
3243 3651 3317 3706 ut
3365 3644 3425 3704 si
3463 3643 3746 3720 injustas

657 3743 939 3805 semitas
991 3747 1085 3806 ire
1120 3749 1475 3824 voluerint,
1528 3766 1648 3827 per
1683 3757 1821 3810 rete
1857 3751 2161 3827 impediti
2210 3768 2339 3812 non
2386 3752 2668 3828 possint.
2705 3751 2829 3811 Sed
2877 3749 3339 3811 Misericordia
3375 3747 3564 3809 dixit:
3613 3748 3745 3823 Ego

655 3851 1000 3924 annunti0‚
1052 3853 1228 3928 quod
1279 3853 1615 3931 Sapientia
1664 3855 1927 3915 coelum
1959 3862 2028 3916 et
2074 3859 2327 3915 terram
2377 3856 2444 3915 in
2496 3870 2736 3930 magna
2784 3853 3000 3930 gloria
3048 3852 3420 3926 constituit,
3456 3858 3526 3913 et
3574 3850 3744 3928 quod

655 3952 986 4016 Discretio
1038 3958 1119 4017 ad
1154 3959 1717 4035 pulchritudinem
1769 3960 2118 4020 oculorum
2152 3960 2375 4020 omnia
2425 3959 2507 4020 ad
2562 3958 2916 4019 videndum
2965 3962 3034 4017 et
3081 3958 3163 4017 ad
3212 3955 3745 4032 cognoscendum

660 4058 828 4119 bene
876 4059 1200 4138 distinxit,
1238 4066 1305 4123 et
1351 4064 1531 4140 quod
1564 4062 2035 4139 Temperantia
2082 4063 2306 4123 dulcia
2338 4066 2405 4123 et
2452 4078 2691 4136 aspera
2727 4062 2793 4120 in
2840 4061 3087 4121 bonurn
3135 4059 3357 4119 cibum
3393 4057 3743 4129 convertit,

663 4163 757 4224 ita
790 4165 967 4240 quod
1015 4172 1082 4226 et
1116 4168 1372 4227 comedi
1420 4174 1488 4227 et
1521 4169 1750 4244 glutiri
1787 4173 2092 4243 possunt.
2129 4166 2253 4226 Sed
2287 4173 2354 4226 et
2390 4165 2781 4226 versatilem
2825 4163 3123 4240 gladium
3157 4161 3394 4236 habe0,
3432 4178 3586 4221 cum
3620 4175 3744 4238 quo

661 4272 896 4333 aufero
931 4275 1153 4334 omnia
1188 4292 1450 4351 aspera,
1486 4293 1607 4353 per
1641 4292 1812 4354 quae
1847 4275 2154 4335 homines
2190 4275 2591 4348 lacerantur,
2629 4278 2696 4332 et
2730 4272 2952 4331 omnia
2979 4273 3330 4330 montuosa
3364 4284 3538 4345 quae
3575 4274 3748 4328 tran-

666 4376 802 4436 sire
835 4394 963 4438 non
1011 4384 1316 4455 possunt,
1352 4387 1420 4440 et
1469 4381 1632 4441 haec
1668 4382 1759 4441 ita
1807 4380 2111 4456 explan0‚
2148 4377 2325 4455 quod
2375 4385 2443 4439 et
2477 4377 2706 4454 pusilli
2755 4382 2822 4436 et
2856 4375 3112 4451 magni,
3154 4374 3361 4434 sortes
3394 4378 3462 4432 et
3494 4372 3745 4432 debiles

666 4479 814 4553 ipsa
847 4485 1258 4557 pertransire
1294 4489 1361 4544 et
1396 4484 1685 4544 tolerare
1720 4484 1966 4544 valent.

750 4585 971 4659 Nunc,
1022 4593 1191 4661 otu,
1242 4588 1526 4664 diligens
1575 4596 1642 4649 et
1690 4589 1980 4649 sollicite
2030 4593 2244 4663 pater,
2297 4592 2517 4646 certas
2568 4585 2866 4645 rationes
2915 4583 2996 4644 ad
3049 4589 3112 4642 te
3160 4581 3377 4641 dictas
3428 4580 3744 4654 intellige,

665 4696 868 4766 atque
917 4705 1179 4750 summa
1207 4691 1462 4767 judicia
1507 4696 1574 4753 et
1601 4693 1904 4768 justitias
1952 4691 2069 4751 Dei
2103 4691 2260 4751 filiis
2312 4691 2446 4750 tuis
2482 4706 2629 4749 cum
2669 4686 3135 4748 misericordia
3173 4691 3445 4745 strenue
3480 4682 3746 4744 ostende

663 4803 732 4858 et
766 4813 916 4858 cum
968 4814 1205 4875 magno
1243 4800 1514 4875 timore,
1567 4801 1725 4877 quia
1760 4817 1912 4860 cum
1962 4799 2091 4876 ipsi
2125 4799 2300 4859 bella
2353 4799 2681 4857 malorum
2716 4811 2994 4870 operum
3030 4793 3465 4868 incoeperint,
3503 4804 3572 4850 et
3604 4806 3744 4850 cum

665 4918 746 4961 ea
797 4903 860 4961 in
909 4904 1150 4977 plateis
1184 4904 1551 4965 voluntatis
1601 4921 1761 4964 suae
1809 4905 2130 4980 perficere
2178 4902 2543 4974 voluerint,
2595 4906 2753 4960 tunc
2801 4900 3036 4959 oculos
3087 4897 3475 4957 intentionis
3524 4910 3746 4953 eorum

667 5023 818 5068 cum
870 5010 1010 5070 sole
1040 5009 1346 5085 justitiae
1396 5011 1704 5084 obscura,
1740 5015 1806 5068 et
1854 5025 2005 5068 cum
2056 5009 2230 5068 nube
2278 5006 2723 5082 disciplinalis
2773 5004 3250 5080 correptioniS,
3304 5001 3463 5077 quia
3512 5000 3748 5073 spiritu

669 5118 992 5178 coelestes
1044 5123 1104 5179 et
1143 5137 1419 5195 corpore
1471 5119 1832 5178 secundum
1871 5117 2210 5176 Christum
2261 5121 2436 5188 sunt,
2475 5119 2533 5172 et
2592 5111 2891 5188 prohibe,
2927 5127 3008 5171 ne
3059 5110 3316 5171 animas
3352 5124 3509 5169 suas
3546 5106 3747 5165 extin-
