4036 6117
1344 485 1582 538 mai-:R
1636 490 1833 536 vrrAE
1889 486 2355 537 Mami-onum
3240 476 3325 533 55

312 613 664 675 constricta
695 611 947 688 jejunia
980 626 1133 670 cum
1165 610 1333 670 diris
1383 610 1780 671 verberibus
1814 625 1934 685 per
1983 610 2179 685 longa
2228 616 2531 686 tempora
2584 608 2851 683 habeat;
2896 614 2962 668 et
2995 610 3197 667 etiam
3237 609 3402 666 inte-

314 723 427 781 rim
459 717 681 778 cilicio
722 733 806 776 se
839 716 1166 791 affligens,
1206 730 1285 774 ac
1335 720 1623 774 stratum
1659 730 1857 773 suum
1889 715 2113 773 cinere
2153 714 2621 788 commiscenS,
2666 712 3007 772 consortia
3049 710 3394 771 hominum

311 825 531 900 fugiat,
570 834 654 880 ac
693 820 1069 881 solitariam
1101 818 1310 879 vitam
1347 818 1411 878 in
1445 818 1618 877 silva
1655 818 1923 877 interim
1959 817 2283 893 perficiat.

1724 1025 1972 1084 CXIIII.

1212 1235 1637 1295 Poenitentia
1682 1232 1980 1291 abortum
2027 1231 2479 1310 procurantis,

388 1447 538 1508 132.
588 1445 901 1506 Feminae
935 1449 1158 1503 autem
1193 1457 1364 1518 quae
1412 1446 1774 1516 conceptus
1811 1456 1994 1516 suoS‚
2031 1440 2344 1500 videlicet
2394 1436 2745 1500 materiam
2780 1440 3032 1516 figurae
3081 1437 3398 1518 hominis,

309 1554 367 1612 in
396 1550 784 1626 semetipsis
816 1546 1275 1624 oppresserint
1303 1539 1348 1623 ¹)
1384 1552 1453 1605 et
1482 1544 1983 1621 dissipaverint,
2022 1560 2262 1620 aspera
2291 1545 2543 1621 jeJunia
2576 1550 2643 1604 et
2677 1560 2918 1620 aspera
2951 1545 3234 1605 verbera
3271 1562 3394 1622 per

305 1672 524 1716 veram
556 1654 1037 1732 poenitentiam
1073 1652 1420 1727 recipiant,
1457 1655 1788 1725 quatenus
1823 1649 2087 1725 seipsas
2119 1648 2485 1725 praedictis
2517 1649 2751 1725 poenis
2783 1650 3092 1724 eripiant.

1755 1854 1934 1917 CXV.

874 2070 1302 2131 Paenitentia
1333 2069 1567 2126 matris
1600 2067 1679 2124 de
1715 2083 1780 2125 se
1815 2071 2052 2124 natum
2085 2067 2429 2142 infantum
2463 2066 2837 2125 occidentis.

388 2280 537 2340 133.
576 2278 741 2338 Illae
774 2291 1062 2353 quoque,
1098 2290 1270 2351 quae
1305 2272 1593 2332 infantes
1625 2272 1706 2331 de
1741 2286 1813 2332 se
1855 2277 2053 2332 natos
2086 2273 2286 2331 morti
2320 2272 2749 2348 subjecerint,
2779 2278 2846 2332 et
2882 2273 2973 2332 ita
3006 2274 3160 2349 plus
3194 2291 3397 2351 quam

308 2383 752 2445 bestialitater
782 2379 1231 2457 peccaverint,
1267 2384 1340 2437 ut
1372 2376 1865 2438 damnationem
1900 2376 2137 2437 mortis
2170 2366 2478 2452 evadant,
2517 2377 2868 2436 acerrimis
2893 2378 3170 2454 ‚jejuniis
3202 2387 3269 2440 et
3305 2382 3405 2441 di-

312 2488 397 2547 ris
426 2486 828 2545 verberibus
860 2499 939 2543 ac
972 2482 1335 2559 asperitate
1368 2482 1680 2556 vestium,
1721 2480 1785 2539 in
1819 2480 2204 2540 solitudinis
2239 2481 2572 2556 angustia,
2612 2497 2685 2541 se
2725 2483 3026 2558 puniant,
3063 2490 3403 2560 quatenus

314 2593 372 2650 in
402 2590 633 2651 futura
664 2589 806 2650 vita
839 2586 1208 2648 remedium
1241 2585 1637 2646 salvationis
1673 2584 2031 2644 inveniant.

1753 2776 1976 2852 cva'

923 3005 1042 3067 Sui
1090 3005 1331 3065 occisor
1379 3008 1588 3063 totum
1637 3018 1701 3060 se
1753 3003 1895 3061 sine
1949 3002 2389 3062 consolatione
2438 3006 2791 3081 extinquit.

398 3213 547 3274 134.
602 3212 730 3271 Sed
763 3213 877 3288 qui
927 3213 1223 3288 seipsum
1259 3211 1327 3270 in
1375 3217 1658 3271 mortem
1690 3210 2258 3286 praecipitaverit,
2313 3207 2702 3271 memoriam
2753 3213 3078 3275 bonorum
3128 3217 3259 3277 sibi
3297 3219 3411 3278 ab·

318 3318 577 3388 sti-axit,
613 3315 930 3391 quoniam
962 3315 1332 3374 consolatio
1358 3314 1804 3389 poenitentiae
1838 3314 2092 3372 exitum
2118 3315 2378 3372 animae
2413 3315 2627 3390 ipsius
2653 3332 2783 3374 non
2816 3321 3207 3392 praecessit.
3239 3321 3404 3382 Cum

317 3421 482 3477 enim
520 3418 655 3478 hoc
689 3417 955 3493 occidit,
992 3433 1144 3504 cum
1177 3433 1308 3495 quo
1344 3397 1637 3493 seipsum
1674 3431 1793 3492 per
1823 3417 2300 3491 poenitentiam
2334 3433 2623 3492 purgare
2669 3417 2921 3493 debuit,
2960 3436 3033 3479 se
3069 3428 3283 3484 totum
3324 3427 3414 3485 si-

322 3538 396 3579 ne
429 3520 897 3582 consolatione
932 3521 1228 3580 extinxit.
1922 3605 1929 3608 .
2024 3557 2031 3565 ·

1739 3624 1978 3685 CXVII.

1039 3832 1123 3892 In
1163 3833 1580 3910 poenitentia
1619 3832 2020 3910 possibilitas
2070 3834 2549 3894 consideranda
2595 3840 2712 3895 est.

410 4041 559 4103 135.
613 4039 689 4101 In
736 4039 917 4099 omni
958 4045 1182 4099 autem
1223 4038 1526 4114 judiciali
1575 4040 1980 4116 poenitentia
2029 4041 2449 4116 possibilitas
2498 4045 2564 4100 et
2613 4041 3040 4104 imbecillitas
3088 4049 3419 4110 naturalis

328 4144 726 4205 conditionis
760 4143 1050 4203 hominis
1082 4142 1566 4203 consideranda
1599 4150 1722 4204 est.
1758 4145 2005 4203 Beatus
2055 4159 2213 4220 ergo
2248 4145 2359 4204 ille
2408 4151 2535 4218 est,
2572 4147 2686 4221 qui
2736 4148 3213 4220 poenitentiam
3265 4168 3418 4228 pec·-

331 4258 629 4310 catorum
678 4263 956 4308 suorum
990 4263 1219 4307 secum
1264 4253 1511 4323 portat,
1549 4254 1616 4307 et
1663 4264 1811 4307 eam
1838 4248 2048 4323 jndici
2100 4250 2450 4325 utriusque
2490 4249 2671 4309 vitae
2721 4261 3202 4327 repraesentat.
3252 4258 3418 4319 Nam

272 4401 277 4406 .
335 4354 735 4428 poenitentia
767 4368 940 4428 quae
975 4351 1042 4411 in
1072 4350 1304 4411 eadem
1331 4352 1468 4411 vita
1498 4367 1614 4427 per
1638 4353 2109 4413 contritionem
2144 4352 2516 4427 inchoatur,
2548 4355 2628 4413 ad
2665 4362 3005 4417 aeternam
3029 4360 3239 4420 vitam
3266 4377 3418 4422 cum

334 4459 538 4532 gloria
574 4461 983 4518 reservatur.

1742 4561 2011 4622 CXVIII.

986 4767 1162 4832 Deus
1211 4777 1464 4832 creator
1508 4771 1787 4848 qloriam
1835 4789 2024 4831 suam
2073 4773 2246 4832 solus
2293 4771 2525 4835 habere
2573 4774 2807 4834 noluit.

426 4970 574 5040 136.
624 4979 802 5040 Deus
834 4978 1010 5038 enim
1042 4979 1263 5039 omnia
1296 4981 1572 5052 creavit,
1612 4988 1679 5040 et
1712 4987 1938 5041 creata
1972 4982 2362 5054 vivificavit,
2401 4988 2467 5040 et
2502 4982 2676 5040 sicut
2711 4988 2862 5042 ante
2900 4983 3167 5041 saecula
3201 4983 3424 5058 dispo-

415 5142 459 5209 ¹)
484 5153 859 5216 oppresserunt
882 5153 931 5201 et
956 5147 1356 5218 dissipaverunt
1382 5144 1447 5201 A.
