4036 6117
1252 517 1483 564 Lmen
1531 519 1729 564 vrrae
1779 519 2255 565 Mam-ronuta.
2308 520 2365 563 P.
2418 518 2503 563 v1.
3223 505 3347 565 241

324 634 732 695 aeternitate
781 634 1170 695 coelestium
1207 637 1362 711 sint,
1389 630 1434 715 ¹)
1488 637 1602 696 sed
1637 636 1812 712 quod
1861 638 2060 696 electi
2095 637 2289 696 bonis
2339 642 2406 695 et
2433 637 2639 711 justis
2673 636 2989 712 operibus
3026 638 3423 713 spiritaliter

321 746 777 813 exornantur,
828 740 1012 799 velut
1064 738 1258 799 homo
1308 742 1628 815 pretiosis
1677 725 2089 801 ornamentis
2147 741 2588 816 corporaliter
2636 739 3010 800 decoratur.
3061 742 3195 817 Ego
3244 744 3422 802 enim

326 845 703 907 fabricator
734 845 985 919 mundi,
1022 846 1207 921 operi
1246 861 1414 919 me0‚
1454 847 1715 905 scilicet
1750 846 2027 919 homini,
2065 862 2217 905 cum
2253 845 2536 904 scientia
2570 861 2772 921 quam
2803 846 2929 919 ipsi
2966 845 3236 919 immisi,
3269 864 3425 923 ope-

323 965 404 1007 ra
458 950 723 1025 operari
757 948 932 1022 dedi,
970 951 1300 1024 quatenus
1333 965 1453 1024 per
1502 955 1755 1008 terram
1803 955 1869 1007 et
1918 964 2185 1025 aquam,
2238 964 2358 1025 per
2393 965 2612 1007 aerem
2664 954 2732 1008 et
2769 949 3010 1023 ignem,
3062 950 3141 1009 de
3177 952 3425 1026 quibus

325 1052 481 1125 ipse
516 1057 643 1126 est,
681 1067 885 1128 opera
920 1069 1041 1111 sua
1075 1053 1447 1128 perficeret.
1498 1053 1680 1112 Unde
1716 1069 1864 1111 cum
1918 1053 2088 1112 bona
2125 1059 2466 1127 operatur,
2505 1059 2893 1112 ornamenta
2929 1053 3009 1112 de
3044 1054 3236 1113 bonis
3271 1072 3428 1130 ope-

323 1154 527 1214 ribus
576 1156 717 1214 suis
767 1155 833 1214 in
880 1156 1191 1215 claritate
1240 1155 1682 1215 indeficientis
1718 1156 1888 1215 lucis
1923 1155 2054 1215 sibi
2090 1157 2521 1215 aeternaliter
2554 1162 3061 1233 praeparantur;
3114 1159 3429 1233 quemad-

324 1258 604 1317 modum
660 1258 1153 1319 firmamentum
1187 1276 1340 1318 cum
1375 1259 1736 1333 sideritim,
1775 1265 1841 1319 et
1875 1265 2058 1319 terra
2093 1276 2242 1319 cum
2295 1261 2572 1320 floribus
2610 1262 3074 1336 temporaliter
3107 1277 3431 1322 exornan-

326 1377 466 1421 tur.
505 1361 668 1421 Nam
717 1378 868 1422 cum
918 1361 1116 1423 homo
1163 1364 1500 1423 interdum
1554 1363 1841 1422 terrenis
1891 1366 2305 1424 ornamentis
2355 1365 2734 1439 decoratur,
2772 1366 2994 1423 anima
3028 1366 3232 1425 etiam
3280 1367 3427 1441 ejus

325 1464 697 1540 aliquando
749 1465 1149 1541 ingemiscit,
1201 1466 1562 1526 recordans
1596 1466 1929 1542 quomodo
1976 1482 2057 1525 ex
2105 1468 2424 1543 operibus
2475 1468 2616 1527 suis
2665 1467 2965 1526 ornanda
3016 1468 3123 1527 sit.
3184 1468 3306 1528 Sed
3361 1477 3430 1529 et

325 1569 512 1628 sicut
559 1568 755 1628 homo
792 1585 911 1645 per
944 1570 1164 1644 ignem
1197 1575 1264 1628 et
1312 1586 1565 1640 aerem,
1603 1586 1682 1629 ac
1729 1586 1848 1645 per
1892 1586 2136 1646 aquam
2187 1575 2254 1631 et
2286 1574 2535 1631 terram
2570 1576 2961 1630 ornamenta
2996 1572 3122 1631 sibi
3160 1573 3427 1647 conflat,

321 1678 398 1732 et
436 1674 611 1732 sicut
645 1674 1144 1748 vestimentum,
1182 1676 1256 1732 ut
1288 1674 1416 1733 sibi
1454 1675 1693 1751 placet,
1760 1676 2128 1734 secundum
2177 1691 2425 1749 corpus
2478 1678 2671 1734 s‘uum
2723 1679 2939 1749 parat,
2996 1674 3088 1733 ita
3138 1681 3204 1733 et
3252 1676 3429 1734 Deus

324 1784 726 1837 ornamenta
776 1777 1143 1837 secundum
1191 1794 1392 1851 opera
1444 1785 1830 1838 sanctorum
1868 1779 2034 1854 ipsis
2082 1784 2477 1854 praeparat,
2532 1795 2703 1854 quae
2738 1796 2774 1837 a
2824 1778 3008 1837 nulla
3058 1779 3188 1839 alia
3226 1786 3434 1838 mate-

325 1882 434 1941 ria
469 1882 672 1950 tollit,
708 1898 909 1957 quam
957 1882 1132 1958 quod
1168 1898 1246 1940 ea
1295 1898 1413 1956 per
1461 1883 1896 1958 semetipsum
1949 1882 2146 1956 facit,
2200 1884 2376 1942 sicut
2423 1884 2630 1943 etiam
2680 1889 2745 1941 et
2795 1900 3025 1943 omnes
3075 1892 3430 1944 creaturas

323 1999 453 2057 per
502 1986 939 2060 semetipsum
990 1986 1283 2059 creavit,
1336 1986 1895 2061 quemadmodum
1943 1991 2010 2044 et
2061 1986 2258 2045 homo
2308 2002 2513 2060 opera
2562 2002 2684 2044 sua
2743 2002 2864 2061 per
2912 1987 3164 2045 nullam
3225 1989 3427 2048 aliam

327 2095 739 2163 creaturam,
775 2104 978 2165 quam
1012 2105 1132 2166 per
1167 2090 1632 2165 semetipsum,
1669 2090 1878 2150 dictat
1911 2096 1977 2148 et
2012 2094 2348 2163 operatur.

1284 2509 1377 2567 De
1426 2511 1627 2567 variis
1676 2510 1747 2566 in
1797 2508 1971 2567 coelo
2020 2506 2489 2567 mansionibuS.

427 2713 533 2773 60.
585 2715 656 2774 In
690 2716 966 2776 coelesti
1018 2721 1239 2775 autem
1278 2715 1691 2777 habitatione
1740 2716 2071 2791 plurimae
2104 2721 2172 2775 et
2204 2717 2534 2792 plurimae
2571 2715 2953 2774 mansiones
2988 2714 3435 2790 plurimarum

330 2821 404 2878 et
436 2819 687 2879 homini
716 2820 1308 2880 inaestimabilium
1359 2820 1780 2895 deliciarum,
1819 2821 2188 2880 secundum
2223 2820 2647 2896 operationes
2684 2819 3055 2888 hominum,
3107 2835 3277 2893 quas
3312 2835 3432 2893 per

333 2922 632 2982 divinam
682 2924 968 2997 gratiam
1019 2929 1404 2999 operantur,
1457 2931 1746 2999 manent,
1815 2916 1984 3000 quae
2052 2924 2379 2984 humanae
2445 2922 2798 2997 fragilitati
2862 2922 3310 2982 ostendendae
3368 2928 3437 2980 et

335 3028 649 3089 sciendae
697 3045 825 3089 non
873 3034 1052 3104 sunt,
1107 3029 1422 3106 quoniam
1473 3045 1676 3104 supra
1739 3029 2149 3089 intellectum
2207 3028 2496 3090 hominis
2547 3033 2721 3088 sunt.
2770 3026 2867 3086 lbi
2927 3026 3104 3086 enim
3160 3031 3227 3085 et
3280 3026 3436 3086 illae

337 3135 719 3194 mansiones
768 3138 944 3208 sunt,
983 3151 1155 3210 quae
1206 3134 1567 3194 humanum
1619 3150 1734 3194 cor
1781 3134 2198 3208 excedenteS,
2236 3133 2401 3193 nulli
2444 3139 2724 3208 gravato
2758 3129 2809 3210 ²)
2848 3148 3126 3206 corpore
3161 3131 3437 3191 manife-

340 3243 627 3313 stantur,
667 3240 844 3299 sicut
875 3246 941 3298 et
973 3255 1094 3298 nec
1130 3241 1338 3314 ipsae,
1378 3254 1499 3297 nec
1535 3238 1688 3297 illae
1716 3254 1886 3314 quae
1924 3238 1988 3296 in
2026 3238 2191 3312 ipsis
2228 3244 2405 3311 sunt,
2444 3238 2578 3296 ulla
2614 3241 2873 3296 secreta
2907 3235 3279 3294 detectione
3314 3235 3436 3295 tibi

338 3343 448 3401 vel
496 3342 574 3401 ad
628 3341 962 3401 modicum
1013 3343 1424 3416 aperiuntur.
1479 3342 1648 3402 Caro
1698 3357 1984 3418 namque
2035 3346 2310 3416 peccato
2359 3340 2705 3416 depressa,
2742 3339 3136 3398 coelestium
3174 3345 3437 3402 secreta

347 3463 479 3506 non
516 3445 784 3519 suffert,
835 3447 965 3506 nisi
1001 3452 1324 3522 quantum
1373 3446 1590 3521 gratia
1625 3445 1890 3505 divinae
1944 3445 2357 3505 fortitudinis
2392 3444 2769 3504 roboratur.
2821 3442 3224 3502 Ornamenta
3257 3444 3436 3502 enim

341 3558 409 3612 et
443 3553 684 3628 gaudia
719 3569 1162 3628 supernorum
1199 3555 1678 3614 miraculorum
1713 3554 1936 3613 nullus
1971 3553 2339 3627 hominum,
2392 3552 2660 3612 mortali
2696 3566 2894 3610 carne
2934 3556 3281 3625 gravatuS,
3319 3567 3436 3609 un·-

340 3674 540 3734 quam
591 3657 886 3732 perfecte
920 3658 1110 3732 vidit,
1149 3674 1270 3717 nec
1308 3658 1371 3717 in
1421 3658 1703 3719 scientia
1741 3659 2123 3718 intellectus
2162 3658 2265 3717 sui
2302 3657 2608 3732 accipere
2658 3655 2896 3730 potuit,
2932 3655 3062 3714 nisi
3113 3661 3437 3731 quantum

339 3764 652 3821 voluntas
700 3761 817 3820 Dei
866 3762 1262 3837 quibusdam
1319 3763 1572 3822 sanctis
1623 3779 1700 3821 ac
1750 3762 2151 3838 quibusdam
2201 3762 2548 3838 prophetis
2601 3777 2720 3836 per
2751 3760 3080 3819 visionem
3118 3759 3433 3833 ostendit,

343 3869 457 3942 qui
506 3866 759 3942 aliquid
812 3866 960 3924 inde
1009 3866 1476 3942 loquebantur,
1530 3867 2091 3941 quemadmodum
2139 3865 2352 3925 lsaias
2399 3865 2480 3924 de
2516 3869 2755 3923 ornatu
2804 3864 3001 3937 primi
3068 3862 3283 3936 angeli
3342 3863 3440 3921 di-

342 3971 454 4042 cit,
505 3976 571 4029 et
619 3969 1178 4046 quemadmodum
1224 3969 1510 4029 Joannes
1562 3972 1626 4029 in
1661 3970 2064 4047 Apocalypsi
2114 3985 2235 4029 sua
2272 3969 2351 4028 de
2385 3973 2623 4029 ornatu
2658 3966 2976 4026 coelestis
3014 3965 3430 4024 Hierusalem

343 4073 779 4134 demonstrat.

1743 4285 2013 4346 XXXIX.

1086 4493 1267 4566 Quod
1313 4494 1567 4552 malum
1615 4493 1947 4551 mendacii
1998 4494 2141 4550 sine
2197 4491 2327 4550 Deo
2377 4491 2694 4559 surremit.

438 4701 542 4762 61.
593 4701 771 4761 Deus
817 4718 1106 4777 namque
1154 4703 1374 4762 omnia
1424 4701 1597 4760 bona
1645 4701 1714 4760 et
1755 4699 1939 4776 justa
1989 4715 2066 4758 ac
2117 4700 2307 4758 utilia
2358 4714 2478 4774 per
2529 4697 2812 4756 Verbum
2850 4711 3044 4754 suum
3083 4694 3268 4766 secit;
3317 4691 3434 4751 sed

347 4807 587 4864 malum
643 4803 992 4877 mendacii,
1045 4821 1163 4879 per
1210 4805 1384 4879 quod
1437 4804 1652 4863 omnis
1705 4803 2034 4878 injustitia
2068 4808 2133 4860 et
2167 4818 2361 4860 omne
2404 4806 2752 4876 peccatum
2787 4804 3093 4857 exortum
3125 4801 3251 4869 est,
3290 4796 3432 4853 sine

347 4909 487 4983 ipso
524 4905 852 4978 surrexit3
907 4905 1070 4965 haec
1103 4906 1307 4965 Deum
1345 4907 1526 4965 nullo
1564 4907 1758 4965 modo
1795 4910 2107 4980 tangunt,
2146 4903 2261 4963 sed
2298 4904 2379 4962 ab
2414 4919 2491 4961 eo
2528 4903 2746 4961 aliena
2783 4906 2959 4972 sunt,
2997 4903 3061 4959 et
3098 4900 3244 4957 ideo
3280 4912 3431 4954 cum

345 5014 724 5073 dominante
754 5011 1005 5086 judicio
1042 5012 1155 5071 illa
1189 5013 1320 5072 sibi
1356 5012 1750 5072 rebellantia
1781 5011 1957 5071 Deus
1992 5009 2333 5085 dijudicat.

418 5165 459 5226 ¹)
486 5170 610 5218 sunt
635 5162 730 5223 W,
758 5193 825 5203 —
851 5164 896 5224 2)
922 5162 1077 5216 nullo
1100 5169 1330 5233 yravato
1356 5161 1424 5217 Α.

546 5273 892 5329 ANALECT.
946 5271 1014 5328 T.
1069 5270 1227 5327 Vlll.
1282 5269 1366 5327 16
