4036 6117
635 490 768 552 3⁶26
1787 507 1840 553 s.
1891 505 2436 553 mnmchRoxs

567 627 1080 687 constrictiones
1129 633 1196 686 et
1227 628 1566 703 appetitus
1609 629 2064 704 spiritualium
2097 629 2608 704 desideriorum,
2645 631 2806 708 quid
2839 637 2991 691 sunt
3031 634 3208 692 inter
3244 628 3494 691 tantos?
3527 630 3662 689 sci-

563 728 722 789 licet
770 730 942 790 inter
987 735 1211 790 tantas
1246 730 1556 806 virtuteS,
1608 734 1766 808 quia
1799 733 1994 792 homo
2048 732 2159 791 ille
2199 739 2333 791 tam
2385 732 2555 792 forte
2588 740 2654 793 et
2704 740 2839 793 tam
2876 750 3198 811 praeceps
3242 733 3651 795 desiderium

565 832 769 895 habet
818 835 899 894 ad
929 834 1160 911 Deum,
1213 836 1391 912 quod
1425 839 1628 896 etiam
1680 839 1789 897 vix
1824 838 1890 896 in
1940 837 2319 897 humilitate
2354 838 2484 897 ista
2534 841 3041 917 constringitur,
3090 847 3161 901 ut
3209 857 3281 900 se
3317 840 3653 900 hominem

566 955 719 1000 esse
751 947 819 1001 et
853 943 1140 1002 similem
1176 944 1556 1004 hominibus
1591 949 1972 1020 cognoscat.
3042 952 3045 955 ’

663 1051 848 1111 Dixit
899 1071 1048 1130 erqo
1080 1054 1446 1114 virtutibus
1495 1053 1684 1113 Jesus
1718 1054 2026 1113 Salvator
2061 1054 2127 1113 in
2169 1055 2617 1114 admonitione
2652 1056 2940 1131 Spiritus
2975 1056 3217 1117 Sancti:
3255 1056 3477 1117 Facite
3512 1068 3658 1114 cor-

575 1158 876 1235 ripiendo
924 1163 990 1220 et
1037 1160 1534 1236 comprimendo
1584 1167 1814 1221 vestra
1863 1161 2343 1222 constrictione
2390 1166 2710 1239 homines,
2764 1163 2828 1222 id
2876 1168 2981 1223 est
3028 1180 3145 1224 eos
3194 1164 3310 1239 qui
3351 1162 3654 1223 homines

573 1262 750 1335 sunt,
787 1259 905 1320 sed
956 1264 1176 1322 tamen
1209 1279 1414 1339 supra
1462 1262 1770 1323 homines
1800 1262 2129 1322 virtutum
2179 1279 2467 1324 ascensu
2500 1264 2645 1324 sine
2693 1282 3007 1326 mensura
3040 1265 3469 1326 discretionis
3503 1280 3657 1325 esse

571 1365 827 1439 volunt,
886 1366 1314 1442 discumbere,
1374 1369 1633 1428 scilicet
1688 1367 2164 1428 discretionem
2212 1384 2362 1427 cum
2414 1368 2790 1430 humilitate
2840 1376 3087 1445 tenere,
3140 1371 3232 1431 ita
3272 1385 3359 1430 ne
3390 1369 3658 1430 modum

574 1483 772 1527 suum
805 1471 1221 1546 excedentes,
1261 1472 1324 1530 in
1359 1472 1657 1532 deterius
1690 1472 1952 1532 cadant.

666 1574 823 1634 Erat
873 1581 1095 1635 autem
1140 1582 1374 1659 fenum
1421 1578 1734 1652 multum,
1772 1579 2033 1638 scilicet
2080 1578 2409 1638 humanae
2462 1580 2861 1640 tentationes
2910 1582 2975 1642 in
3017 1582 3558 1658 praesumptione
3591 1587 3658 1640 et

574 1676 646 1739 in
680 1677 1012 1756 irrisione,
1064 1685 1135 1741 in
1173 1683 1306 1741 loco
1353 1681 1460 1740 ubi
1495 1682 1825 1742 debebant
1860 1681 2038 1741 scire
2070 1688 2137 1742 et
2173 1682 2545 1758 intelligere
2581 1700 2651 1744 se
2690 1684 2965 1760 fragiles
3000 1686 3304 1747 homines
3336 1702 3507 1747 esse.
3546 1688 3661 1748 Di-

577 1782 976 1844 scubuerunt
1027 1804 1198 1863 erqo,
1249 1786 1598 1845 constricti
1647 1790 1713 1846 et
1745 1787 2115 1862 compressi
2148 1786 2215 1845 in
2264 1786 2643 1846 humilitate
2678 1787 2925 1848 divinis
2959 1789 3244 1865 flagellis
3275 1794 3342 1849 et
3375 1791 3662 1865 castiga-

578 1893 899 1967 tionibus,
930 1896 1056 1953 viri
1085 1894 1150 1953 in
1176 1894 1464 1955 terrenis
1498 1910 1576 1953 ac
1611 1894 1676 1952 in
1709 1893 2116 1953 coelestibus
2150 1893 2443 1968 probati,
2471 1912 2749 1953 numero
2784 1895 3217 1956 beatitudinis
3248 1898 3438 1973 quasi
3468 1900 3663 1974 quin-

575 2018 700 2079 que
734 2002 973 2076 miliia,
1027 2002 1090 2061 id
1124 2008 1229 2061 est
1262 2002 1555 2077 quinque
1589 2001 1900 2061 sensibus
1950 2001 2091 2060 suis
2126 2000 2602 2061 abundantiam
2651 2003 2965 2062 coelestis
3015 2002 3294 2061 militiae
3330 2006 3655 2073 tenenteS,

577 2108 646 2163 et
680 2104 844 2163 bene
878 2105 1232 2182 compositi
1268 2106 1331 2164 in
1366 2104 1755 2164 virtutibus,

666 2216 931 2293 Accepit
982 2234 1131 2292 erqo
1172 2234 1381 2293 panes
1430 2214 1644 2288 JesuS,
1699 2214 1763 2272 id
1811 2220 1913 2274 est
1962 2215 2261 2289 suscepit
2303 2214 2818 2274 constrictiones
2853 2214 3142 2275 hominis
3179 2215 3382 2289 illiuS,
3418 2214 3662 2289 quibus

577 2337 734 2383 eum
782 2321 1184 2394 humiliavit,
1220 2335 1301 2378 ne
1350 2336 1422 2378 se
1459 2320 1820 2394 incongrue
1859 2318 2223 2388 exaltaret,
2276 2326 2333 2377 et
2373 2338 2523 2379 cum
2568 2324 2818 2396 qratias
2859 2325 3115 2399 egisset,
3163 2321 3477 2381 videlicet
3508 2336 3661 2380 cum

578 2426 868 2503 gratiam
915 2442 1108 2485 suam
1138 2424 1224 2485 ad
1272 2424 1435 2484 haec
1470 2424 1899 2498 extendisset,
1937 2424 2269 2485 distribuit
2321 2426 2904 2499 discumbentibus,
2939 2427 3007 2486 id
3040 2430 3145 2487 est
3176 2426 3408 2486 divisit
3442 2426 3508 2484 in
3540 2425 3663 2486 hu-

583 2530 868 2591 militate
901 2532 967 2590 et
998 2529 1400 2589 discretione
1434 2529 1569 2589 illis
1605 2528 1720 2605 qui
1752 2534 2007 2589 secrete
2043 2531 2110 2589 et
2140 2529 2306 2590 bene
2341 2532 2901 2607 constrinxerant,
2938 2546 3018 2591 ac
3051 2529 3491 2607 sibimetipsis
3528 2545 3665 2589 mo-

581 2636 741 2697 durn
791 2636 1294 2710 temperamenti
1331 2635 1803 2710 imposuerant.
1857 2634 2186 2694 Similiter
2218 2641 2277 2693 et
2328 2655 2412 2693 ea:
2441 2636 2758 2712 piscibuS,
2811 2636 3071 2696 scilicet
3105 2637 3523 2712 spiritalibus
3554 2635 3666 2695 de-

583 2742 852 2804 sideriis
885 2744 954 2803 et
985 2743 1360 2818 perspicuis
1393 2741 2067 2817 considerationibuS,
2107 2742 2173 2801 in
2205 2742 2449 2817 quibus
2484 2743 2788 2802 homines
2824 2744 3164 2804 moderate
3196 2750 3263 2802 et
3298 2749 3671 2817 temperan-

582 2855 688 2910 ter
741 2865 820 2910 ea
867 2849 1316 2924 considerant,
1367 2864 1539 2925 quae
1595 2847 1775 2907 circa
1821 2863 1939 2907 eos
1989 2853 2166 2922 sunt,
2204 2857 2528 2925 quantum
2575 2851 2895 2925 volebant,
2940 2850 3254 2911 videlicet
3303 2847 3669 2909 secundum

586 2973 968 3017 mensuram
1006 2957 1187 3016 illam
1222 2972 1423 3033 quam
1455 2956 1596 3032 pati
1629 2961 1932 3032 possunt.

684 3062 762 3124 Ut
799 3070 1024 3122 autem
1055 3063 1314 3141 impleti
1342 3069 1520 3136 sunt,
1547 3061 1950 3122 discretione
1982 3068 2049 3122 et
2085 3069 2269 3123 recta
2304 3080 2616 3124 mensura
2650 3063 2815 3123 bene
2851 3063 3232 3139 compositi,
3268 3063 3438 3122 discit
3473 3063 3669 3122 disci-

575 3171 761 3249 pulis
795 3170 954 3242 suiS,
992 3166 1168 3244 quod
1208 3171 1313 3225 est
1347 3166 1736 3237 virtutibuS‚
1788 3169 2104 3243 quoniam
2151 3185 2302 3229 eum
2353 3169 2599 3243 ubique
2649 3168 3162 3242 amplectuntur:
3218 3167 3546 3242 Colliqite,
3599 3165 3666 3224 id

582 3281 725 3350 est,
777 3281 1002 3337 notate
1056 3280 1123 3333 et
1171 3272 1509 3332 recondite
1556 3291 1722 3350 quae
1772 3281 2278 3350 superaverunt,
2330 3274 2592 3332 scilicet
2640 3287 2810 3347 quae
2860 3272 3129 3331 residua
3180 3269 3448 3330 fuerunt
3494 3270 3667 3330 bona

582 3400 808 3460 opera,
848 3385 940 3444 ita
988 3381 1162 3457 quod
1207 3380 1401 3456 quasi
1453 3379 1903 3454 importabilia
1951 3382 2350 3440 videbantur
2398 3377 2803 3450 hominibuS,
2839 3383 2907 3436 et
2939 3378 3139 3436 etiarn
3175 3376 3431 3452 majora
3464 3390 3663 3451 quam

582 3494 897 3566 putarent
946 3503 1018 3546 se
1051 3486 1190 3562 pati
1223 3501 1441 3561 posse,
1478 3488 1875 3563 fragmenta,
1927 3485 2240 3544 videlicet
2289 3482 2641 3560 passiones
2690 3484 2757 3540 et
2788 3481 3303 3539 constrictiones
3354 3482 3488 3538 tam
3526 3479 3663 3537 ani-

584 3614 734 3658 mae
782 3611 982 3673 quam
1023 3594 1350 3668 corporiS,
1402 3593 1647 3668 quibus
1698 3608 1770 3650 se
1818 3592 2102 3649 virtuosi
2140 3590 2440 3649 homines
2491 3587 2573 3647 ad
2622 3588 2908 3646 virtutes
2958 3602 3267 3646 coercere
3316 3585 3669 3646 contende-

584 3705 763 3774 runt,
793 3706 859 3759 et
885 3699 994 3758 vix
1025 3713 1140 3757 eas
1165 3697 1485 3772 perficere
1520 3701 1900 3771 potuerunt,
1938 3715 2021 3753 ne
2052 3701 2357 3772 percant,
2396 3693 2460 3751 in
2494 3692 2689 3752 laude
2734 3692 3016 3766 scilicet,
3053 3707 3134 3751 ne
3169 3692 3363 3751 laude
3396 3692 3669 3751 careant

587 3821 817 3866 coram
849 3805 980 3864 Deo
1015 3811 1083 3864 et
1118 3803 1523 3876 hominibu5‚

684 3914 1097 3990 Colleqemmt
1133 3928 1304 3988 erqo,
1344 3909 1406 3968 id
1441 3915 1546 3969 est
1579 3909 1899 3968 notabant
1925 3914 1989 3966 et
2027 3907 2462 3967 reservabant
2486 3906 3001 3966 constrictiones
3037 3906 3227 3978 istaS,
3264 3911 3322 3963 et
3364 3903 3673 3979 impleve-

586 4026 748 4081 runt
798 4019 1143 4080 duodecim
1192 4020 1495 4094 cophinos
1543 4017 2055 4093 faymentorum,
2092 4014 2406 4073 videlicet
2452 4012 2877 4088 perfecerunt
2930 4014 2997 4071 et
3052 4011 3134 4071 ad
3192 4008 3672 4086 plenitudinem

589 4129 1161 4188 sacramentorum
1210 4124 1662 4201 perduxerunt
1696 4123 1926 4182 decem
1961 4123 2236 4195 talenta,
2273 4125 2339 4179 et
2371 4120 2501 4179 duo
2546 4121 2610 4177 in
2646 4118 2955 4178 fidelibus
2989 4118 3204 4177 servis
3240 4118 3485 4192 quibus
3517 4115 3673 4175 data

589 4237 747 4292 sunt
794 4234 1150 4306 praecepta
1181 4229 1375 4303 Legis
1412 4233 1479 4287 et
1509 4227 1848 4303 Evangelii
1884 4226 2270 4302 adimplere,
2307 4242 2476 4300 quae
2526 4225 2657 4284 sibi
2692 4240 2809 4298 per
2858 4223 3291 4299 implexiones
3325 4220 3676 4296 mysterio-

591 4350 741 4395 rum
775 4335 1155 4408 cohaerent,
1194 4351 1345 4394 cum
1383 4335 1446 4392 in
1483 4333 1877 4408 fragmentis
1911 4333 2299 4407 passionum
2333 4337 2400 4390 et
2432 4330 2987 4389 constrictionum
3023 4345 3095 4387 se
3129 4327 3359 4386 fideles
3396 4327 3491 4386 ita
3522 4342 3675 4386 con-

591 4437 953 4512 stringunt,
989 4440 1060 4497 ut
1092 4437 1255 4496 nihil
1306 4437 1389 4497 ab
1423 4438 1522 4496 eis
1555 4437 1958 4511 negligatur,
1995 4455 2080 4494 ea:
2112 4437 2405 4511 quinque
2438 4432 2718 4509 panibus
2753 4432 3156 4500 hordeaceiS‚
3194 4446 3344 4489 cum
3379 4430 3675 4505 quinque

593 4548 907 4607 sensibus
941 4548 1084 4608 suis
1119 4547 1630 4607 constrictiones
1684 4545 2090 4605 fortissimae
2139 4541 2592 4616 depressionis
2651 4541 2778 4600 sibi
2812 4540 3044 4601 fideles
3090 4542 3458 4617 imponunt,
3508 4559 3675 4618 quae

592 4655 1070 4731 superfuerunt
1108 4654 1177 4712 in
1223 4651 1629 4712 abundantia
1677 4647 2200 4720 constrictioniS,
2252 4649 2351 4706 his
2400 4648 2513 4722 qui
2561 4647 3157 4722 manducaverant,
3202 4646 3515 4706 videlicet
3563 4644 3679 4720 qui

594 4776 840 4834 corpus
890 4775 1084 4818 suum
1140 4760 1206 4818 in
1256 4759 1650 4817 servitutem
1711 4757 2130 4831 redegerunt,
2182 4761 2249 4813 et
2298 4769 2565 4812 carnem
2615 4770 2803 4812 suam
2862 4770 3010 4813 cum
3049 4754 3235 4814 vitiis
3266 4757 3333 4815 et
3364 4752 3676 4828 concupi-

598 4868 878 4929 scentiis
927 4867 1418 4940 crucifixerunt,
1455 4881 1606 4924 cum
1643 4865 2046 4924 intrinsecus
2084 4864 2147 4921 in
2191 4863 2504 4923 cordibus
2540 4864 2680 4922 suis
2730 4864 2977 4922 multas
3012 4866 3360 4940 passiones
3394 4866 3684 4924 sustine-

605 4980 771 5037 rent.

693 5084 803 5143 mi
839 5103 986 5158 eive
1017 5086 1333 5148 lemni-nes,
1387 5081 1500 5155 qui
1559 5080 1918 5140 humanum
1979 5080 2388 5138 intellectum
2439 5077 2854 5150 dimiserant,
2907 5085 2973 5138 et
3023 5079 3103 5139 ad
3160 5080 3454 5139 divinum
3507 5097 3579 5138 se
3619 5080 3682 5137 in
