4036 6117
773 481 920 541 484.
1954 501 2005 545 s.
2060 497 2600 548 uinnsscAnms

2218 712 2297 772 ΙΙ.

1924 903 2173 980 Incipit
2227 905 2568 980 Proloqus.
2667 940 2679 948 ·

787 1091 880 1150 De
916 1091 1329 1151 Antichristo
1366 1093 1618 1152 nostris
1656 1094 2069 1169 temporibus
2104 1096 2357 1155 diversi
2392 1097 2660 1156 diversa
2690 1102 3166 1171 proponenteS,
3200 1096 3452 1156 frivola
3486 1095 3770 1173 quaedam

703 1215 835 1258 non
869 1214 988 1274 per
1032 1197 1148 1257 Dei
1185 1198 1528 1274 Spiritum,
1566 1198 1684 1258 sed
1718 1199 1800 1257 de
1834 1216 1957 1259 suo
2007 1202 2205 1260 corde
2244 1202 2748 1278 prophetarunt:
2786 1204 2941 1262 aliis
2990 1202 3495 1275 affirmantibus
3544 1220 3682 1263 eum
3708 1203 3770 1263 de

703 1303 1004 1376 proximo
1041 1303 1479 1377 nasciturum,
1531 1303 1685 1363 aliis
1714 1302 1852 1378 jam
1888 1312 2305 1381 conceptum,
2346 1307 2682 1366 nonnullis
2718 1323 2879 1367 vero
2911 1306 3291 1367 dicentibus
3325 1307 3633 1366 eumdem
3660 1307 3770 1381 jam

702 1420 856 1464 esse
914 1410 1165 1466 natum.
1226 1407 1499 1482 Audivi,
1562 1407 1800 1482 fateor,
1861 1426 2062 1483 quam
2098 1411 2325 1484 plures
2376 1411 2481 1470 his
2537 1412 2720 1470 curis
2771 1418 3155 1488 occupatos
3206 1411 3394 1472 Infra
3447 1413 3771 1472 triennium

701 1511 880 1569 enim
912 1510 1184 1586 quidam
1219 1511 1428 1570 abbas
1464 1512 1727 1570 nomine
1758 1511 2050 1585 JoanniS,
2093 1513 2289 1574 homo
2329 1515 2687 1590 religiosus
2721 1522 2788 1574 et
2826 1517 2890 1575 in
2920 1516 3144 1576 divina
3180 1517 3431 1593 pagina
3461 1518 3625 1575 satis
3654 1532 3773 1574 eru-

707 1618 912 1691 dituS,
964 1616 1045 1675 de
1081 1618 1429 1677 Calabriae
1477 1618 1785 1693 partibus
1820 1619 2118 1694 venienS,
2154 1617 2199 1698 ¹)
2253 1622 2316 1679 in
2358 1622 2654 1680 claustro
2704 1628 2935 1681 nostro
2980 1622 3241 1682 duabus
3292 1622 3773 1681 heldomadibus

705 1729 773 1780 et
805 1738 883 1782 eo
918 1724 1208 1798 amplius
1243 1723 1660 1799 demoratuS,
1700 1724 1861 1783 mihi
1901 1727 2096 1800 quasi
2138 1725 2452 1786 familiari
2489 1744 2610 1787 suo
2649 1729 2979 1788 secretius
3017 1730 3268 1803 retulit,
3317 1730 3773 1789 Antichristum

699 1830 834 1904 jam
873 1830 939 1887 in
971 1829 1272 1906 proximo
1309 1830 1751 1889 nasciturum.
1792 1830 2090 1906 Cumque
2128 1833 2417 1892 sollicite
2453 1837 2929 1909 percunctarer
2962 1833 3089 1894 hoc
3124 1852 3162 1894 a
3195 1851 3331 1911 quo
3367 1837 3770 1910 percepisset:

710 1953 739 1990 «
781 1933 1158 2007 SolitariuS‚
1211 1933 1450 2008 inquit,
1504 1934 1731 2008 magni
1782 1935 2075 1994 nominis
2111 1935 2178 1994 in
2226 1938 2534 2015 partibus
2571 1938 2824 1997 nostris
2875 1937 3212 1998 Cardinali
3246 1938 3522 1997 cuidam
3559 1940 3620 1999 id
3649 1958 3772 2016 ape-

709 2047 870 2115 ruit,
928 2046 1252 2121 signoque
1310 2043 1665 2104 manifesto
1724 2047 2207 2120 comprobavit.
2271 2048 2648 2110 Cardinalis
2699 2055 2925 2109 autem
2972 2049 3137 2108 mihi
3189 2055 3544 2124 tamquam
3591 2047 3773 2105 amico

710 2149 1152 2226 praecordiali
1211 2148 1375 2207 haec
1423 2149 1656 2208 eadem
1718 2150 2073 2210 intimavit.
2131 2169 2161 2208 1>
2226 2151 2404 2212 Haec
2452 2154 2586 2213 ille.
2645 2153 2777 2213 Nec
2828 2154 3036 2213 multo
3094 2159 3245 2227 post
3293 2154 3479 2226 alius
3536 2151 3768 2227 quidam

714 2257 881 2315 satis
938 2257 1004 2314 et
1055 2254 1195 2329 ipse
1246 2253 1604 2327 religiosus
1655 2259 1723 2312 et
1771 2255 2141 2330 litteratim,
2201 2272 2305 2314 me
2354 2260 2421 2317 et
2469 2258 2622 2316 aliis
2680 2258 3139 2331 audientibus,
3200 2258 3382 2333 quod
3428 2258 3563 2332 jam
3611 2263 3775 2314 natus

712 2370 915 2438 esset,
955 2368 1344 2422 constanter
1376 2360 1783 2436 affirmabat,
1834 2363 2209 2421 testificans
2260 2379 2378 2438 per
2412 2363 2734 2440 Spiritum
2780 2362 2899 2423 Dei
2932 2379 3084 2423 esse
3118 2363 3366 2439 virgini
3419 2361 3673 2422 cuidam
3700 2361 3774 2419 in-

716 2471 945 2529 clusae
982 2467 1375 2526 revelatum.

807 2577 1019 2650 Igitur
1068 2575 1150 2633 ad
1194 2571 1639 2632 confutandos
1673 2573 1741 2631 et
1789 2572 2283 2632 convincendos
2334 2573 2718 2648 hujusmodi
2766 2570 3465 2650 pseudo-prophetam,
3521 2568 3775 2629 libellum

720 2679 892 2737 hunc
933 2677 1313 2751 compilavi;
1368 2678 1653 2736 maxime
1689 2682 1911 2736 autem
1963 2684 2236 2752 propter
2270 2681 2752 2738 correctionem
2802 2685 2869 2738 et
2910 2679 3445 2738 emendationem
3497 2675 3779 2733 claustra-

721 2786 883 2843 lium
932 2789 999 2842 et
1047 2782 1210 2841 cleri
1260 2798 1408 2842 eum
1459 2783 1814 2857 descripsi,
1868 2785 2026 2858 quia
2070 2783 2260 2859 juxta
2308 2786 2727 2860 prophetiam
2778 2786 3015 2846 beatae
3064 2785 3371 2860 virginiS,
3428 2778 3776 2859 gravissimi

720 2887 1105 2946 schismatis
1140 2885 1419 2960 laqueus
1470 2891 1536 2943 et
1570 2884 1984 2944 confusionis
2035 2887 2103 2945 in
2139 2885 2265 2945 fine
2301 2888 2482 2946 illius
2518 2888 2717 2963 primi
2768 2889 3092 2964 temporis
3135 2901 3336 2963 super
3386 2898 3648 2944 omnem
3676 2880 3776 2939 cle-

724 3011 870 3054 rum
906 2999 970 3052 et
1007 2991 1305 3051 ordinem
1357 2991 1897 3049 ecclesiasticum
1930 2992 2430 3063 extenderetur,
2485 2992 2577 3051 ita
2612 2998 2683 3052 ut
2717 2993 2797 3051 de
2840 2993 3060 3070 patria
3109 2998 3175 3050 et
3211 2991 3380 3051 locis
3418 2990 3564 3049 suis
3594 2985 3774 3063 expel-

727 3104 970 3174 lantur,
1024 3099 1133 3158 ubi
1168 3096 1282 3155 Dei
1335 3096 1759 3155 clementiam
1809 3096 1891 3154 ad
1927 3096 2464 3156 misericordiam
2513 3098 2751 3158 ardore
2788 3114 3022 3158 sacrae
3071 3097 3457 3157 devotionis
3507 3093 3774 3154 studeant

722 3221 1058 3267 revocare.
1111 3201 1463 3261 Sciendum
1513 3206 1734 3260 autem
1772 3207 1898 3274 est,
1944 3201 2120 3276 quod
2174 3203 2238 3260 in
2274 3202 2397 3261 hoc
2433 3221 2625 3278 anno,
2665 3205 2775 3280 qui
2813 3210 2916 3263 est
2961 3203 3042 3263 M.
3074 3203 3197 3263 CC.
3224 3202 3335 3262 XX
3382 3202 3472 3261 ab
3520 3203 3778 3261 incarna-

722 3315 899 3373 tione
933 3308 1221 3377 Domini,
1257 3307 1337 3365 de
1375 3308 1672 3381 ternpore
1709 3305 1921 3380 primo
1966 3307 2217 3364 evoluti
2255 3310 2410 3366 sunt
2444 3308 2597 3366 anni
2633 3309 2699 3369 C.
2728 3304 2867 3367 XX.
2906 3307 3177 3367 Initium
3209 3308 3388 3365 enim
3423 3305 3618 3381 primi
3648 3310 3776 3361 tem·

723 3416 905 3491 poris
943 3412 1067 3471 suit
1114 3412 1292 3469 circa
1327 3426 1384 3468 a.
1421 3409 1554 3468 MC.
1601 3407 1953 3467 Sciendum
1988 3408 2189 3467 etiam
2240 3410 2415 3484 quod
2452 3411 2581 3468 nisi
2632 3416 2925 3487 quatuor
2961 3415 3263 3484 tempora
3307 3411 3638 3486 completa
3671 3405 3776 3463 iue-

729 3522 883 3591 rint‚
921 3517 1001 3575 de
1035 3514 1279 3589 quibus
1331 3514 1394 3571 in
1429 3511 1556 3577 hoc
1593 3511 1818 3570 libello
1855 3512 2317 3586 prophetatur,
2356 3514 2662 3588 quintum
2702 3520 2991 3588 tempuS,
3028 3512 3205 3589 quod
3241 3519 3346 3571 est
3394 3506 3773 3577 Antichristi‚

727 3641 853 3683 non
888 3625 1108 3697 potest
1155 3618 1443 3675 evenire.
1475 3612 1526 3693 ¹²)
1564 3616 1919 3675 Praeterea
1971 3616 2315 3675 sciendum
2354 3617 2530 3691 quod
2568 3617 2723 3677 libri
2772 3622 3046 3676 sanctae
3088 3616 3520 3691 Hildegardis
3567 3608 3775 3684 recepti

727 3736 794 3785 et
843 3721 1211 3785 canonizati
1262 3726 1489 3778 sunta
1537 3735 1708 3794 papa
1740 3719 2035 3793 Eugenio
2070 3714 2119 3797 ³)
2169 3719 2239 3779 in
2273 3722 2556 3781 concilio
2607 3721 3013 3796 Trevirensi,
3063 3719 3540 3795 praesentibus
3587 3713 3776 3776 multis

724 3827 1062 3907 episcopis
1114 3826 1248 3884 tam
1282 3824 1688 3882 Francorum
1737 3840 1936 3898 quarn
1971 3824 2511 3889 Teutonicorum.
2563 3832 2629 3885 et
2665 3831 2894 3885 sancto
2945 3824 3282 3883 Bernardo
3319 3823 3564 3883 abbate
3596 3821 3779 3881 Clare-

727 3933 1033 3994 vallensi.
1068 3930 1139 3989 In
1174 3928 1301 3987 hoc
1335 3933 1555 3987 autem
1594 3927 1816 3986 libello
1852 3944 1979 3986 non
2015 3929 2236 3987 omnia
2271 3930 2489 4003 posui,
2529 3945 2699 4005 quae
2737 3930 2801 3989 in
2839 3929 3029 3988 libris
3070 3928 3219 4004 ejus
3251 3928 3332 3986 de
3370 3926 3618 3986 futuris
3650 3920 3779 3982 scri-

730 4050 842 4119 pta
891 4045 1071 4109 sunt,
1125 4039 1242 4097 sed
1278 4054 1356 4097 ea
1406 4051 1577 4111 quae
1627 4033 1781 4093 huic
1831 4034 2014 4109 operi
2051 4040 2117 4093 et
2167 4035 2281 4093 isti
2329 4035 2616 4110 tempori
2666 4049 3036 4110 congruere
3084 4034 3339 4108 putavi,
3393 4033 3597 4092 immo
3640 4039 3776 4104 quae

733 4150 907 4206 Deus
945 4143 1317 4219 inspiravit.
1367 4140 1499 4198 Nos
1534 4137 1709 4197 enim
1759 4145 1826 4196 et
1860 4153 2207 4196 sermones
2243 4139 2482 4212 nostri,
2536 4139 2713 4197 sicut
2748 4139 2912 4198 dicit
2945 4138 3313 4213 Scriptura,
3367 4138 3439 4198 in
3470 4152 3660 4197 manu
3686 4131 3780 4192 Do·

739 4252 897 4310 mini
934 4265 1188 4308 sumus
1224 4248 1359 4322 Ipsi
1396 4246 1606 4306 honor
1638 4254 1703 4306 et
1737 4247 1951 4321 gloria
1989 4246 2051 4305 in
2089 4246 2359 4306 saecula
2395 4248 2843 4309 saeculorum.

2222 4445 2330 4506 111.

1147 4645 1240 4704 De
1276 4662 1347 4703 eo
1381 4644 1549 4720 quod
1587 4646 1648 4705 S.
1687 4644 2109 4719 Hildeqardis
2144 4640 2406 4701 obscure
2442 4649 2501 4701 et
2540 4646 2858 4704 inusitato
2894 4644 3062 4721 stylo
3096 4645 3405 4720 loquitur.

825 4827 1059 4886 Libros
1109 4824 1168 4882 S.
1211 4822 1631 4896 Hildegardis
1682 4822 1981 4897 plerique
2018 4821 2240 4893 legere
2294 4820 2645 4880 fastidiunt
2679 4825 2745 4881 et
2796 4822 3177 4895 abhorrent,
3213 4838 3334 4897 pro
3384 4836 3462 4879 eo
3500 4818 3664 4897 quod
3693 4812 3778 4873 ob·

813 4975 855 5038 ¹)
883 4972 1088 5029 Statim
1122 4969 1426 5039 respicitur
1461 4969 1526 5021 ad
1559 4967 1949 5035 famigeratum
1978 4964 2235 5022 Joachim
2328 4981 2400 5020 no
2431 4965 2525 5022 vix
2553 4966 2662 5023 sibi
2694 4973 2935 5030 constat,
2966 4975 3023 5024 et
3051 4967 3198 5025 infra
3225 4969 3333 5023 alia
3358 4958 3777 5039 praescribitVH

745 5063 1085 5119 Norensem,
1127 5071 1290 5126 quem
1340 5054 1578 5125 hujusce
1629 5053 1862 5109 loannis
1904 5054 2238 5123 magistrum
2330 5053 2995 5124 tempora.-³)Eugenio
3017 5071 3108 5126 pp.
3134 5055 3323 5110 oblata
3346 5052 3775 5108 suittantumme

746 5146 921 5199 fuisse
967 5141 1285 5198 verosimile
1343 5146 1451 5202 est,
1500 5155 1679 5209 neque
1724 5139 2012 5195 Gebenoni
2086 5140 2236 5209 igno·
2329 5138 2400 5193 do
2420 5138 2691 5193 nonnulla
2717 5155 2841 5210 pars
2870 5138 3003 5194 libri
3028 5139 3258 5195 scivias.
3281 5138 3386 5194 Diu
3409 5144 3535 5211 post
3555 5140 3668 5210 ejus
3684 5129 3774 5190 obi-

747 5241 887 5294 tum,
933 5236 993 5284 ut
1035 5227 1176 5282 intra
1221 5232 1414 5282 notare
1462 5232 1563 5281 cst.
1611 5256 1662 5263 -—
1709 5227 1752 5292 ²)
1784 5226 1845 5279 ln
1878 5225 2033 5283 hisee
2062 5227 2235 5284 Gebc-
2332 5231 2449 5282 tum
2480 5233 2693 5282 caetera
2719 5241 2882 5297 opera
2907 5226 3258 5296 prodierunt.
3750 5230 3753 5235 “
