4036 6117
1395 494 1819 541 Exposl'rlo
1869 496 2505 543 stNcsmonuM
3334 479 3465 540 315

404 616 571 681 Nam
623 619 922 690 virtutes,
962 616 1219 675 scilicet
1271 617 1714 691 rationalitaS,
1754 616 1940 691 fides,
1979 634 2156 693 spe8‚
2193 618 2491 677 charitas
2526 624 2592 678 et
2627 625 2931 680 caeterae
2984 621 3162 681 vires
3197 623 3484 692 animae,

401 724 753 795 coelorum,
791 724 948 798 quia
997 725 1323 782 coelestes
1375 730 1567 798 sunt,
1618 723 2052 783 movebuntur
2100 739 2259 798 prae
2311 726 2826 801 tempestatibus
2883 744 3054 803 quae
3112 729 3178 788 in
3235 731 3490 791 ambitu

401 826 705 900 corporis
742 833 917 900 sunt,
956 830 1189 887 euntes
1224 834 1290 886 et
1325 828 1701 900 redeuntes,
1740 828 1935 902 quasi
1968 829 2154 887 rotae
2188 844 2358 904 quas
2393 826 2694 887 Ezechiel
2728 829 2916 889 vidit.

493 930 572 988 Et
624 936 781 990 tunc
815 932 1119 991 videbunt
1171 932 1391 990 veraci
1429 932 1619 1005 signo
1657 931 1906 992 Filium
1930 935 2235 1007 hominis,
2273 932 2533 991 scilicet
2560 932 2698 1007 jam
2730 940 2923 994 natas
2960 936 3026 995 in
3062 936 3325 999 homine
3358 943 3492 1002 vir-

403 1046 606 1112 tuteS,
639 1045 1017 1101 venientem
1052 1044 1125 1100 in
1159 1040 1352 1114 nube,
1390 1039 1703 1103 videlicet
1753 1040 1818 1098 in
1874 1040 2198 1115 pupillam
2256 1040 2608 1112 scientiae,
2669 1058 2817 1099 cum
2868 1048 3191 1117 potestate
3247 1065 3491 1125 mayna

403 1160 631 1202 omnes
683 1147 993 1205 tenebras
1026 1145 1480 1219 deprimendO,
1532 1153 1593 1203 et
1642 1145 2008 1220 majestate,
2045 1160 2197 1203 cum
2234 1144 2476 1203 bonum
2527 1142 2774 1202 malum
2826 1145 3053 1204 vincit.
3103 1149 3222 1208 His
3270 1159 3494 1213 autem

406 1252 607 1311 licitis
640 1255 708 1313 et
741 1254 1018 1325 illicitis,
1057 1254 1247 1313 bonis
1281 1260 1347 1312 et
1381 1253 1599 1327 maliS,
1635 1256 1781 1331 fieri
1815 1251 2311 1329 incipientibus,
2350 1253 2442 1310 ita
2477 1257 2550 1310 ut
2584 1267 2855 1311 cursum
2891 1270 3089 1313 suum
3122 1257 3491 1334 perficiant,

404 1363 709 1436 respic-ite
762 1360 1105 1435 intuendO,
1164 1368 1224 1418 et
1277 1361 1484 1419 levate
1533 1377 1681 1419 cum
1733 1360 1975 1434 gaudio
2026 1360 2245 1435 capita
2290 1363 2530 1430 vestra,
2571 1356 2633 1415 id
2669 1364 2773 1418 est
2822 1361 3180 1422 coelestem
3232 1364 3497 1426 harmo-

405 1466 605 1538 niam,
660 1471 969 1543 quoniam
1017 1471 1503 1545 appropinquat
1557 1468 1619 1525 in
1670 1468 1887 1526 vicino
1937 1467 2301 1542 redemptio
2338 1472 2578 1534 vestra,
2618 1474 2690 1525 ut
2723 1483 2762 1526 a
2799 1470 2994 1529 malis
3029 1475 3345 1549 operibus
3399 1473 3497 1533 fu-

391 1571 629 1644 ‘giatis

500 1674 580 1732 Et
630 1675 800 1732 discit
841 1675 976 1733 illis
1028 1676 1544 1734 simili-tudinem
1579 1676 1642 1733 in
1693 1676 2214 1749 comparatione:
2262 1675 2481 1733 Videte
2516 1676 2891 1753 ficulneam,
2933 1680 2997 1736 in
3031 1696 3161 1755 qua
3195 1696 3314 1756 per
3363 1697 3500 1742 rna-

412 1779 547 1837 lum
598 1787 1075 1854 cognoscentes
1111 1781 1385 1854 bonum,
1438 1780 1596 1855 quia
1631 1794 1781 1837 cum
1832 1779 1899 1837 in
1934 1780 2109 1837 malo
2161 1779 2595 1839 scandalizati
2633 1779 2916 1856 fueritis,
2959 1783 3040 1842 ad
3075 1785 3320 1844 bonum
3357 1802 3501 1844 ver-

412 1879 553 1937 titis
605 1898 762 1955 VOS,
815 1889 875 1940 et
929 1900 1150 1941 omnes
1198 1882 1479 1957 arbores,
1519 1879 1584 1938 id
1628 1888 1732 1940 est
1765 1896 2026 1939 omnem
2079 1881 2451 1956 lasciviam,
2489 1898 2659 1957 quae
2696 1900 2768 1941 se
2805 1885 2869 1942 in
2916 1884 3183 1945 diversa
3220 1890 3495 1963 spargit.

418 1982 576 2042 Cum
617 1986 992 2059 producunt
1032 1988 1388 2060 aperiendo
1437 1990 1883 2048 conscientias
1919 2002 2104 2059 suaS,
2139 1985 2287 2059 jam
2321 2008 2401 2046 εει)
2451 2005 2536 2060 se,
2576 1987 2685 2045 ubi
2722 1987 2907 2061 prius
2943 1990 3325 2066 sordebant,
3358 1994 3504 2070 sru-

414 2096 612 2163 ctum,
668 2092 925 2152 scilicet
957 2096 1277 2167 gemitum
1312 2104 1377 2155 et
1412 2097 1836 2158 lacrimosam
1883 2111 2115 2155 vocem
2151 2093 2568 2170 poenitendO,
2606 2096 2763 2169 quia
2799 2098 2953 2156 mali
2995 2096 3285 2174 fuerunt,
3322 2103 3502 2162 scitis

413 2195 740 2268 gustando
788 2201 946 2275 quia
976 2218 1177 2276 prope
1229 2211 1321 2260 est
1357 2210 1592 2277 aestas,
1646 2203 1901 2263 scilicet
1937 2201 2139 2261 ardor
2187 2200 2476 2275 Spiritus
2510 2201 2761 2274 Sancti,
2798 2204 2911 2278 qui
2948 2204 3143 2264 ssores
3180 2206 3504 2267 virtutum

358 2328 368 2337 ·
413 2298 740 2374 producit.
772 2302 874 2359 Ita
900 2311 959 2360 et
1011 2321 1138 2377 voe,
1177 2306 1290 2379 qui
1327 2320 1429 2363 me
1465 2305 1836 2380 intelligere
1885 2306 2118 2378 vultiS,
2155 2326 2304 2367 cum
2338 2307 2638 2365 videritis
2676 2308 2738 2365 in
2774 2308 3173 2367 certitudine
3205 2313 3364 2369 haec
3395 2311 3507 2389 fie-

417 2406 496 2477 ri,
538 2404 629 2463 ita
678 2408 749 2464 ut
780 2421 857 2465 ea
910 2408 973 2466 in
1011 2408 1351 2468 intellectu
1401 2420 1626 2470 vestro
1679 2411 2008 2484 habeatiS,
2062 2415 2285 2471 scitote
2332 2414 2489 2489 quia
2532 2430 2738 2488 prope
2773 2418 2891 2485 est,
2933 2413 3023 2471 ita
3067 2413 3243 2489 quod
3294 2414 3508 2488 tangit

414 2527 556 2584 vos,
608 2531 882 2587 reqnum
919 2515 1061 2587 Dei,
1101 2516 1361 2575 scilicet
1393 2518 1765 2591 praemium
1813 2517 2173 2576 coelorum.
2213 2519 2422 2575 Amen
2473 2519 2617 2577 dico
2660 2515 2830 2575 vobis
2878 2516 3330 2589 credentibuS,
3366 2533 3499 2575 non

407 2620 829 2696 praeteribit,
869 2622 959 2680 ita
1003 2625 1075 2682 ut
1108 2628 1328 2681 cesset
1362 2639 1536 2693 esse,
1571 2627 1909 2700 qeneratio
1943 2628 2122 2696 haec,
2161 2624 2420 2682 scilicet
2457 2625 2781 2683 virtutum
2818 2628 2886 2681 et
2918 2622 3258 2695 vitiorum,
3299 2622 3503 2682 donec

415 2728 637 2783 omnia
667 2727 850 2803 fiant,
891 2726 952 2784 id
988 2730 1092 2786 est
1123 2727 1332 2787 donec
1378 2724 1422 2807 ¹)
1461 2731 1681 2788 omnia
1715 2728 1968 2804 praelia
2017 2745 2140 2786 sua
2174 2728 2546 2803 perficiant,
2583 2728 2677 2786 ita
2713 2733 2784 2785 ut
2819 2727 3103 2785 virtutes
3139 2726 3409 2785 vincant
3439 2729 3509 2786 et

417 2830 580 2888 vitia
630 2830 1086 2892 succumbant.
1128 2834 1414 2907 Coelum,
1454 2834 1713 2893 scilicet
1757 2832 2083 2891 coelestes
2117 2847 2362 2891 causae
2396 2847 2566 2907 quae
2604 2833 2667 2889 in
2705 2829 3084 2889 hominibus
3118 2834 3407 2905 torpent,
3445 2837 3507 2887 et

418 2946 627 3006 terra,
665 2936 975 2997 videlicet
1009 2946 1310 2998 terrenae
1359 2956 1637 3012 causae,
1690 2956 1859 3015 quae
1909 2940 2109 2997 etiam
2165 2939 2229 2997 in
2281 2938 2586 2997 fatuitate
2623 2938 2799 3010 sunt,
2852 2935 3253 3010 transibunt,
3294 2935 3357 2993 id
3406 2937 3512 2992 est

418 3043 725 3104 deficient
777 3043 839 3101 in
873 3044 1254 3104 errantibus
1305 3044 1641 3104 mentibus
1677 3043 2052 3118 hominum,
2090 3044 2205 3119 qui
2242 3045 2332 3104 ita
2369 3045 2669 3120 impediti
2706 3052 2883 3120 sunt,
2923 3048 2994 3103 ut
3028 3048 3337 3102 neutrum
3372 3040 3514 3101 effi-

424 3151 673 3209 caciter
699 3151 1066 3225 perficiant;
1105 3152 1294 3211 verba
1320 3159 1538 3211 autem
1573 3172 1741 3227 mea,
1775 3155 1952 3212 recte
1980 3160 2252 3228 peracta
2281 3155 2535 3228 praelia
2562 3171 2733 3231 quae
2771 3155 3019 3213 malum
3053 3151 3349 3223 vincunt,
3379 3169 3512 3208 non

425 3250 822 3326 transibunt,
860 3253 1174 3312 videlicet
1207 3255 1336 3314 nori
1369 3255 1848 3315 deridebuntur
1884 3254 1949 3312 in
1985 3255 2301 3327 vanitate,
2340 3255 2454 3314 sed
2506 3271 2868 3331 supernum
2904 3253 3278 3331 praemium
3315 3251 3513 3311 habe-

427 3355 611 3432 bunt,
651 3363 721 3416 ut
756 3358 1080 3432 scriptum
1115 3364 1239 3417 est:
1281 3380 1309 3416 α
1344 3360 1715 3434 Fulgebunt
1744 3359 1910 3434 justi
1947 3359 2123 3418 sicut
2156 3359 2273 3418 sol.
2302 3357 2352 3428 2)
2382 3378 2409 3414 1·

1791 3575 2181 3684 XXV.

1507 3823 1584 3881 In
1637 3823 2062 3882 Dedicatione
2114 3819 2467 3882 Ecclesiae„

1947 4030 1992 4088 1.

534 4238 846 4319 Eqressus
883 4240 1094 4315 Jews,
1129 4235 1178 4319 ⁸)
1230 4239 1486 4300 scilicet
1519 4238 1727 4314 Deus,
1782 4241 2045 4316 quando
2079 4256 2199 4316 per
2232 4239 2522 4298 Verbum
2559 4252 2753 4297 suum
2803 4236 3024 4296 omnia
3073 4239 3300 4295 creata
3349 4236 3524 4308 sunt,

438 4347 957 4424 perambulabat,
997 4349 1058 4407 id
1095 4355 1199 4408 est
1232 4346 1628 4423 disponebat
1661 4352 1728 4407 et
1774 4347 2215 4422 componebat
2251 4345 2316 4404 in
2365 4346 2624 4404 visione
2658 4361 2780 4403 sua
2831 4349 3201 4418 creaturaS,
3239 4342 3526 4413 Jericho,

447 4454 706 4514 scilicet
739 4455 972 4513 caduci
1011 4453 1254 4513 mundi.

539 4559 615 4618 Et
645 4579 787 4619 ecce
813 4562 938 4633 vir,
977 4558 1134 4634 quia
1168 4558 1384 4616 virtus
1418 4563 1485 4616 et
1513 4556 1775 4632 justitia
1811 4554 2027 4615 adhuc
2066 4556 2128 4615 in
2163 4555 2308 4631 ipso
2341 4554 2493 4628 suit,
2523 4556 2787 4613 nomine
2817 4554 3174 4626 Zachaeus,
3213 4551 3369 4628 quia
3401 4551 3534 4625 pri-

448 4676 628 4721 mum
677 4663 893 4721 bonus
927 4663 992 4720 in
1037 4661 1300 4736 justitia
1347 4668 1514 4736 erat,
1567 4660 1683 4720 sed
1729 4659 2063 4736 justitiam
2116 4659 2298 4718 illam
2346 4675 2465 4734 per
2514 4657 2768 4716 zizania
2815 4656 3240 4732 compressit,
3293 4654 3536 4714 iterum

449 4786 570 4847 per
603 4769 945 4830 Christum
981 4769 1045 4827 in
1081 4769 1476 4827 rectitudine
1513 4766 1983 4827 reaedificavit.
2031 4760 2080 4844 ⁴)
2118 4766 2197 4826 Et
2250 4768 2352 4826 hic
2385 4770 2527 4824 erat
2558 4767 2870 4840 princeps
2900 4763 3430 4840 publicanorum,
3468 4758 3532 4818 id

450 4884 556 4937 est
589 4880 789 4953 caput
837 4876 1230 4952 injustitiae,
1270 4876 1427 4951 quia
1476 4891 1622 4934 eam
1661 4874 1914 4949 incipit,
1967 4880 2023 4933 et
2063 4875 2202 4950 ipse
2248 4875 2452 4942 clives,
2490 4872 2802 4948 quoniam
2844 4873 2908 4931 in
2939 4870 3275 4945 potestate
3325 4866 3535 4942 ipsius

456 4983 702 5043 bonum
740 4990 806 5042 et
842 4983 1090 5078 malurn
1128 4982 1269 5041 fuit.
2510 4984 2520 4991 '

534 5153 573 5216 ¹)
601 5155 725 5208 dum
753 5154 869 5209 cod.
909 5187 964 5192 -ω-
995 5157 1040 5216 2)
1067 5152 1268 5208 Matth.
1303 5151 1464 5214 xm,
1495 5131 1588 5206 ⁴3(
1614 5184 1670 5191 -ν
1703 5151 1745 5218 ³)
1775 5151 1905 5206 Luc.
1939 5148 2096 5205 xlx.
2137 5155 2275 5205 1-10.
2312 5183 2369 5189 ω
2401 5150 2443 5217 ⁴)
2471 5149 2829 5221 reaedificans
2854 5145 2972 5201 cod.
