4036 6117
3250 506 3379 568 cot

341 640 452 717 pla
493 638 866 715 fragmenta
901 649 1043 701 tum
1097 643 1250 702 libri
1306 644 1582 712 Scivias,
1635 650 1775 703 tum
1828 644 1983 704 libri
2035 646 2428 705 Divinorum
2478 663 2775 723 operum,
2830 646 3004 706 inter
3052 662 3125 706 se
3175 647 3446 719 collata,

341 733 629 790 maxime
667 732 775 791 ubi
813 732 892 790 de
928 732 1343 793 Antichristo
1381 734 1703 793 vaticinia
1737 734 2191 810 proferuntur.

436 822 765 881 Intactum
802 822 994 881 nobis
1047 823 1368 882 hactenus
1409 825 1654 883 mansit
1689 824 1906 883 solum
1943 840 2112 899 opus
2147 823 2228 881 de
2266 824 2522 883 Divinis
2559 824 2881 901 operibus,
2922 840 3043 885 nec
3090 826 3235 885 sine
3272 839 3451 883 moe-

343 926 497 968 rore
530 912 804 971 evanuit
840 928 995 988 spes
1035 912 1540 986 introspiciendi
1576 913 1872 973 codicem
1912 912 2335 973 rarissimum
2373 913 2793 979 Trecensem.
2833 916 2945 989 qui
2983 916 3171 974 solus
3208 913 3452 974 fortas-

339 1015 415 1058 se
452 1007 784 1074 superest,
823 1018 1028 1076 quum
1077 1018 1155 1060 ex
1189 1003 1448 1062 duobus
1486 1008 1745 1062 tantum
1794 1009 2065 1078 praeter
2102 1004 2288 1062 illum
2340 1003 2649 1077 cognitis,
2698 1020 2867 1062 unus
2920 1003 3448 1065 vindobonensis

343 1106 382 1148 a
417 1090 635 1147 medio
673 1090 795 1148 hoc
839 1092 1107 1151 saeculo
1157 1108 1236 1151 ex
1279 1093 1527 1167 pluteis
1579 1093 1930 1152 Caesareis
1980 1092 2357 1163 evanuerit,
2409 1093 2582 1152 alter
2632 1110 2790 1153 vero
2832 1109 3029 1169 quem
3064 1110 3145 1153 ex
3181 1094 3448 1169 privata

342 1178 750 1239 bibliotheca
786 1196 906 1239 sua
941 1182 1148 1241 Mansi
1186 1182 1515 1256 adhibuit,
1554 1183 1619 1241 in
1655 1182 1947 1241 editione
1976 1199 2177 1257 quam
2208 1183 2380 1241 inter
2432 1184 2775 1258 recognita
2824 1183 3080 1242 Baluzii
3131 1182 3457 1244 Miscella-

345 1287 472 1327 nea
506 1270 916 1343 procuravit,
956 1271 1226 1330 ubinam
1256 1272 1492 1341 lateat,
1533 1271 1704 1331 forte
1741 1272 2109 1347 ignoratur.

434 1358 674 1417 Postea
709 1358 871 1418 mihi
908 1360 1386 1419 transeundum
1423 1362 1506 1420 ad
1541 1362 1790 1420 multas
1839 1362 2190 1436 epistolae,
2245 1360 2389 1418 sive
2424 1375 2463 1419 a
2499 1377 2627 1435 me,
2676 1362 2819 1420 sive
2862 1361 2947 1420 ab
2996 1361 3151 1420 aliis
3201 1360 3457 1436 publici

337 1446 514 1521 juris
569 1448 805 1520 factaS,
858 1466 1028 1525 quas
1075 1465 1424 1509 recensere
1454 1451 1708 1525 juverit
1741 1451 1822 1510 ad
1859 1451 2054 1510 tidem
2091 1450 2394 1509 codicum
2433 1449 3043 1510 vindobonensium
3079 1455 3146 1509 et
3181 1450 3456 1509 Bruxel-

348 1537 657 1611 lensium,
698 1540 808 1613 qui
849 1555 999 1597 sero
1036 1540 1096 1598 in
1135 1556 1408 1598 censum
1450 1557 1666 1599 meum
1704 1542 2150 1614 contigerunt.
2386 1607 2391 1611 ,

434 1626 838 1701 Incipiamus
872 1644 1030 1703 ergo
1067 1648 1103 1689 a
1133 1630 1302 1689 libro
1333 1631 1603 1705 Scit-im,
1645 1637 1958 1689 revocato
1994 1629 2224 1689 codice
2261 1629 2588 1702 Palatino,
2625 1644 2890 1688 morose
2925 1628 3193 1706 quidem
3230 1631 3297 1689 et
3337 1629 3457 1686 mi-

343 1717 630 1775 nutatim
658 1733 964 1789 excusso,
985 1718 1098 1777 sed
1122 1738 1158 1778 a
1179 1736 1332 1795 quo,
1363 1720 1687 1794 neglectis
1716 1720 2084 1779 innumeris
2111 1718 2583 1791 varietatibuS,
2605 1733 2684 1777 ea
2712 1724 2971 1778 tantum
3000 1718 3288 1792 seligere
3316 1718 3455 1777 ani-

345 1821 494 1864 mus
530 1814 657 1877 est,
695 1822 864 1882 quae
902 1807 982 1866 ad
1021 1824 1242 1867 rerum
1279 1810 1728 1868 substantiam
1767 1810 2127 1884 pertinent,
2153 1813 2225 1867 ut
2250 1809 2455 1867 etiam
2484 1808 2797 1883 graviora
2826 1808 3205 1883 sphalmata
3241 1806 3453 1866 edito-

345 1910 492 1952 rum
528 1902 1012 1972 expungantur.
1042 1898 1221 1968 Quae
1251 1898 1450 1957 velim
1479 1898 1688 1958 addas
1722 1898 2156 1958 collectaneis
2192 1898 2254 1957 in
2285 1915 2345 1974 p.
2379 1897 2697 1967 503-517‚
2735 1899 2982 1973 quibus
3017 1898 3450 1974 perspicuum

346 1985 564 2057 magis
599 2002 676 2045 ac
708 1987 918 2061 magis
957 1986 1091 2061 fiat,
1125 1986 1549 2063 Hildegardis
1577 2003 1784 2064 opera
1811 1987 2023 2049 fuisse
2050 2004 2089 2047 a
2123 1987 2511 2064 bibliopolis
2540 1986 2862 2047 audacter
2892 1988 3284 2063 depravata,
3318 2002 3455 2044 ma-

344 2074 520 2132 xime
556 2092 590 2132 a
626 2076 1056 2135 curatoribus
1092 2079 1206 2152 qui
1244 2079 1489 2137 latinas
1526 2077 1928 2137 affectavere
1965 2075 2378 2137 venustates.

1636 519 2065 568 tzt‘ls'roLA
2090 522 2147 568 E.

1191 2285 1297 2345 AD
1348 2285 1654 2346 LIBRUM
1705 2286 1840 2358 QUI
1890 2284 2204 2346 SCIVIAS
2252 2284 2602 2345 DICITUR.

421 2486 624 2560 Incipit
650 2486 727 2543 11.
758 2505 890 2561 pars
915 2490 1053 2544 libri
1069 2488 1287 2544 Scivias
1311 2490 1575 2562 simplicis
1595 2491 1847 2544 hominis.

2013 2492 2118 2542 446
2144 2488 2210 2544 Α.
2248 2489 2508 2544 tenebras
2535 2485 3125 2557 significationibus...
3161 2484 3456 2542 serenissi-

345 2557 481 2615 Cod.
516 2559 757 2614 Palatia.
790 2565 888 2613 3¹1
920 2562 1048 2615 coll.
1082 2574 1211 2616 cum
1242 2562 1448 2616 Patrol.
1479 2560 1750 2616 cxcvn.

424 2630 539 2685 Col.
558 2632 705 2692 442,
730 2632 829 2685 sub
851 2631 956 2687 titt.
990 2631 1062 2694 B,
1087 2635 1229 2687 visio
1252 2632 1297 2687 1.
1325 2633 1395 2685 Et
1416 2647 1517 2701 ego
1540 2633 1707 2687 homo
1733 2630 1853 2702 [lit-

353 2700 522 2768 teras]
549 2717 658 2754 non
685 2702 896 2756 callens
921 2702 977 2756 in
1001 2700 1175 2756 forma
1207 2701 1442 2757 fortium
1472 2705 1722 2763 leonum,
1750 2718 1852 2756 nec

348 2773 513 2827 docta
548 2772 934 2842 exspiratione
976 2773 1271 2829 illorum...
1320 2774 1376 2828 in
1410 2775 1657 2830 mollitie
1685 2772 1854 2843 fragi-

353 2845 425 2899 lis
454 2849 708 2898 costae...
743 2850 802 2898 ut
837 2845 895 2899 in
924 2846 1156 2900 homine
1187 2845 1291 2899 visi
1321 2852 1474 2901 sunt.

419 2913 475 2968 C.
518 2914 658 2969 Caro
684 2919 741 2968 et
780 2916 1010 2984 sanguis
1046 2916 1247 2973 effecta
1288 2923 1396 2979 est.
1437 2931 1672 2986 eamque
1710 2913 1856 2985 aspi-

352 2990 504 3048 rant,
548 2986 626 3039 ita
665 2987 815 3054 quod
847 2988 1043 3042 vivens
1082 2992 1251 3043 homo
1289 2996 1471 3044 erecta
1506 2996 1657 3043 est...
1703 3003 1856 3057 prae-

352 3056 1032 3115 buit...candidissimum
1053 3061 1245 3116 ssorem
1263 3062 1599 3131 pendentem
1627 3060 1683 3114 in
1702 3058 1854 3113 ssam-

356 3144 466 3190 ma.
517 3134 579 3183 ut
621 3145 709 3184 ros
750 3132 955 3200 pendet
1002 3131 1057 3185 in
1097 3133 1371 3202 gramine,
1418 3132 1583 3202 cujus
1628 3131 1855 3185 odorem

356 3200 502 3255 idem
531 3201 700 3255 homo
727 3203 963 3258 naribus
1005 3204 1233 3274 quidem
1263 3203 1462 3263 sentit,
1493 3202 1587 3257 sed
1627 3206 1855 3271 gustum

353 3273 478 3344 ejus
503 3290 599 3327 ore
628 3289 740 3327 non
771 3275 1045 3346 percepit,
1072 3292 1172 3330 nec
1198 3274 1464 3329 manibus
1485 3288 1615 3329 eum
1641 3272 1856 3342 tetigit,

359 3344 437 3397 ita
469 3344 736 3400 videlicet
763 3361 889 3401 se...

427 3419 529 3469 443
578 3415 635 3470 C.
686 3416 969 3486 praefatae
1008 3432 1241 3473 aurorae
1286 3415 1710 3473 serenissimum
1760 3417 1860 3478 (sic

301 3491 311 3498 “
350 3495 531 3559 saepe)
562 3487 915 3543 hominem...
952 3494 1104 3543 tanta
1137 3495 1201 3542 ut
1226 3488 1444 3543 easdem
1491 3487 1751 3540 tenebras
1779 3500 1858 3541 re-

358 3564 744 3628 percuteret...
778 3559 834 3613 in
863 3560 1193 3615 acutissima
1222 3558 1597 3615 altitudine...

426 3631 529 3681 444
570 3630 633 3684 Α.
682 3630 738 3683 in
785 3632 1145 3703 plenitudine
1185 3630 1514 3700 magnificas·
1554 3626 1859 3683 fructuosi-

358 3701 494 3754 tatis
520 3708 575 3754 et
602 3701 792 3755 odoris
822 3704 1120 3759 mirifici...
1152 3703 1201 3758 Ο
1227 3720 1371 3772 quae
1408 3718 1466 3756 es
1508 3701 1710 3755 misera
1754 3707 1859 3755 ter-

355 3787 482 3826 ra...
515 3786 612 3841 per
641 3772 1082 3841 intelligentiam
1114 3774 1647 3846 philosophorum...
1679 3771 1748 3826 de
1771 3789 1857 3843 pe-

358 3843 605 3897 tulantia
637 3860 924 3902 morum...

426 3913 486 3968 B.
520 3915 680 3983 quasi
712 3916 829 3970 sint
858 3916 1114 3985 magistri
1147 3916 1419 3989 ipsorum.

428 3986 491 4041 D.
528 3985 844 4042 viventium
872 3996 929 4044 et
960 3996 1164 4042 terram
1202 3989 1258 4042 in
1292 3985 1533 4042 terrenis
1573 3991 1634 4039 ut
1662 4002 1858 4057 pecora

353 4059 777 4127 quaerentium,
808 4076 908 4116 nec
960 4059 1411 4116 rationalitatem
1469 4057 1864 4128 inspirationis

358 4128 456 4184 Dei
490 4129 896 4187 habentium...
1712 4175 1719 4182 .

429 4203 532 4254 445
565 4203 628 4255 Α.
660 4203 1030 4258 ostendens..
1060 4201 1116 4256 in
1146 4209 1273 4255 ortu
1297 4199 1695 4255 suscitationis
1723 4199 1865 4270 ipsa-

359 4286 482 4324 rum
511 4273 780 4328 eduxit...
801 4279 1205 4345 ·competenter
1239 4271 1445 4328 facit...
1472 4271 1754 4341 perfectae
1784 4270 1867 4324 in·

361 4343 699 4397 stitutiones
725 4361 926 4402 suae...
1699 4403 1704 4414 ,

432 4413 490 4470 B.
523 4417 761 4471 necdum
802 4423 1037 4473 acuto...
1085 4414 1162 4470 ita
1201 4413 1349 4485 quod
1386 4430 1513 4468 caro
1540 4421 1596 4466 et
1633 4413 1866 4483 sanguis

357 4481 559 4540 effecta
587 4495 672 4541 est
701 4488 811 4547 ¹)...

434 4559 494 4611 D.
526 4558 724 4612 divino
749 4566 1068 4630 praecepto,
1091 4555 1435 4612 consiliante
1463 4555 1722 4616 Diabnto,
1746 4556 1867 4608 dor-

358 4642 484 4681 sum
511 4629 796 4699 praebuit.
827 4645 1098 4685 corruens
1126 4629 1184 4683 in
1215 4627 1490 4681 maximos
1516 4626 1695 4681 rictus
1725 4644 1866 4681 mor-

364 4701 459 4761 tis,
489 4703 568 4756 sic
596 4701 747 4771 quod
777 4703 949 4755 Deum
992 4718 1092 4755 nec
1122 4701 1179 4755 in
1210 4700 1338 4758 tide.
1371 4716 1468 4752 nec
1505 4698 1560 4750 in
1590 4716 1755 4769 opere
1787 4718 1864 4754 rc-

356 4771 668 4841 quisivit...
704 4790 800 4844 per
829 4775 1115 4827 horrorem
1143 4768 1589 4842 erumpentium,

433 5014 475 5072 'l
504 5016 572 5072 Ut
607 5031 772 5086 supra
797 5021 852 5068 et
879 5015 1078 5070 iisdem
1106 5015 1294 5069 verbis
1315 5031 1483 5084 quam
1511 5014 1567 5068 in
1595 5014 1869 5068 relatione

364 5087 624 5147 visionis,
641 5088 695 5141 in
713 5103 821 5156 qua
839 5087 1146 5141 enarranda
1169 5088 1374 5140 mirum
1389 5094 1665 5155 quantum
1688 5092 1866 5139 muta·

363 5159 548 5212 verint
572 5159 838 5218 editores,
867 5176 1045 5227 coque
1071 5157 1486 5226 ineptiasquod
1513 5158 1868 5225 postmodum

362 5227 421 5282 iu
448 5229 870 5300 interpretanda
895 5230 1130 5292 visione.
1151 5228 1873 5297 nith-gardisconstantis-

1943 2575 2036 2615 mo
2062 2576 2095 2614 o
2136 2576 2296 2616 ere...

2013 2632 2077 2686 D.
2100 2578 2178 2686 pet
2215 2629 2538 2700 gravissimi
2583 2628 2944 2685 dulcissimas
2974 2627 3165 2685 laudes
3195 2627 3457 2682 decanta-

1944 2707 2215 2757 verunt...
2250 2700 2693 2773 pulcherrimum
2722 2701 3079 2771 sanguinem.

2014 2775 2118 2826 447
2153 2773 2221 2829 Α.
2265 2772 2414 2839 Quid
2464 2777 2548 2826 est
2590 2773 2731 2828 hoc‘?
2777 2772 2836 2825 in
2882 2772 3129 2844 pondere
3176 2768 3455 2837 ligaturae

1940 2843 2206 2913 colligata
2248 2844 2589 2915 perversitas
2626 2843 2964 2914 iniquitatis
3002 2842 3253 2903 Diaboli.
3286 2840 3361 2895 ita
3393 2848 3456 2896 ut

1944 2932 1972 2969 a
2003 2917 2123 2969 zelo
2148 2915 2326 2970 Dei...

2018 2986 2079 3041 B.
2128 2986 2264 3041 Nam
2307 3002 2363 3041 se
2409 3000 2628 3056 semper
2665 2986 2852 3040 etevat
2889 2990 3086 3040 contra
3128 2984 3329 3045 Deum,
3371 2984 3454 3038 ‹li-

1946 3075 2095 3114 cens:
2125 3060 2240 3126 Ego
2269 3057 2416 3113 Deus
2444 3063 2590 3113 sum!
2619 3073 2840 3128 semper
2866 3057 3040 3112 etiam
3070 3071 3262 3111 errans
3289 3071 3457 3127 snper

1946 3130 2311 3185 benedictum
2335 3131 2535 3190 Deum,
2562 3129 2828 3183 videlicet
2854 3134 3084 3201 propter
3112 3128 3295 3199 ipsum
3325 3146 3455 3181 enn-

1949 3201 2231 3257 tradicens
2260 3217 2462 3255 nomen
2491 3200 2894 3256 christianum.
3178 3242 3185 3248 .

2017 3275 2122 3326 448
2148 3274 2214 3327 Α.
2246 3272 2512 3344 deinceps
2543 3272 2787 3339 integra,
2817 3287 2919 3326 nec
2946 3271 3179 3341 plena...
3208 3270 3454 3323 vulneri-

1946 3343 2055 3425 bus
2092 3350 2150 3398 et
2176 3343 2448 3399 foeditate
2490 3348 2843 3416 prostrata...
2885 3342 3081 3398 eodem
3123 3357 3319 3396 sereno
3355 3342 3455 3394 ho-

1949 3429 2170 3469 mme...
3024 3443 3027 3444 ν

1959 3501 1964 3508 ·
2017 3484 2080 3540 Β.
2113 3484 2417 3541 criminosa
2447 3485 2683 3541 obliviO.

2018 3560 2141 3612 449.
2174 3556 2240 3612 ΙΙ
2260 3560 2402 3612 visio
2430 3557 2493 3611 ΙΙ
2508 3562 2708 3630 partis.

2021 3627 2086 3682 Α.
2119 3628 2333 3683 Deinde
2374 3627 2487 3681 vidi
2519 3626 2938 3683 serenissimam
2983 3626 3233 3682 lucem...
3273 3632 3328 3680 et
3362 3626 3455 3679 illa

1948 3715 2141 3754 serena
2172 3701 2267 3754 lux
2297 3698 2616 3771 perfudit...
2651 3700 2809 3754 illam
2838 3712 3091 3754 serenam
3124 3698 3374 3753 lucem...
3403 3705 3461 3752 et

1952 3770 2098 3825 idem
2130 3772 2373 3826 rutilans
2414 3771 2563 3838 ignis
2593 3777 2767 3825 totam
2798 3769 3042 3842 speciem
3082 3769 3333 3838 ejusdem
3364 3769 3460 3821 hu-

1951 3842 2191 3899 minis..
2247 3842 2323 3897 ita
2376 3848 2561 3897 tamen
2609 3843 2667 3896 in
2717 3859 2825 3897 una
2876 3842 2928 3895 vi
2984 3840 3454 3922 possibilitatis..

1949 3914 2201 3970 eamdem
2246 3914 2529 3968 viventem
2574 3912 2799 3968 illam...
2846 3913 3143 3982 plenitudo
3185 3912 3278 3965 illa
3314 3928 3459 3982 quae

1951 4000 2241 4055 nunquam
2288 3985 2401 4038 visa
2431 3992 2516 4039 est
2546 3985 2603 4039 in
2642 3992 2796 4046 ortu,
2825 3990 2881 4038 et
2910 3983 2966 4036 in
2995 3999 3105 4052 qua
3149 3985 3340 4037 nullus
3367 3982 3455 4034 di·-

1951 4057 2136 4112 sectus
2163 4063 2247 4112 est
2278 4054 2375 4110 ille
2401 4064 2597 4112 acutae
2627 4053 2989 4111 tortitudinis
3014 4070 3157 4116 quae
3181 4055 3462 4125 plantasit

1953 4144 2148 4183 omnes
2178 4127 2393 4183 rivulos
2422 4127 2723 4183 sortium...

2028 4200 2086 4254 B.
2120 4199 2254 4255 Sine
2280 4201 2497 4253 macula
2540 4197 2852 4259 ariditatis..
2895 4195 3265 4250 mortalitatis
3294 4201 3463 4264 atquc

1956 4270 2456 4328 tenebrositatis»...

2027 4346 2131 4396 450
2161 4343 2226 4397 Α.
2264 4347 2420 4394 tanto
2446 4339 2673 4395 acutius
2705 4339 2761 4393 in
2791 4353 3048 4395 amore...

2027 4415 2089 4469 D.
2126 4413 2359 4467 materia
2390 4411 2638 4472 sudavit,
2664 4411 2730 4464 de
2756 4426 2937 4480 qua...
2968 4405 3122 4462 nulla
3152 4408 3467 4462 adversitas

1953 4485 2366 4540 mutabilitatis
2398 4483 2577 4546 tangit
2610 4526 2645 4537 ..

2029 4560 2124 4610 451
2161 4557 2224 4610 Α.
2261 4555 2322 4609 ln
2367 4556 2550 4623 lapide
2577 4560 2659 4607 est
2693 4551 2923 4607 humida
2967 4547 3229 4604 viriditas
3269 4555 3321 4603 et
3354 4549 3470 4620 pal-

1959 4628 2167 4692 pabilis
2206 4625 2637 4693 comprehendo
2676 4633 2845 4691 atque
2882 4621 3125 4676 rutilans
3170 4620 3340 4686 ignis.
3372 4619 3467 4675 scd

1958 4699 2249 4752 lnnnidani
2285 4698 2631 4751 xiriditatrm
2663 4697 2857 4754 habet,
2890 4711 2956 4746 ne
2982 4692 3346 4748 dissolvatur.

2031 4771 2089 4826 B.
2133 4787 2191 4825 ca
2232 4786 2376 4840 quae
2421 4768 2741 4838 tetigerit...
2785 4765 3049 4822 claritate
3088 4771 3144 4819 et
3184 4777 3467 4835 purpureo

1958 5013 2100 5069 sime
2123 5012 2315 5067 eadem
2339 5012 2504 5066 verba
2525 5008 2905 5079 usurpaverit.
2933 5008 2975 5062 Α
2993 5021 3103 5074 qua
3122 5002 3399 5058 varietate
3417 5003 3477 5085 in

1959 5085 2206 5139 secundo
2233 5085 2356 5140 loco
2383 5082 2827 5140 abstinebimus,
2853 5096 2922 5134 ne
2951 5076 3234 5148 superflua
3263 5083 3473 5146 repeti·

1965 5156 2046 5211 tio
2076 5155 2306 5210 fastidio
2347 5157 2440 5214 sit.
2479 5161 2533 5207 et
2576 5152 2820 5205 notanda
2861 5150 3053 5204 eadem
3092 5147 3476 5218 discrepantia

1962 5236 2046 5283 cst
2075 5228 2133 5283 in
2165 5226 2408 5296 singulis
2437 5223 2781 5286 visionibuS,
2814 5237 2911 5294 per
2942 5227 3126 5276 totum
3158 5219 3391 5276 librum.

3277 5323 3320 5370 «ἡ
