4036 6117
3166 507 3294 569 503

879 900 1272 1028 SANG
1298 902 1586 1026 ΓΑΕ
1696 897 2758 1029 HILIAEGARDIS
2790 895 2803 908 ’

1463 1182 1728 1243 LIBER
1792 1183 2163 1242 SCIVIAS

1079 1385 1124 1455 J
1137 1385 1415 1457 UXTA
1470 1385 1900 1458 CODICEM
1955 1384 2549 1458 PALATINUM

423 1801 668 1877 Incipit
708 1798 870 1859 liber
905 1798 1163 1858 Selles
1199 1798 1520 1874 simplicis
1553 1797 1856 1857 heminis.
1892 1825 1980 1839 —
2015 1795 2257 1872 Incipit
2291 1799 2512 1872 prima
2540 1816 2700 1873 pars
2736 1798 2885 1859 libri
2919 1799 3207 1866 Servus.

848 1921 1354 2001 Prolesti'ficatio
1387 1921 1718 1978 veracium
1755 1920 2079 1975 visionum
2113 1937 2151 1976 α
2187 1919 2319 1977 Deo
2349 1920 2721 1995 fluentium.
2758 1917 2803 2000 ¹)
2853 1921 2877 1935 ⁶

1457 2561 1713 2621 dicens:

1430 2094 1572 2236 Τ
1639 2157 1793 2200 ecee
1850 2141 2366 2215 quadragesimo
2427 2141 2622 2201 tertio
2676 2145 3065 2217 temporalis
3124 2162 3367 2207 cursus

1468 2249 1598 2307 mei
1650 2264 1854 2321 anno,
1907 2262 2056 2306 cum
2108 2248 2384 2306 coelesti
2419 2248 2667 2308 visioni
2721 2266 2957 2325 magno
3011 2252 3248 2312 timore
3297 2259 3365 2315 et

1465 2353 1753 2412 tremula
1818 2352 2185 2410 intentione
2260 2351 2716 2426 inhaererem,

1463 2457 1911 2532 splendorem,
1951 2456 2182 2531 inquo
2236 2455 2410 2514 facta
2446 2463 2549 2515 est
2602 2474 2721 2517 vox
2757 2460 2837 2518 de
2888 2460 3075 2519 coelo
3126 2463 3207 2521 ad
3259 2480 3365 2523 me

2799 2355 2934 2412 vidi
3001 2359 3363 2417 maximum

1551 2664 1602 2723 O
1636 2663 1834 2722 homo
1890 2661 2173 2737 fragili5‚
2211 2668 2278 2722 et
2313 2664 2483 2723 einis
2517 2664 2787 2739 cineris,
2826 2672 2891 2726 et
2927 2670 3209 2743 putredo
3245 2688 3368 2747 pu·-

1462 2768 1783 2841 trediniS,
1843 2767 1951 2826 dic
1998 2773 2066 2826 et
2117 2768 2335 2827 scribe
2387 2784 2557 2844 quae
2614 2763 2804 2829 'vides
2854 2779 2921 2831 et
2971 2774 3185 2834 audis,
3237 2775 3364 2836 Sed

1463 2875 1621 2950 quia
1672 2871 1904 2933 timida
1940 2888 2012 2930 es
2051 2873 2127 2930 ad
2168 2873 2594 2948 loquendum,
2635 2878 2698 2934 et
2734 2877 3013 2951 simplex
3052 2879 3131 2937 ad
3169 2896 3366 2955 expo-

1467 2979 1777 3050 nendum,
1830 2983 1894 3035 et
1933 2976 2201 3036 indocta
2235 2977 2315 3036 ad
2353 2979 2781 3038 scribendum
2819 2997 2919 3054 ea,
2958 2982 3065 3040 dic
3100 2989 3164 3041 et
3204 2984 3371 3042 scri-

268 3095 354 3157 lie
396 3094 530 3169 illu,
585 3108 711 3154 non
747 3088 1113 3151 secundum
1167 3105 1242 3146 os
1278 3085 1597 3152 hominiS,
1650 3100 1770 3141 nec
1807 3080 2173 3140 secundum
2226 3082 2636 3141 intellectum
2676 3082 3003 3142 humanae
3040 3087 3372 3161 composi-

270 3200 500 3273 tionis,
556 3201 670 3259 sed
708 3197 1068 3256 secundum
1125 3194 1185 3251 id
1223 3192 1398 3269 quod
1451 3207 1528 3248 ea
1568 3190 1631 3247 in
1667 3186 2077 3246 coelestibus
2112 3186 2422 3261 desuper,
2462 3187 2524 3246 in
2564 3190 2985 3249 mirabilibus
3021 3190 3135 3249 Dei
3175 3194 3364 3252 vides

269 3307 590 3377 claudis,
644 3320 722 3361 ea
757 3304 855 3361 sic
902 3297 1337 3359 edisserendo
1390 3294 1758 3370 proferens,
1811 3289 2369 3365 quemadmodum
2407 3295 2471 3350 et
2523 3293 2791 3351 auditor
2840 3296 3044 3353 verba
3096 3314 3369 3371 praece-

272 3410 488 3484 ptoris
525 3408 626 3466 sui
667 3405 1067 3483 percipieiiS,
1106 3417 1185 3458 ea
1234 3397 1595 3456 secundum
1648 3403 1946 3453 tenorem
1998 3393 2358 3451 locutionis
2398 3394 2601 3467 illius,
2642 3395 2786 3469 ipso
2820 3397 3111 3467 volente,
3150 3405 3373 3459 osten-

271 3516 494 3584 deute,
548 3519 614 3571 et
653 3509 1128 3585 praecipiente,
1180 3504 1508 3580 propalat.
1546 3500 1650 3559 Sic
1699 3513 1857 3573 ergo
1894 3504 1958 3556 et
1995 3502 2090 3571 tu,
2128 3514 2164 3555 o
2205 3497 2426 3573 home,
2465 3499 2573 3557 dic
2609 3516 2683 3558 ea
2724 3518 2893 3576 quae
2930 3503 3119 3561 vides
3155 3512 3218 3564 et
3255 3524 3372 3565 au-

347 3736 389 3797 ¹)
421 3733 714 3789 Hactenus
740 3730 1055 3785 asservatur
1092 3722 1456 3793 Hildegardis
1495 3722 1640 3779 liber
1671 3718 1768 3791 qui

276 3820 615 3878 inscribitur
661 3818 876 3874 Scivias
904 3815 960 3869 in
1001 3812 1294 3869 codicibus
1337 3809 1594 3880 quinque
1633 3823 1764 3861 msS.

269 3909 372 3979 qui
405 3907 520 3962 sere
546 3904 874 3974 coaequales
904 3901 1168 3956 videntur
1189 3913 1331 3952 saec.
1359 3893 1516 3950 XIII.
1547 3895 1665 3948 Duo
1691 3907 1772 3946 as-

269 3997 570 4049 servantur
618 3990 674 4044 in
722 3988 1071 4044 bibliotheca
1121 3980 1482 4041 Visbadensi‚
1529 3992 1768 4048 quorum

274 4080 457 4133 varias
511 4087 671 4132 teneo
728 4076 997 4133 lectiones
1045 4093 1113 4129 ex
1164 4074 1301 4128 edit.
1351 4071 1670 4126 Coloniensi
1718 4088 1766 4128 a.

279 4171 415 4221 1628
432 4166 695 4220 collectas
716 4181 742 4216 a
766 4161 1029 4231 diligenti
1057 4159 1176 4214 viro
1190 4159 1254 4213 D.
1276 4159 1486 4214 Rossel.
1509 4155 1662 4213 Unus
1683 4150 1773 4211 've-

275 4270 337 4305 ro
364 4252 461 4320 qui
493 4250 677 4305 minor
701 4249 936 4309 dicitur,
965 4245 1206 4317 picturis
1231 4249 1465 4297 ornatur
1504 4241 1772 4306 insignio-

275 4340 460 4400 ribus,
488 4354 662 4407 aeque
688 4337 755 4390 ad
788 4353 922 4391 usus
951 4348 1101 4387 meos
1127 4349 1195 4386 ex
1225 4336 1381 4402 parte
1420 4328 1684 4399 recepti5‚
1714 4331 1770 4382 et

272 4443 414 4496 quas
460 4424 694 4479 sortasse
737 4421 806 4476 ad
850 4422 1058 4476 calcem
1109 4416 1418 4471 voluminis
1464 4416 1661 4471 saltem
1712 4413 1770 4469 in

273 4531 389 4569 uno
416 4514 662 4566 alterove
691 4507 1000 4581 specimine
1031 4504 1220 4559 sidere.
1245 4504 1373 4559 erit.
1402 4503 1649 4574 Uterque
1675 4501 1772 4556 Co-

272 4601 380 4654 dex
408 4599 544 4654 olim
576 4597 688 4652 fuit
717 4593 1045 4650 monasterii
1071 4589 1392 4659 BingensiS,
1423 4603 1603 4659 neque
1629 4588 1771 4642 alios

271 4702 397 4743 reor
425 4685 597 4741 fuisse
623 4701 651 4738 a
681 4679 1045 4737 B.»Ilandistis
1082 4683 1139 4735 et
1178 4674 1456 4733 Maurinis
1499 4680 1763 4731 versatos,

276 4769 427 4827 lnt'ra
462 4774 630 4824 eruut
669 4765 741 4829 A.
771 4767 830 4823 Β.
859 4764 1088 4820 Tertius
1125 4763 1294 4820 codex
1336 4768 1420 4819 est
1458 4760 1773 4817 Bibliothe-

274 4876 371 4914 cae
400 4853 918 4922 Heidelbergensis‚
945 4852 1042 4921 qui
1077 4851 1300 4905 videtur
1335 4868 1402 4904 ex
1431 4850 1624 4904 eodem
1656 4849 1773 4903 fon·

277 4952 331 5000 te
359 4943 649 4998 oriundus..
679 4940 928 5005 Quartus
966 4942 1048 4992 est
1093 4942 1282 4990 noster
1307 4934 1601 4990 Palatinus
1643 4940 1769 4998 311,

277 5032 691 5086 membraneus.
730 5023 976 5096 optimae
1010 5029 1194 5084 notae,
1225 5020 1590 5091 ejusdemque
1625 5025 1773 5072 acta-

278 5120 374 5179 tis.
414 5132 581 5185 quem
624 5113 738 5167 ferr
782 5110 1010 5164 unicum
1044 5107 1101 5161 in
1144 5105 1515 5176 sequentihus
1550 5102 1771 5174 paginis

279 5221 348 5259 ex
372 5202 521 5257 notis
543 5198 856 5269 sequimur.
878 5202 934 5250 et
955 5194 1119 5267 cujus
1151 5192 1449 5247 xarietates
1470 5206 1639 5262 prope
1661 5205 1771 5245 oin-

1896 3730 1994 3771 nes
2021 3716 2253 3771 om‘nino
2290 3733 2418 3773 cum
2447 3718 2740 3775 codicibus
2778 3719 3230 3777 Visbadensibus
3268 3739 3398 3778 con-

1893 3809 2128 3872 gruunt.
2173 3804 2341 3873 idque
2377 3805 2734 3875 apertissime
2760 3806 3055 3869 evincunt.
3087 3808 3234 3862 idem
3268 3807 3397 3863 Hil-

1894 3890 2122 3960 degardi
2153 3891 2542 3962 prophetissae
2560 3907 2728 3960 quam
2759 3891 3025 3946 Gertrudi
3054 3893 3288 3960 Magnae
3310 3910 3400 3950 ac-

1895 3975 2134 4038 cidisse.
2177 3976 2443 4030 videlicet
2483 3976 2721 4046 primam
2762 3976 3108 4040 editionem,
3150 3984 3397 4047 postmo-

1897 4060 2029 4113 dum
2070 4062 2252 4116 coeciS
2294 4060 2444 4131 typis
2475 4060 2795 4130 repetitam,
2824 4067 3075 4115 curatam
3117 4061 3293 4119 fuisse
3323 4066 3396 4123 ab

1899 4145 2014 4200 illis
2042 4147 2248 4200 saeculi
2294 4146 2425 4200 XVI
2467 4146 2679 4206 sciolis,
2711 4146 2940 4216 putidae
2974 4149 3287 4216 elegantiae
3314 4168 3396 4207 se-

1895 4231 2193 4301 quacibus,
2221 4231 2318 4301 qui
2353 4230 2520 4285 medii
2552 4230 2672 4285 aevi
2711 4238 3073 4286 monumenta
3116 4234 3200 4289 vel
3242 4251 3396 4291 sacra

1894 4316 1963 4369 ad
1989 4317 2281 4371 classicam
2313 4316 2504 4370 limam
2548 4304 2798 4384 redigere
2838 4316 3061 4387 piaculo
3088 4319 3391 4378 habebant.

1895 4401 2013 4456 Sub
2053 4402 2285 4456 initium
2329 4409 2513 4457 tamen
2554 4401 2686 4456 libri
2726 4401 2946 4458 Scivias
2980 4419 3010 4456 a
3038 4413 3395 4477 praepostera

1895 4488 2268 4556 castigatione
2298 4487 2574 4558 tantisper
2599 4503 2656 4541 sc
2682 4486 3101 4546 abstinuerunt.
3142 4490 3398 4549 Varieta-

1898 4579 1982 4629 tes
2008 4573 2304 4642 sigillatim
2333 4573 2580 4628 cribrare
2608 4588 2784 4642 usque
2815 4572 2871 4626 in
2912 4572 3080 4628 finem
3120 4577 3286 4648 spissi
3330 4578 3399 4632 li-

1899 4659 2009 4720 bri.
2050 4659 2274 4714 animus
2318 4664 2462 4721 erat,
2505 4674 2645 4728 quas
2691 4658 3071 4728 perstringere
3114 4663 3394 4733 oportuit.

1897 4751 2183 4800 crescente
2215 4743 2455 4799 nimium
2493 4746 2638 4799 mole
2670 4744 2842 4815 hujus
2885 4745 3215 4811 voluminis.
3253 4765 3396 4819 quas

1900 4839 2182 4903 praeterea
2237 4830 2500 4887 retuleris
2545 4830 2612 4885 ad
2661 4831 3042 4901 nuperrimam
3084 4834 3397 4891 editionem

1898 4919 2268 4977 parisiensem
2298 4920 2416 4973 sive
2444 4920 2723 4985 patrolog.
2763 4925 2800 4974 t.
2831 4919 3049 4975 cxcvi
3060 4921 3099 4976 I.
3127 4953 3189 4961 —
3208 4923 3388 4989 Quin-

1903 5015 1991 5063 tus
2018 5009 2191 5064 codex
2217 5006 2430 5061 dicitur
2458 5007 2725 5067 Cusanus,
2751 5012 2813 5060 ut
2841 5011 2969 5076 pote
2993 5022 3062 5060 ex
3087 5007 3396 5065 bibliothe-

1898 5112 1957 5152 ca
1986 5093 2148 5149 Card.
2180 5094 2352 5146 Cusae
2381 5090 2689 5152 derivatus.
2716 5090 2785 5143 de
2816 5106 2929 5159 quo
2955 5090 3095 5145 alibi
3121 5094 3279 5163 plura
3306 5093 3395 5150 di-

1905 5201 2027 5243 cere
2051 5180 2298 5255 juvabit.
