4036 6117
1325 485 1558 532 Lmen
1615 484 1811 531 v1'rAE
1868 483 2328 531 Mssmronnn
3226 463 3314 523 25

303 625 462 671 unus
496 605 732 669 nubem
772 608 1057 683 igneam,
1094 622 1266 665 unus
1301 605 1661 679 turbidam,
1700 621 1868 665 unus
1900 603 2192 663 lucidam
2231 617 2433 676 super
2465 617 2534 660 se
2571 600 2792 674 habet,
2833 600 2924 658 ita
2957 598 3130 674 quod
3169 599 3364 658 iidem

301 713 471 772 venti
509 711 774 771 easdem
809 709 1020 771 nubes
1053 708 1407 769 sustinent:
1443 709 1603 785 quia
1635 709 1746 768 via
1778 724 1910 768 una
1937 708 2240 783 Justitiae
2273 706 2556 782 gloriam
2590 705 3004 779 angelorum,
3044 704 3111 762 in
3144 719 3373 763 amore

302 814 410 875 Dei
454 814 850 888 ardentium,
900 815 969 873 et
1015 812 1179 873 nibil
1229 812 1410 872 aliud
1460 829 1659 889 quam
1694 812 1869 889 quod
1903 810 2082 871 Deus
2130 811 2275 870 vult
2321 810 2710 881 volentium,
2744 808 2931 867 velut
2964 808 3224 882 igneam
3259 824 3378 866 nu-

302 920 440 981 bem
488 920 731 994 portat;
782 932 860 977 ac
906 916 1018 977 via
1047 910 1094 996 ¹)
1145 932 1298 991 una,
1351 932 1554 992 opera
1587 916 1952 987 hominum,
1989 931 2162 991 quae
2196 914 2462 974 turbida
2494 915 2563 973 et
2592 913 2783 973 varia
2816 912 2881 972 in
2914 912 3142 972 multis
3175 927 3381 986 angu-

300 1022 439 1083 stiis
485 1023 553 1080 et
597 1019 1143 1081 tribulationibus
1192 1020 1384 1095 quasi
1435 1019 1703 1079 turbida
1748 1019 1962 1078 nubes
2012 1021 2134 1093 est3
2179 1022 2265 1077 'ac
2314 1034 2464 1092 una,
2505 1018 2568 1077 in
2604 1018 3056 1077 incarnatione
3088 1015 3375 1088 Domini,

300 1123 637 1185 candidam
686 1126 755 1183 et
801 1123 1126 1183 illibatam
1170 1123 1649 1198 virginitatem,
1684 1124 1869 1182 velut
1903 1122 2190 1182 lucidam
2227 1122 2492 1195 nubem,
2530 1136 2729 1195 super
2762 1136 2833 1179 se
2866 1121 3179 1194 continet,
3216 1136 3379 1196 quo·-

297 1229 463 1288 niam
506 1225 769 1302 ,iustitia
819 1225 1317 1286 fundamentum
1368 1227 1649 1286 istorum
1693 1228 1818 1300 est,
1863 1228 1929 1285 et
1962 1242 2078 1286 eos
2113 1227 2179 1285 in
2212 1226 2621 1286 beatitudine
2664 1225 2967 1285 sustinet.
3003 1225 3167 1285 Nam
3201 1223 3377 1283 Deus

299 1332 361 1391 in
404 1332 659 1391 secreto
707 1330 1074 1390 voluntatis
1122 1345 1284 1389 suae
1316 1331 1539 1389 omnia
1571 1329 1954 1405 disponens,
1991 1330 2346 1405 omniaque
2377 1328 2740 1405 procedere
2777 1328 3052 1404 faciens,
3090 1329 3370 1404 spiritus

300 1449 731 1511 supernorum
781 1416 1029 1494 civium
1078 1433 1146 1494 in
1194 1433 1591 1494 rectitudine
1640 1433 1989 1507 continuit3
2028 1433 2362 1493 hominem
2396 1434 2596 1493 etiam
2633 1434 2699 1493 in
2735 1433 3000 1493 turbida
3035 1449 3240 1510 opera
3271 1434 3380 1493 ca-

299 1537 578 1613 dentem,
628 1552 712 1596 ne
757 1538 1026 1598 omnino
1073 1537 1345 1613 periret,
1394 1537 1735 1611 sustinuit;
1774 1538 1975 1613 atque
2007 1553 2128 1613 per
2162 1537 2486 1598 illibatam
2522 1537 3043 1598 incarnationem
3078 1542 3145 1600 et
3176 1541 3383 1616 virgi-

304 1641 529 1702 nitatis
580 1641 793 1701 lucem
844 1656 1050 1716 opera
1081 1640 1507 1700 tenebrarum
1544 1639 1821 1716 fugavit,
1859 1644 1925 1701 et
1957 1657 2037 1700 ea
2071 1657 2242 1717 quae
2277 1647 2463 1701 recta
2497 1647 2674 1714 sunt,
2711 1640 3216 1704 demonstravit.
3252 1647 3381 1705 An-

298 1745 421 1819 geli
468 1745 647 1804 enim
698 1743 764 1804 in
812 1759 1041 1805 amore
1088 1742 1206 1802 Dei
1247 1749 1782 1819 permanserunt3
1819 1746 1887 1804 et
1918 1743 2117 1803 homo
2151 1759 2192 1804 a
2222 1743 2356 1803 Deo
2385 1744 2725 1819 recedenS,
2760 1760 2880 1820 per
2914 1749 3143 1806 sancta
3177 1763 3379 1821 opera

303 1851 362 1908 in
392 1848 684 1924 priorem
720 1848 1000 1923 gloriam
1037 1848 1391 1907 restitutus
1423 1854 1550 1922 est,
1589 1848 1749 1924 quia
1779 1863 1982 1923 opera
2017 1848 2086 1907 in
2118 1850 2473 1908 sanctitate
2506 1847 2826 1923 perfecta,
2863 1849 3198 1911 hominem
3235 1869 3384 1913 san-

300 1954 468 2012 ctum
522 1951 842 2011 fecerunt.
894 1950 1019 2011 Sed
1067 1952 1280 2011 sancti
1328 1950 1525 2011 modo
1577 1953 1643 2011 in
1677 1952 1905 2011 labore
1938 1951 2159 2011 carnis
2193 1954 2574 2026 operantur;
2610 1959 2764 2028 post
2796 1954 3233 2016 novissimum
3267 1973 3382 2018 au-

304 2062 429 2115 tem
478 2054 683 2130 diem,
736 2056 802 2114 in
850 2054 1241 2131 symphonia
1288 2058 1356 2115 et
1405 2056 1470 2114 in
1514 2056 1822 2115 omnibus
1858 2054 2164 2114 laudibus
2197 2054 2641 2115 laetabuntur.
2677 2055 2840 2115 Nam
2875 2072 3030 2115 caro
3073 2059 3385 2133 spiritum

299 2174 459 2218 nunc
509 2159 579 2218 in
626 2174 825 2218 carne
873 2158 1293 2234 constringit,
1345 2158 1621 2232 spiritus
1671 2161 1892 2218 autem
1928 2173 2196 2217 carnem
2231 2160 2461 2234 postea
2496 2158 2622 2218 sibi
2659 2159 2994 2235 subjiciet,
3030 2167 3098 2221 et
3132 2164 3228 2223 sie
3264 2165 3380 2224 ho-

304 2279 400 2320 mo
435 2264 616 2322 totus
650 2268 921 2323 sanctus
953 2263 1102 2323 erit.

1649 2466 2042 2530 XXXVIIII.

1012 2679 1250 2756 Anyeli
1297 2679 1382 2739 ad
1429 2680 1834 2738 voluntatem
1884 2680 2007 2739 Dei
2056 2696 2314 2755 semper
2353 2682 2668 2757 prompti.

325 2878 329 2882 ’
384 2889 486 2949 51.
543 2887 668 2948 Sed
717 2892 977 2961 ventuS,
1028 2887 1271 2946 nubem
1323 2886 1582 2962 igneam
1627 2901 1828 2963 super
1863 2902 1934 2946 se
1967 2885 2245 2962 bahem,
2283 2890 2434 2947 ante
2471 2887 2708 2947 faciem
2742 2888 3042 2964 eiusdem
3078 2892 3208 2953 viri
3242 2894 3388 2968 per-

308 2996 545 3068 manet,
597 2992 911 3070 quoniam
957 2990 1222 3067 justitia
1269 2991 1554 3066 gloriam
1589 2991 2002 3067 angelorum,
2042 2990 2108 3049 in
2140 3007 2366 3050 amore
2397 2990 2515 3051 Dei
2551 2990 2948 3069 ardentium,
2986 2993 3054 3054 in
3087 2999 3394 3073 supernis

309 3104 555 3171 tenens,
610 3097 675 3156 in
722 3096 1068 3156 voluntate
1114 3098 1182 3155 et
1229 3094 1296 3153 in
1343 3095 1560 3170 gloria
1604 3094 1721 3155 Dei
1762 3094 2103 3170 perdurat,
2139 3097 2299 3171 quia
2331 3096 2550 3170 angeli
2585 3095 2823 3156 faciem
2859 3098 3005 3173 ejus
3040 3100 3395 3176 inspicien-

311 3209 426 3276 teS,
461 3202 548 3262 ad
580 3202 993 3262 voluntatem
1031 3199 1245 3275 ipsius
1279 3214 1546 3275 semper
1577 3200 1869 3275 prompti
1902 3202 2080 3274 sunt,
2114 3215 2237 3259 nec
2268 3214 2309 3259 a
2339 3199 2473 3259 Deo
2509 3199 2845 3262 recedunt.

1783 3407 1918 3471 XL.

1308 3619 1483 3680 Deus
1534 3637 1733 3696 opera
1780 3624 2158 3679 sanctorum
2204 3622 2403 3680 novit.

389 3829 493 3890 52.
549 3829 678 3889 Alii
710 3830 931 3887 autem
967 3825 1096 3886 duo
1128 3827 1312 3886 venti
1346 3842 1494 3886 cum
1528 3827 1821 3887 nubibus
1855 3829 1995 3888 suis
2030 3828 2112 3887 ad
2146 3831 2376 3903 pectus
2408 3829 2553 3904 ejus
2586 3830 3015 3906 descendunt,
3052 3840 3120 3893 et
3153 3836 3244 3896 ibi
3279 3839 3395 3900 ssa-

307 3939 410 3993 tus
457 3949 622 3993 suos
668 3929 1067 4006 expandunt,
1119 3930 1432 4007 quoniam
1478 3931 1740 4006 justitia
1787 3930 2047 3991 duabus
2095 3932 2227 3992 viis
2275 3948 2426 3993 cum
2461 3933 2728 3993 homine
2764 3935 3097 4013 incedenS,
3135 3941 3396 4003 scilicet

311 4054 434 4097 una
469 4038 540 4095 in
570 4035 786 4095 veteri
820 4034 1014 4111 Lege,
1052 4051 1183 4094 una
1217 4035 1284 4093 in
1317 4034 1773 4095 incarnatione
1807 4035 1957 4095 Filii
1989 4034 2130 4110 Dei,
2168 4051 2318 4095 cum
2354 4036 2547 4096 bonis
2580 4037 2896 4114 operibus
2930 4037 3270 4102 bominum
3311 4044 3395 4105 ad

312 4139 704 4215 profundam
753 4138 1100 4198 scientiam
1136 4137 1256 4197 Dei
1287 4136 1651 4212 descendit3
1690 4137 1803 4197 ubi
1838 4139 1905 4198 in
1937 4139 2167 4199 multis
2200 4139 2624 4200 mirabilibus
2656 4140 2998 4218 dilatatur,
3034 4145 3191 4219 quia
3221 4143 3399 4208 Deus

311 4261 507 4319 opera
557 4245 941 4319 sanctorum
989 4242 1196 4316 novit,
1246 4257 1368 4301 nec
1416 4257 1497 4301 ea
1544 4242 1865 4304 oblivioni
1908 4242 2138 4317 tradit3
2176 4243 2292 4303 sed
2324 4243 2426 4302 eis
2461 4244 2528 4303 in
2562 4250 2822 4304 secreto
2857 4247 3119 4306 consilii
3153 4250 3258 4310 sui
3293 4265 3404 4312 ae-

314 4354 565 4407 ternam
617 4346 1217 4406 remunerationem
1266 4345 1625 4423 componit,
1680 4362 1758 4405 ac
1804 4361 1886 4405 ea
1924 4343 1974 4426 ²)
2013 4345 2080 4406 in
2114 4347 2389 4407 infinitis
2425 4347 2735 4408 laudibus
2767 4348 2850 4407 ad
2886 4349 3168 4424 gloriam
3206 4369 3398 4415 suam

314 4451 640 4527 expandit.

402 4557 508 4616 53.
562 4554 748 4626 Quod
788 4560 1009 4614 autem
1042 4559 1304 4628 ventuS,
1342 4553 1456 4630 qui
1491 4557 1642 4614 ante
1680 4553 1915 4614 faciem
1954 4554 2169 4630 ipsius
2202 4560 2330 4630 est,
2367 4570 2516 4615 cum
2551 4557 2724 4617 nube
2759 4574 2880 4617 sua
2915 4574 2986 4617 se
3022 4559 3105 4618 ab
3138 4560 3407 4622 Oriente

321 4660 397 4719 ad
446 4662 765 4720 Austrum
815 4658 1153 4734 expandit,
1207 4657 1333 4718 hoc
1374 4664 1479 4716 est
1514 4658 1688 4734 quod
1719 4659 1983 4733 justitia
2017 4675 2242 4718 coram
2278 4659 2412 4719 Deo
2451 4659 2710 4736 fulgens
2745 4678 2894 4721 cum
2930 4664 3145 4738 gloria
3179 4682 3411 4739 super-

322 4777 550 4823 norum
602 4763 983 4839 spirituum,
1034 4761 1118 4820 ab
1167 4764 1320 4821 ortu
1370 4760 1483 4820 illo
1536 4778 1665 4837 quo
1717 4762 1781 4821 in
1814 4764 2101 4822 veritate
2134 4764 2594 4839 perstiterunt,
2633 4764 2715 4823 ad
2752 4772 2935 4825 recta
2967 4782 3170 4841 opera
3205 4767 3416 4828 homi·—

325 4881 474 4928 num
513 4866 815 4940 tendunt,
851 4871 1182 4943 quatenus
1215 4865 1412 4925 homo
1445 4880 1565 4941 per
1597 4866 1827 4925 eadem
1863 4882 2066 4941 opera
2100 4867 2182 4926 ad
2219 4867 2462 4942 gaudia
2498 4869 2794 4945 ipsorum
2829 4870 3015 4929 velut
3046 4870 3129 4928 ad
3164 4870 3406 4931 bonum

326 4977 541 5030 ortum
590 4970 947 5046 pertingat:
1000 4970 1311 5046 quoniam
1363 4967 1539 5027 Deus
1576 4969 1882 5044 angelum
1918 4975 1985 5028 et
2020 4969 2355 5030 hominem
2394 4972 2456 5030 in
2493 4988 2623 5031 una
2658 4973 3113 5032 rationalitate
3148 4974 3419 5049 conjun-

397 5120 439 5184 ¹)
464 5125 559 5176 οἱα
585 5136 700 5183 om,
728 5122 819 5178 W.
1873 5123 1883 5191 1
1949 5123 1995 5187 ²)
2022 5137 2087 5176 ac
2110 5138 2225 5176 eam
2250 5122 2341 5175 W.

3230 5219 3269 5255 ιε
