4036 6117
1214 494 1449 540 nisi-:R
1498 494 1692 541 vira-2
1744 491 2228 541 Mam-ronum.
2281 497 2338 541 Ρ.
2389 496 2477 543 ιν.
3198 481 3325 541 175

308 630 450 673 cum
488 630 740 690 pascua
790 616 854 673 in
888 616 1132 691 quibus
1183 633 1445 691 pascar,
1485 617 1646 676 mihi
1697 634 1822 675 non
1859 617 2133 677 dentur‘?
2166 617 2287 676 Ubi
2338 618 2532 678 fidem
2575 634 2846 694 quaero,
2902 620 2987 678 ibi
3030 621 3206 680 illam
3261 641 3389 682 non

309 720 588 793 invenio;
619 723 685 779 et
711 736 879 796 quos
906 720 1159 778 amicos
1186 736 1371 779 meos
1397 721 1704 792 aestimo,
1737 721 1984 779 inimici
2016 721 2144 779 mei
2172 723 2348 794 sunt;
2376 727 2442 780 et
2472 723 2535 781 in
2562 723 2807 798 quibus
2831 719 2875 801 ¹)
2905 716 3271 786 amicitiam
3300 728 3397 786 in-

307 825 519 897 veni0,
551 824 713 883 mihi
741 825 849 883 vix
877 823 1258 899 adhaerent,
1296 831 1362 884 et
1398 825 1481 883 ob
1510 825 1634 884 hoc
1662 826 1842 883 nullo
1877 825 2070 884 modo
2097 828 2364 900 pactum
2393 828 2785 887 stabilitatis
2822 828 3068 889 habere
3095 847 3388 905 possum.

304 929 461 988 Nam
512 930 847 1005 quomodo
898 930 1355 1005 unusquisque
1390 946 1462 988 se
1511 929 1674 987 mihi
1711 931 2018 1004 ostendit,
2072 931 2167 990 sic
2203 948 2305 990 me
2357 932 2452 990 illi
2503 932 2851 1006 exhibeb03
2904 941 2969 993 et
3004 936 3060 994 si
3112 953 3217 995 me
3253 938 3389 999 illis

307 1035 454 1109 plus
483 1035 910 1109 subjicerem,
941 1050 1168 1094 omnes
1203 1050 1307 1093 me
1335 1034 1824 1093 conculcarent.
1860 1035 1995 1109 Ego
2035 1035 2230 1093 laudo
2264 1035 2439 1111 quod
2476 1036 2747 1095 laudare
2780 1038 2955 1110 volo,
2992 1044 3059 1096 et
3092 1038 3390 1116 despicio

306 1136 479 1211 quod
529 1136 693 1195 mihi
728 1138 860 1196 vile
895 1137 1181 1211 videtur,
1232 1143 1298 1195 et
1333 1136 1665 1196 abscondo
1717 1153 1819 1195 me
1856 1138 1938 1196 ab
1976 1138 2089 1196 illo
2138 1153 2336 1213 quem
2388 1138 2612 1213 time0‚
2664 1146 2729 1198 et
2766 1140 2863 1198 sic
2906 1142 3124 1200 omnia
3162 1158 3395 1203 secun-

304 1239 455 1298 dum
507 1241 920 1300 voluntatem
970 1256 1183 1299 meam
1237 1241 1512 1311 retineo;
1567 1241 2128 1316 quemadmodum
2173 1241 2402 1300 Judaei
2457 1241 2777 1316 fecerunt,
2815 1245 2928 1319 qui
2977 1244 3244 1320 Moysen
3277 1264 3394 1307 au-

304 1343 587 1417 dierunt,
641 1360 838 1420 quern
896 1350 1130 1419 postea
1188 1344 1417 1403 audire
1473 1344 1849 1417 noluerunt,
1910 1344 2023 1402 sed
2081 1344 2256 1419 quod
2314 1344 2646 1419 viderunt,
2707 1344 2831 1404 hoc
2888 1347 3266 1422 audierunt,
3324 1356 3393 1409 et

306 1446 750 1520 crediderunt;
811 1449 877 1506 et
933 1448 1107 1506 sicut
1137 1448 1434 1506 'Balaam
1495 1447 1673 1519 fecit,
1733 1449 1847 1523 qui
1900 1448 2188 1508 Judaeos
2247 1448 2565 1522 laudavit,
2625 1453 2690 1509 et
2738 1450 2907 1509 alios
2958 1452 3086 1511 sibi
3138 1455 3390 1515 amicos

305 1550 587 1625 paravit;
647 1554 713 1610 et
767 1557 839 1609 ut
895 1552 1135 1626 pagani
1196 1550 1513 1625 fecerunt,
1573 1551 1687 1626 qui
1747 1551 1813 1609 in
1867 1551 2064 1610 idolis
2120 1553 2409 1626 plurima
2468 1553 2923 1628 reperierunt,
2984 1569 3154 1630 quae
3214 1556 3394 1616 inve-

306 1653 442 1712 nire
491 1654 867 1713 voluerunt.
913 1654 1091 1724 Quae
1124 1653 1409 1727 probare
1443 1669 1741 1729 possum,
1778 1653 2007 1727 probo;
2046 1659 2111 1711 et
2145 1654 2208 1712 in
2262 1655 2468 1713 multa
2503 1654 2954 1714 sciscitatione
2990 1657 3210 1716 omnia
3243 1674 3393 1733 per-

305 1758 527 1833 quiro,
596 1760 662 1816 et
725 1758 790 1816 in
853 1757 1161 1816 omnibus
1218 1755 1322 1815 his
1388 1758 1676 1832 aliquam
1744 1763 2003 1831 partem
2068 1763 2296 1830 teneo,
2363 1772 2443 1815 ne
2506 1757 2847 1833 deficiam,
2917 1762 3073 1835 quia
3138 1763 3195 1821 si
3261 1763 3387 1823 hoc

306 1876 431 1919 non
466 1860 777 1934 facerem,
829 1860 987 1935 quid
1036 1876 1255 1919 essem
1306 1861 1658 1920 nescirem.
1709 1860 1871 1919 Nam
1922 1860 2183 1919 coelum
2232 1859 2397 1918 mihi
2445 1877 2573 1920 non
2624 1862 2941 1937 loquitur,
2997 1871 3175 1925 terra
3224 1867 3389 1927 mihi

304 1980 429 2023 non
478 1963 834 2037 succurrit,
870 1977 991 2021 nec
1026 1963 1163 2022 ulla
1205 1963 1337 2022 alia
1371 1966 1679 2022 creatura
1730 1962 1891 2021 mihi
1925 1962 2110 2037 dicit,
2146 1965 2221 2022 ut
2253 1979 2401 2021 cum
2441 1963 2586 2037 ipsa
2618 1980 2911 2040 pergam.
2953 1986 2983 2022 »
3023 1966 3128 2027 Sic
3164 1969 3389 2029 incon-

304 2068 548 2127 stantia
584 2067 650 2126 in
683 2066 1016 2141 omnibus,
1042 2062 1092 2144 2)
1124 2066 1372 2142 quibus
1404 2066 1761 2141 praesidet,
1798 2066 2118 2142 loquitur,
2155 2067 2468 2142 quoniam
2512 2067 2692 2126 oculi
2723 2067 2870 2142 ejus
2903 2071 3086 2129 coeci
3120 2076 3274 2133 sunt
3305 2074 3390 2134 ad

307 2172 522 2247 fldem,
550 2174 618 2231 et
650 2187 847 2231 aures
873 2171 1020 2246 ejus
1054 2170 1298 2229 surdae
1336 2170 1419 2229 ad
1454 2170 1824 2230 veritatem.
1860 2185 1939 2229 ac
1973 2170 2201 2245 lingua
2234 2171 2381 2245 ejus
2416 2173 2602 2230 muta
2626 2171 2709 2230 ad
2738 2172 2979 2246 legalia
3005 2184 3384 2253 praecepta,

302 2284 367 2337 et
401 2293 515 2336 cor
566 2276 779 2352 ipsius
814 2275 895 2335 ad
945 2290 1242 2334 amorem
1275 2273 1388 2334 Dei
1426 2274 1781 2351 lapideum.
1818 2274 1949 2333 Nec
1982 2274 2161 2333 enim
2211 2274 2292 2334 ad
2329 2274 2537 2334 Deum
2570 2290 2691 2333 nec
2726 2276 2807 2335 ad
2842 2276 3146 2338 homines
3189 2280 3384 2340 fidem

304 2379 524 2455 habet,
561 2380 679 2439 sed
730 2379 973 2439 similis
1007 2382 1113 2439 est
1145 2379 1508 2438 simulacro
1544 2378 1719 2454 quod
1751 2377 1960 2437 Deum
1996 2379 2299 2454 negligit,
2334 2382 2401 2439 et
2435 2380 2610 2456 quod
2646 2378 2949 2441 homines
2983 2399 3103 2458 per
3134 2385 3386 2446 multos

304 2485 536 2545 sibilos
567 2478 617 2562 ³)
654 2484 914 2543 seducit
946 2485 1013 2542 et
1044 2482 1310 2558 decipit.
1350 2482 1533 2542 Hanc
1566 2484 1680 2559 qui
1713 2482 1920 2542 Deum
1953 2482 2262 2558 diligunt,
2298 2486 2365 2543 et
2397 2484 2510 2560 qui
2545 2483 2882 2544 hominem
2915 2494 3254 2562 verentur,
3289 2488 3388 2548 fu-

301 2592 504 2665 giant,
542 2594 611 2649 et
643 2588 1140 2648 simulationem
1176 2587 1585 2663 deceptionis
1617 2587 1700 2645 de
1747 2602 1820 2646 se
1853 2586 2229 2662 projiciant,
2266 2602 2388 2647 nec
2437 2587 2616 2646 aliud
2653 2604 2850 2663 quam
2902 2590 3078 2665 quod
3111 2593 3247 2651 tam
3283 2608 3384 2652 se-

301 2693 587 2753 cundum
621 2692 921 2752 homines
956 2707 1157 2768 quam
1191 2691 1553 2751 secundum
1585 2691 1791 2751 Deum
1826 2692 2068 2751 stabile
2102 2694 2170 2751 et
2204 2691 2466 2752 firmum
2502 2695 2630 2766 est,
2669 2694 3168 2769 aggrediantur.
3205 2697 3385 2757 Haec

301 2805 523 2857 autem
547 2796 631 2857 de
664 2797 1145 2871 poenitentium
1176 2797 1527 2856 animabus
1560 2795 1924 2871 purgandis
1957 2800 2028 2855 et
2060 2796 2398 2855 salvandis
2432 2796 2610 2857 dicta
2645 2804 2823 2872 sunt,
2858 2805 2926 2859 et
2951 2799 3171 2861 fidelia
3205 2810 3383 2877 sunt,

302 2908 364 2963 et
398 2902 616 2962 fidelis
654 2901 760 2970 his
795 2901 1116 2975 attendat,
1152 2905 1222 2960 et
1252 2915 1332 2960 ea
1366 2901 1431 2959 in
1465 2900 1854 2959 memoriam
1892 2900 2103 2959 bonae
2139 2900 2461 2961 scientiae
2495 2905 2868 2978 componat.

390 3005 495 3066 73.
530 3004 612 3065 Et
643 3004 813 3066 alios
845 3002 1230 3081 praedictae
1265 3002 1712 3063 multitudinis
1745 3003 1884 3062 vidi
1917 3003 2218 3079 spiritus,
2256 3004 2371 3080 qui
2400 3019 2628 3065 omnes
2655 3004 3034 3066 clamabant
3066 3006 3383 3068 dicentes:

306 3110 576 3169 Coelum
614 3109 1159 3183 inhabitabimus,
1196 3109 1354 3184 quia
1385 3106 1649 3166 Lucifer
1679 3108 1742 3166 in
1769 3107 2021 3167 honore
2047 3124 2169 3166 suo
2196 3108 2539 3168 consistet.
2568 3109 2686 3167 Isti
2702 3108 3018 3168 ‘homines
3046 3109 3126 3169 ad
3156 3125 3386 3170 curam

307 3222 721 3273 terrenorum
756 3213 1026 3287 ducunt,
1063 3215 1131 3271 et
1164 3211 1340 3287 quod
1377 3212 1643 3270 omnino
1679 3213 1966 3271 terrenis
2002 3211 2275 3285 instant,
2313 3211 2734 3286 persuadent.

1752 3440 1935 3500 LVII.

858 3644 947 3702 De
992 3644 1226 3719 poenis
1270 3643 1674 3718 puryatoriis
1719 3658 1843 3717 pro
1892 3659 2055 3700 cura
2102 3658 2331 3698 rerum
2380 3646 2825 3699 terrenarum.

391 3851 495 3915 74.
547 3855 624 3914 Et
657 3851 792 3912 vidi
846 3851 1060 3928 ignem
1112 3867 1447 3928 magnum,
1484 3851 1740 3927 nigram
1779 3851 2110 3911 flammam
2147 3852 2522 3925 habentem,
2567 3866 2646 3910 ac
2678 3851 2988 3926 plurimis
3038 3853 3383 3914 vermibus

305 3959 808 4031 redundantem,
847 3957 911 4015 in
944 3972 1076 4033 quo
1109 3957 1308 4015 etiam
1346 3957 1605 4015 animae
1640 3956 1904 4016 illorum
1931 3961 2145 4029 erant,
2174 3956 2289 4032 qui
2318 3956 2384 4014 in
2410 3955 2677 4015 saeculo
2704 3954 3031 4028 viventeS,
3068 3956 3386 4016 coelestia

304 4064 841 4140 postposuerant,
869 4066 936 4120 et
968 4061 1147 4119 omni
1174 4060 1409 4119 annisu
1431 4056 1479 4137 ⁴)
1516 4074 1744 4118 curam
1772 4065 2190 4119 terrenorum
2218 4060 2663 4135 arripuerant,
2699 4057 2860 4117 etin
2892 4073 2972 4118 eo
3006 4057 3087 4117 de
3122 4059 3266 4118 loco
3301 4059 3384 4119 ad

305 4168 523 4226 locum
559 4166 744 4226 velut
778 4183 813 4224 a
849 4171 1043 4224 vento
1079 4163 1620 4239 projiciebantur.
1659 4163 1825 4234 Quia
1857 4164 2034 4223 eniin
2061 4165 2126 4223 in
2153 4163 2629 4222 tenebrositate
2657 4161 3148 4220 incredulitatis
3174 4160 3382 4222 Deum

305 4271 753 4347 neglexerant,
784 4285 933 4328 cum
960 4269 1245 4330 terrenis
1273 4267 1636 4341 inhiabant,
1670 4268 1884 4342 ignem
1917 4267 2090 4326 hunc
2117 4268 2380 4342 nigrum
2408 4266 2804 4339 sentiebant3
2834 4271 2902 4325 et
2926 4265 3086 4341 quia
3110 4283 3384 4327 avaram

304 4374 622 4434 duritiam
659 4372 724 4431 in
758 4372 988 4431 eadem
1023 4386 1185 4430 cura
1220 4370 1612 4444 habuerant,
1643 4389 1680 4430 a
1705 4370 2030 4445 praefatis
2062 4370 2406 4430 vermibus
2442 4369 2947 4445 torquebantur3
2976 4376 3043 4428 et
3074 4370 3388 4445 quoniam

302 4478 384 4536 ab
419 4493 500 4537 ea
535 4481 986 4550 cessaverant,
1025 4476 1091 4534 in
1123 4474 1354 4535 eodem
1393 4475 1540 4550 igne
1592 4475 1712 4534 hac
1747 4478 1813 4534 et
1860 4475 2015 4534 illac
2051 4490 2198 4534 cum
2252 4473 2611 4533 afflictione
2657 4473 3100 4549 jactabantur.
3136 4473 3213 4534 Et
3247 4475 3386 4535 vidi

304 4592 367 4640 et
404 4580 701 4641 intellexi
736 4579 918 4640 haec.

374 4783 420 4849 ί)
459 4783 646 4838 Verba
682 4785 824 4839 mihi
856 4800 965 4839 non
995 4785 1191 4840 dentur
1216 4799 1393 4855 usque
1418 4781 1488 4837 ad
1513 4787 1575 4839 in
1600 4783 1800 4856 quibus
1888 4786 2051 4854 ptore
2078 4779 2172 4837 vix
2199 4796 2310 4839 non
2339 4781 2686 4852 cogitaretur
2710 4779 2780 4836 de
2807 4779 3030 4850 loquaci
3064 4778 3382 4836 Memnonis

309 4883 416 4924 om.
452 4867 515 4925 Α.
542 4898 608 4908 -
631 4870 677 4936 ²)
703 4873 764 4925 in
801 4870 1109 4926 'nominibus
1133 4871 1223 4926 W.
1252 4902 1320 4912 -
1343 4870 1388 4938 ⁸)
1416 4869 1478 4925 in
1516 4869 1629 4925 alio
1666 4869 1801 4926 scri-
1889 4867 2192 4925 simulacro
2218 4868 2365 4940 apud
2395 4872 2609 4923 veteres
2629 4865 2956 4937 Aegyptios.
2984 4897 3051 4905 —
3072 4865 3115 4931 ⁴)
3136 4871 3261 4922 nisu
3282 4867 3374 4923 W.
