4036 6117
1648 524 2161 574 EPISTOLAE.

425 644 561 699 1038
599 644 666 699 A.
711 641 1040 698 bominibus
1080 640 1363 698 alienos...
1410 643 1492 699 lta
1534 643 1686 697 enim
1727 658 1854 697 cum

349 712 792 784 inspiratione...
826 721 889 769 ut
915 714 984 769 de
1005 715 1158 768 omni
1186 720 1522 784 tempestate
1552 714 1856 770 infirmitas

351 785 401 839 ei
434 785 511 839 ita
545 784 749 841 insecta
790 792 897 846 est.
937 785 1159 840 scilicet
1187 784 1254 841 de
1282 801 1428 848 aere.
1458 786 1526 841 de
1569 794 1758 849 vento.
1788 787 1855 845 de

347 855 565 926 pluvia,
603 857 736 926 quia
776 856 1224 927 complexionem
1272 857 1340 912 de
1379 874 1506 913 aere
1552 858 1747 920 babet.
1793 863 1855 912 ut

349 942 702 997 nequaquam
737 972 773 985 ..
817 928 1057 1000 spiritus
1099 944 1294 1006 magna
1338 930 1391 984 vi
1440 930 1675 1000 pietatis
1723 946 1856 985 suae

353 1014 545 1053 eam...

422 1069 480 1124 B.
528 1068 919 1135 fatigationem
960 1070 1212 1141 ejusdem
1253 1070 1520 1139 cognovit
1559 1073 1711 1142 quod
1741 1087 1855 1126 om-

352 1156 478 1195 nem
513 1141 752 1196 vitam...
785 1142 936 1196 edita
966 1151 1116 1198 sunt.
1149 1142 1348 1198 Amen.

3255 507 3386 569 605

2023 644 2260 699 Additur
2297 647 2357 698 in
2381 644 2498 699 cod.
2543 642 2614 697 B.-
2645 666 2665 691 ι
2706 642 2845 698 item
2885 642 2954 698 de
2981 642 3343 700 Antichristo
3385 642 3445 698 in

1951 715 2098 769 libro
2127 714 2343 770 Scivias
2371 714 2605 774 dicitur.
2634 713 2796 784 quasi
2826 719 2963 770 scire
2990 719 3132 777 vias,
3159 716 3292 784 quia
3322 714 3360 770 S
3404 713 3447 768 i-

1949 786 2095 840 ritus
2123 786 2364 840 Sanctus
2395 786 2450 839 in
2482 786 2628 839 libro
2657 786 2756 841 illo
2783 802 2879 856 per
2906 802 2967 841 os
2995 792 3221 841 sanctae
3250 785 3352 841 Hil
3393 803 3449 839 e·

1947 857 2135 927 gardis
2177 857 2431 927 loquitur
2457 856 2525 909 de
2553 857 2819 910 omnibus
2845 857 3108 912 articulis
3138 857 3266 911 fidei
3295 857 3447 911 etde

1946 929 2216 983 omnibus
2268 927 2638 983 sacramentis
2691 929 2996 991 Ecclesiae.
3041 936 3099 982 ct
3143 930 3449 984 adventum

1945 999 2292 1055 Antichristi
2338 1005 2392 1053 et
2425 1006 2598 1053 totam
2644 1000 2816 1053 vitam
2846 1000 2971 1069 ejus
2997 1006 3054 1054 et
3082 1000 3250 1055 [inem
3293 999 3447 1055 vitae
3483 1036 3494 1046 ·

1947 1071 2225 1142 praedicit
2254 1070 2522 1125 omnibus
2555 1071 2904 1141 prophetice,
2938 1076 2994 1126 et
3026 1077 3266 1127 caetera.
3295 1069 3453 1125 Ima·

1944 1161 2051 1198 mu
2077 1145 2348 1199 homicida
2387 1163 2481 1199 ι...
2521 1142 2667 1197 Vide
2699 1158 2864 1213 supra
2892 1159 2946 1214 p.
2973 1144 3095 1199 ⁴86.

1553 1342 1659 1402 AD
1709 1341 2166 1401 EPISTOLAS.
2219 1336 2261 1407 ¹)

425 1541 600 1614 Epist.
636 1542 712 1597 11.
747 1544 1035 1600 Anastasio
1065 1544 1180 1598 PP.
1215 1544 1422 1600 Patrol.
1462 1547 1572 1599 151
1595 1544 1717 1600 coll.
1742 1562 1862 1600 cum

355 1614 468 1669 cod.
502 1615 716 1668 vindob.
749 1618 871 1669 629
896 1617 940 1688 s.
974 1617 1030 1670 9.
1062 1616 1109 1671 Ο
1139 1631 1436 1686 persona...

426 1683 485 1738 Β.
518 1690 573 1738 et
599 1684 696 1753 qui
722 1701 832 1739 non
865 1688 1168 1742 lassatur...
1196 1687 1262 1740 ad
1293 1686 1645 1741 frenandum.
1683 1730 1693 1742 .
1725 1700 1856 1757 qua-

358 1772 418 1810 re
447 1771 557 1808 non
587 1756 900 1813 abscidis...
937 1764 992 1811 et
1017 1758 1418 1814 suavissimum
1446 1759 1692 1813 odorem.

426 1826 484 1881 C.
520 1826 701 1896 etqui
737 1827 793 1882 in
822 1828 1205 1885 similitudine
1233 1832 1638 1899 gallinarum...
1671 1835 1858 1885 canta-

357 1910 418 1951 re
450 1902 737 1954 tentant...

430 1968 491 2022 D.
530 1969 603 2023 ita
633 1970 780 2039 quod
814 1970 931 2039 ipse
960 1972 1338 2030 maximum...

404 2043 531 2119 ‚152
558 2040 621 2094 A.
665 2041 815 2111 quod
846 2041 1014 2096 fallax
1042 2049 1097 2098 et
1136 2043 1553 2100 contrarium...
1595 2049 1652 2097 et
1680 2042 1859 2096 bomi-

359 2124 416 2163 ni
449 2112 659 2165 malum
691 2113 1036 2181 suggessit...

429 2181 486 2236 B.
519 2183 804 2245 cathedra,
837 2185 1010 2239 Deum
1039 2185 1357 2241 contemnis
1382 2186 1608 2256 quando
1637 2192 1760 2247 (om.
1785 2204 1861 2241 se-

357 2259 599 2324 quentia:
633 2258 842 2310 malum
873 2257 1254 2327 amplecteris,
1284 2257 1361 2311 ita
1388 2258 1538 2329 quod
1572 2256 1715 2312 illud
1747 2272 1859 2311 non

357 2324 582 2393 abjici5‚
615 2328 706 2381 sed
737 2328 1031 2389 oscularis,
1060 2330 1372 2399 quoniam).

431 2397 485 2451 C.
516 2397 646 2452 audi
682 2399 857 2465 igitur
889 2400 1121 2456 illum...

430 2467 492 2522 D.
517 2468 800 2523 interdum
829 2476 1076 2541 tempora
1099 2470 1527 2533 contractionis,
1547 2488 1676 2526 ac...
1702 2469 1861 2537 igno-

360 2541 474 2591 tam
518 2540 764 2609 linguam
807 2544 1161 2605 sonaret2)...
1206 2550 1328 2605 (om.
1373 2549 1543 2612 atque
1574 2547 1636 2596 ut
1668 2541 1863 2596 multi-

360 2611 602 2673 modam.
646 2614 738 2667 sed
781 2613 890 2667 sibi
932 2620 1333 2670 consonantem
1377 2614 1675 2669 melodiam
1707 2629 1862 2668 sona-

361 2688 539 2745 ret)...
573 2688 628 2738 et
656 2684 873 2740 dietum
905 2691 989 2739 est
1019 2685 1103 2739 illi
1135 2687 1238 2741 hoc
1274 2686 1422 2755 quod
1453 2686 1511 2739 in
1554 2684 1727 2740 latina
1758 2684 1862 2739 lin-

361 2767 465 2821 gua
494 2754 732 2827 desuper
763 2754 866 2809 tibi
897 2763 1186 2814 ostensa...

437 2827 535 2877 153
568 2827 633 2881 A.
667 2827 892 2897 quaudo
919 2828 1288 2883 consuetudo,

368 2894 766 3021 ωιὲρίῖιὸΒΙΠ.
819 2900 1075 2955 Adriano
1125 2901 1244 2955 PP.
1304 2901 1403 2958 col.
1468 2902 1608 2963 144,
1651 2900 1768 2955 cod.
1811 2898 1855 2967 f.

404 3038 496 3119 Ἀ.
541 3038 649 3104 Qui
697 3038 936 3096 vitam...
982 3040 1155 3097 liabes
1192 3047 1450 3099 autem...
1496 3039 1746 3097 frenabis
1773 3054 1858 3095 ca·

363 3110 764 3261 pllgosbgsseris
790 3196 1032 3253 pugnam
1056 3182 1325 3239 saevitiae
1353 3183 1691 3256 praeliorum
1718 3182 1856 3248 (edd.

361 3249 703 3314 Semelae)...
735 3254 907 3308 multa
929 3257 990 3308 in
1013 3255 1120 3323 fine
1136 3259 1460 3311 omittuntur
1481 3272 1517 3311 a
1542 3255 1738 3310 verbis:
1766 3251 1859 3307 sed

361 3321 466 3378 hoc
489 3337 675 3389 grave,
705 3341 876 3396 usque
899 3326 974 3379 ad
1010 3341 1078 3379 ne
1109 3326 1307 3382 timeas
1334 3326 1507 3397 quod.
1541 3326 1610 3380 In
1646 3327 1862 3381 clausu-

365 3392 455 3518 la‘:1
470 3396 702 3520 εἰῑίἓεὴυίἓ
730 3411 838 3450 non
878 3395 1235 3467 derelinquet
1266 3403 1339 3461 te.
1371 3397 1428 3452 in
1459 3396 1674 3453 lumine
1701 3394 1863 3451 illius

362 3481 610 3609 seEpist.
651 3510 742 3594 VJ.
787 3522 1032 3595 'Arnoldo
1070 3538 1404 3611 Mayunlino
1428 3539 1528 3595 col.
1569 3540 1706 3601 157.
1741 3539 1856 3593 cod.

361 3609 405 3678 s·
432 3610 697 3749 {Quare
735 3680 1034 3736 abscondis
1060 3678 1262 3737 faciem
1306 3686 1460 3737 tuam
1488 3696 1517 3735 a
1546 3682 1708 3735 meP..
1740 3693 1864 3749 pro-

363 3756 487 3821 pter
515 3749 753 3822 mystica
787 3752 950 3807 verba
979 3768 1123 3822 quae
1150 3769 1177 3805 a
1207 3768 1313 3807 me.
1345 3769 1398 3825 p.
1431 3752 1525 3808 sed
1554 3751 1864 3808 secundum

360 3821 603 3948 qussf‘i’ta
626 3891 774 3961 quod
805 3892 1139 3963 respicias...
1167 3893 1226 3949 in
1252 3893 1454 3950 timore
1477 3909 1623 3957 me0,
1651 3898 1708 3948 et
1728 3908 1862 3963 qua·

360 3981 488 4021 re...
530 3970 645 4036 post
669 3965 833 4019 verba
873 3964 977 4019 hoc
1004 3965 1160 4030 nolo,
1196 3984 1297 4021 om.
1340 3973 1551 4022 caetera
1587 3981 1757 4038 usque
1791 3965 1867 4020 ad

359 4036 714 4235 (ἔὲἕξὲἑῗῖιξ.
748 4103 1035 4163 Hertwino
1062 4107 1340 4163 Brememi
1362 4108 1462 4164 col.
1502 4108 1641 4169 162,
1667 4108 1782 4205 cod.
1811 4106 1856 4178 s.

396 4247 490 4329 .C·
531 4220 681 4319 [qui]
726 4244 784 4300 in
811 4246 996 4318 primo
1035 4247 1193 4304 die...
1225 4253 1282 4303 et
1310 4248 1444 4319 quia
1473 4248 1646 4306 etiam
1686 4246 1864 4304 scien-

363 4325 610 4461 uafipist.
655 4387 818 4445 XIII.
855 4388 1073 4444 Hillino
1105 4389 1416 4447 Trevirensi
1437 4393 1537 4448 col.
1579 4393 1719 4455 167,
1745 4392 1859 4447 cod.

361 4462 407 4534 s.
439 4463 538 4516 49.
570 4461 859 4531 Sapientia
889 4465 1116 4516 sonat...

435 4531 500 4588 A.
576 4533 629 4587 ui
659 4533 715 4586 in
747 4537 858 4586 tres
888 4538 1100 4586 turmas
1129 4531 1338 4588 exiit...
1367 4532 1474 4589 He!
1507 4532 1614 4589 Hel
1648 4538 1868 4604 tempus

365 4604 472 4660 hoc
498 4621 527 4659 c
578 4603 820 4659 undunt.
851 4602 921 4659 cf.
957 4619 1118 4675 supra
1150 4620 1201 4675 p.
1235 4606 1357 4659 486.
1434 4639 1440 4646 -

438 4831 480 4891 ¹)
517 4829 750 4885 Piaculo
786 4826 950 4889 duxi,
990 4828 1360 4898 quantumvis
1400 4829 1640 4884 nimium
1687 4835 1872 4884 tomus

366 4907 665 4963 cresceret,
709 4899 994 4967 negligere
1041 4906 1097 4954 et
1140 4901 1496 4969 pessumdare
1541 4917 1735 4968 graves
1784 4917 1869 4954 va-

365 4974 637 5029 rietatum
681 4971 952 5027 lectiones
980 4988 1046 5026 ex
1081 4972 1239 5026 codd.
1271 4971 1555 5027 Caesareis
1584 4974 1870 5036 collectas.

370 5044 431 5100 in
469 5043 731 5116 epistolis
771 5042 1006 5112 majoris
1044 5043 1317 5098 momenti
1359 5044 1583 5116 saepius
1628 5061 1877 5100 necessa-

366 5117 503 5179 rias,
544 5116 744 5171 saltem
785 5120 849 5169 ut
878 5114 1194 5170 indiculum
1239 5114 1559 5185 praeberem
1600 5114 1794 5171 futuro
1819 5122 1874 5170 et

365 5192 564 5259 optato
607 5185 881 5246 curatori.
929 5186 973 5241 si
1014 5186 1145 5256 quis
1189 5186 1408 5240 tandein
1462 5194 1721 5255 exurgat,
1774 5187 1874 5258 qui

364 5274 566 5315 novam
599 5258 908 5314 editionem
951 5257 1455 5326 Hildegardianam
1492 5260 1759 5314 omnibus
1791 5275 1877 5313 ve-

2020 1540 2063 1597 C
2111 1541 2283 1604 Audi,
2323 1541 2472 1612 quod
2509 1541 2739 1613 justitia
2767 1540 2864 1597 Dei
2907 1547 2960 1597 te
2997 1542 3275 1604 continet.
3316 1558 3452 1613 quo·

1952 1614 2103 1669 niam
2134 1614 2313 1681 gratia
2339 1613 2435 1668 Dei
2463 1614 2521 1668 in
2548 1628 2751 1668 vanum
2782 1619 2835 1669 te
2863 1629 2972 1667 non
3004 1613 3330 1677 constituit.
3359 1612 3453 1669 sed

1949 1701 2076 1741 cum
2107 1688 2252 1740 bona
2294 1700 2459 1763 opera
2494 1684 2674 1739 facere
2715 1684 2945 1756 incipiS.
2974 1686 3090 1741 cito
3124 1684 3448 1753 fatigaris...

2022 1758 2198 1829 Epist.
2243 1756 2364 1811 Xl.
2411 1754 2649 1811 Guntero
2689 1756 2938 1827 Spirensi
2960 1757 3059 1812 col.
3099 1759 3237 1821 171,
3259 1756 3373 1813 cod.
3403 1757 3448 1826 Ῑ.

1958 1831 2048 1883 15.
2086 1832 2199 1883 Lux
2231 1842 2481 1881 summae
2511 1826 2927 1898 inspirationis,

2020 1898 2080 1955 B.
2114 1896 2522 1954 admonitionis
2553 1898 2649 1953 Dei
2687 1898 2801 1953 noli
2833 1897 3188 1956 abscidere...

2016 1971 2074 2025 C.
2121 1972 2278 2026 Nunc
2327 1976 2410 2033 tu,
2452 1969 2689 2025 homo...
2734 1984 2898 2037 surge
2942 1969 3120 2025 citius
3167 1972 3295 2041 post
3340 1966 3454 2022 rui·

1950 2056 2146 2098 nam...
2196 2041 2269 2094 ita
2298 2041 2448 2112 quod
2477 2040 2692 2108 nigri...
2736 2040 2962 2110 quando
2994 2040 3179 2109 surgis
3214 2056 3243 2094 a
3273 2038 3458 2107 nigre-

1949 2114 2084 2168 dine
2116 2114 2210 2167 illa
2236 2114 2292 2167 in
2320 2129 2430 2183 qua
2454 2127 2603 2166 nune
2628 2113 2804 2182 jaces,
2843 2113 2901 2167 in
2926 2128 3037 2181 qua
3063 2116 3283 2166 tantum
3312 2108 3457 2181 aspi·

1948 2186 2096 2242 ciS...
2156 2186 2336 2240 multo
2409 2184 2662 2254 germine
2732 2182 2960 2238 sudavit
3007 2198 3291 2254 quemque
3341 2179 3457 2235 fru-

1950 2264 2175 2314 ctum...

2024 2328 2203 2399 Epist.
2260 2325 2478 2380 XVIII.
2547 2323 2863 2382 Hermanno
2909 2324 3312 2381 Constantiemi
3351 2323 3452 2380 col.

1962 2402 2094 2459 174,
2123 2400 2236 2453 cod.
2268 2399 2311 2466 s.
2343 2400 2441 2451 30.
2476 2396 2597 2451 Lux
2630 2395 2841 2451 vivens,
2873 2395 2944 2451 cs.
2977 2413 3033 2467 p.
3071 2400 3193 2451 527.
3225 2401 3343 2450 not.
3375 2398 3428 2448 5.

2027 2472 2149 2530 17⁴,
2194 2471 2291 2522 175
2330 2468 2396 2522 A.
2443 2468 2638 2523 Pastor
2691 2468 2747 2521 in
2787 2467 3207 2540 praepositione
3245 2466 3458 2521 anima·

1953 2555 2147 2596 rum...
2181 2539 2315 2593 Nam
2388 2538 2569 2593 nando
2595 2539 2745 2594 sol...

2009 2613 2206 2683 Epist.
2234 2554 2388 2665 ,1225
2416 2610 2645 2665 Danieli
2676 2610 2967 2683 I'rayemi,
2985 2610 3085 2665 col.
3120 2611 3235 2664 177
3243 2610 3384 2673 ,coit
3406 2609 3452 2678 f.

1963 2687 2055 2739 12.
2092 2682 2213 2735 Vox
2246 2688 2413 2736 vitae.

2025 2755 2089 2810 1).
2130 2754 2284 2808 illam
2313 2752 2661 2808 desideret...

2031 2830 2129 2880 173
2161 2825 2218 2879 B.
2254 2824 2350 2878 ubi
2381 2824 2551 2879 etiam
2595 2824 2751 2894 prius
2789 2838 2918 2879 cum
2959 2822 3240 2896 sapientia
3276 2837 3456 2877 surre-

1952 2896 2041 2951 xit
2072 2895 2127 2950 in
2156 2897 2463 2952 salvatore.
2500 2895 2646 2956 Hoc,
2677 2911 2708 2948 o
2738 2901 2798 2949 tu
2822 2896 3058 2951 boma...

2028 2969 2203 3041 Epist.
2236 2967 2453 3021 XXIII.
2487 2965 2725 3021 Hearico
2757 2968 2821 3022 de
2848 2967 3022 3023 Bevez
3042 2965 3141 3021 col.
3171 2968 3311 3029 180,
3334 2966 3451 3020 cod.

1951 3041 1996 3113 s.
2028 3044 2125 3097 27.
2162 3038 2374 3094 Vivens
2403 3038 2519 3093 lux.
3314 3044 3315 3047 ’

2031 3116 2126 3165 ¹81
2158 3112 2222 3167 A.
2254 3110 2303 3165 Ο
2331 3109 2515 3169 miles,
2545 3108 2688 3163 habe
2717 3124 2815 3163 nos
2846 3114 3052 3165 tecum.

2023 3182 2202 3254 Epist.
2233 3180 2410 3235 XXX.
2442 3180 2644 3235 Adamo
2671 3181 2736 3236 de
2770 3180 2925 3236 Ebra
2956 3182 3055 3238 col.
3092 3180 3229 3242 195.
3255 3179 3371 3235 cod.
3402 3179 3447 3249 s.

1951 3255 2052 3308 64.
2083 3255 2154 3326 cs.
2185 3269 2354 3325 supra
2380 3269 2432 3322 p.
2466 3253 2609 3305 534.

2023 3324 2089 3379 D.
2135 3323 2259 3378 Hoc
2303 3323 2423 3376 alae
2468 3336 2702 3390 magnae
2747 3319 2980 3377 fuerunt
3023 3321 3084 3390 (1.
3134 3322 3265 3391 sort.
3317 3318 3459 3375 fece·

1953 3400 2184 3457 runt,...

2031 3469 2132 3520 194
2160 3466 2223 3521 A.
2260 3464 2316 3520 in
2349 3462 2520 3519 initio
2547 3463 2734 3518 omnis
2761 3463 3105 3521 sanctitatis.

2025 3536 2085 3592 B.
2132 3535 2551 3592 vicissitudinis
2591 3550 2810 3591 morum
2849 3533 3069 3591 efflat...
3114 3534 3172 3590 in
3212 3537 3334 3590 rota
3365 3549 3458 3606 po-

1956 3607 2167 3664 tentiae
2194 3609 2410 3662 alarum
2441 3622 2711 3663 mearum.

2023 3678 2081 3735 C.
2117 3678 2445 3735 viriditas..
2477 3684 2761 3735 arescat...
2792 3678 2923 3750 finis
2945 3696 3048 3734 om.

2024 3751 2207 3888 Epis}j
2230 3750 2445 3874 XXXI(3
2461 3751 2656 3807 Abbati
2675 3752 3035 3807 Eberbacensi
3054 3750 3154 3805 col.
3184 3749 3321 3812 195,
3338 3749 3453 3805 cod.

1985 3866 1996 3877 .
2035 3825 2127 3878 14.
2214 3821 2269 3876 ui
2302 3826 2386 3876 est
2457 3822 2625 3877 icit...

1950 3823 1981 3893 Ι
2022 3892 2083 3948 Β.
2114 3893 2359 3949 Villicus
2379 3892 2547 3948 debet
2572 3890 2903 3947 fortissimis
2925 3889 3183 3946 moribus
3208 3888 3460 3958 gladium

1956 3962 2014 4018 in
2047 3964 2244 4032 vagina
2285 3965 2417 4018 darc
2445 3970 2501 4018 et
2530 3963 2800 4020 suavibus
2839 3962 3096 4018 moribus
3130 3962 3366 4030 sagittas
3399 3961 3461 4016 in

1951 4034 2216 4106 pharetra
2246 4035 2565 4098 ostendere,
2594 4041 2650 4091 et
2677 4033 2870 4105 capaci
2915 4032 3313 4089 benevolentia
3340 4048 3462 4087 aro·

1954 4112 2103 4161 mata
2137 4106 2546 4162 medicinarum
2580 4106 2849 4161 tribuere.
3112 4103 3135 4123 ⁶

2026 4179 2133 4251 Ep.
2154 4178 2349 4233 XXXI
2360 4177 2417 4234 V,
2438 4178 2765 4250 Maneyoldo
2778 4177 3178 4248 Hirsauqiemi
3193 4175 3293 4232 col.
3320 4174 3459 4238 199.

1953 4251 2069 4305 cod.
2101 4251 2145 4320 f.
2177 4253 2234 4305 3.
2261 4248 2446 4304 Ollam
2480 4249 2663 4303 vidi...

2027 4320 2205 4393 Epist.
2239 4320 2469 4376 XXXV.
2503 4321 2700 4376 Abbati
2729 4317 2786 4374 S.
2813 4317 3183 4373 Emmeramni
3205 4317 3307 4373 col.
3338 4318 3464 4372 200

1954 4393 2069 4447 cod.
2101 4394 2144 4463 s.
2180 4394 2277 4447 28.
2309 4392 2419 4458 Qui
2450 4397 2558 4454 est,
2586 4390 2751 4445 dicit.

2029 4462 2090 4517 Β.
2126 4461 2396 4517 Diabolus
2429 4461 2488 4516 in
2516 4460 2710 4532 aliquo
2733 4460 2963 4514 bomine
2987 4457 3263 4515 viderit...
3298 4457 3357 4513 in
3385 4458 3467 4513 vi-

1960 4532 2060 4588 tiis
2087 4548 2229 4603 quae
2262 4550 2533 4605 poenaS...
2579 4531 2788 4593 verbis.
2831 4532 2928 4587 ubi
2964 4536 3152 4586 tamen
3191 4530 3359 4586 bomo
3386 4545 3467 4584 re-

1960 4620 2216 4676 pugnans
2247 4604 2353 4660 scit
2382 4621 2444 4660 ea
2472 4607 2555 4661 sic
2583 4620 2693 4659 non
2722 4619 2859 4658 esse.

1970 4830 2039 4885 lit
2067 4827 2321 4884 numeris
2342 4827 2649 4883 absolvere.
2680 4828 2862 4883 Etiam
2895 4827 2952 4882 in
2977 4825 3292 4897 majoribus
3320 4824 3473 4880 litte·

1972 4901 2051 4955 ris
2081 4902 2256 4956 multa
2289 4899 2598 4955 minutiora
2627 4900 2893 4954 omittere
2920 4898 3195 4969 oportuit.

2037 4975 2081 5035 2)
2111 4973 2285 5028 Nemo
2312 4985 2480 5040 quem
2510 4970 2682 5026 sciam
2715 4970 2959 5033 notavit,
3002 4971 3060 5024 in
3089 4969 3194 5024 hac
3233 4966 3474 5039 epistola

1967 5043 2034 5097 ad
2075 5044 2440 5099 Anastasinm
2469 5044 2577 5098 PP.
2609 5040 2908 5096 memorari
2946 5040 3087 5096 satis
3119 5047 3311 5111 aperte
3339 5053 3474 5108 opu·

1968 5117 2122 5170 scula
2164 5114 2553 5184 Hildegardis.
2598 5130 2799 5186 nempe
2839 5114 3116 5185 Linquam
3143 5117 3388 5185 iqnotam
3411 5113 3470 5163 et

1968 5187 2306 5244 Cantilenas.

2038 5259 2080 5323 ³)
2112 5258 2242 5314 Vid.
2277 5276 2439 5332 supra
2474 5273 2523 5328 p.
2558 5261 2662 5312 535
2694 5260 2810 5310 not.
2844 5259 2893 5311 2.
