4036 6117
757 464 889 525 554
1904 476 1954 521 s.
2013 476 2565 522 lllLDEGARDlS

689 601 772 661 ad
820 600 1027 660 Deum
1075 598 1393 658 anhelare
1457 595 1768 669 voluerit,
1820 601 1888 655 et
1937 611 2091 655 eum
2143 597 2481 671 amplecti,
2552 604 2709 657 tunc
2758 596 3007 656 multae
3073 603 3408 659 torrentes
3456 616 3667 677 aquae
3708 607 3764 661 et

686 704 898 764 multa
931 702 1205 763 flumina
1239 701 1425 761 illum
1460 715 1663 776 saepe
1698 701 2024 774 operient,
2062 700 2380 776 quatinus
2413 716 2568 760 eum
2614 700 2699 761 ab
2732 699 2857 760 bac
2894 701 3259 763 intentione
3294 711 3626 779 avertant,
3658 710 3770 767 sci·

682 811 841 871 licet
870 807 1231 884 aliquando
1281 806 1348 866 in
1379 821 1581 865 carne
1630 821 1776 879 sua,
1814 805 2177 881 aliquando
2215 806 2279 865 in
2314 805 2649 865 saeculari
2684 808 3054 866 vocatione.
3093 806 3215 867 Sed
3250 824 3405 867 cum
3443 810 3573 869 hoc
3605 827 3768 870 sum·

682 929 835 973 mus
868 911 1068 972 Pater
1115 909 1396 977 viderit,
1448 909 1712 982 virgam
1759 907 2079 983 extendit,
2132 914 2200 968 et
2249 907 2426 969 hunc
2477 908 2620 986 (fol.
2669 908 2786 987 90)
2839 908 3049 970 filium
3098 912 3415 986 percutit,
3451 920 3765 988 quatenus

682 1019 1103 1079 dulcedinem
1151 1016 1474 1076 vanitatis
1521 1030 1652 1074 non
1698 1016 1944 1089 gustet,
1997 1013 2115 1073 sed
2166 1020 2239 1074 ut
2271 1014 2355 1074 ad
2406 1015 2795 1075 interiorem
2843 1016 3175 1077 hominem
3228 1018 3539 1092 aspiciat.
3576 1018 3651 1078 Et
3680 1021 3766 1080 sic

682 1121 881 1183 homo
932 1122 1045 1182 ille
1078 1121 1144 1180 in
1195 1121 1455 1195 magnis
1490 1119 1838 1178 laboribus
1891 1118 2235 1193 fatigatur.
2272 1119 2489 1192 Nunc,
2541 1133 2697 1178 care
2731 1120 2822 1179 fili
2857 1120 2996 1195 Dei,
3035 1122 3093 1180 si
3129 1122 3259 1181 iste
3294 1122 3474 1182 filius
3509 1139 3605 1197 eS,
3638 1124 3768 1184 dul-

684 1226 1032 1286 cissimam
1081 1230 1396 1292 matrem,
1447 1221 1709 1280 scilicet
1757 1221 2232 1281 discretionem
2282 1223 2718 1298 amplectere,
2771 1224 3019 1299 etipsa
3070 1223 3196 1283 hoc
3229 1225 3424 1284 modo
3477 1232 3546 1284 te
3578 1229 3767 1285 corri-

682 1332 803 1407 git,
855 1330 1031 1408 quod
1065 1343 1333 1389 carnem
1385 1332 1567 1386 tuam
1604 1340 1755 1384 cum
1809 1325 2274 1384 misericordia
2310 1341 2560 1401 ungaS,
2611 1342 2692 1385 ne
2727 1326 3015 1400 deficiat,
3067 1334 3134 1386 et
3166 1331 3242 1388 ut
3273 1329 3475 1387 etiam
3519 1330 3767 1388 interio-

678 1451 818 1494 rem
868 1434 1201 1494 hominem
1238 1430 1588 1491 osculeris,
1639 1429 1718 1488 Et
1753 1429 1852 1488 sic
1900 1429 2206 1504 diligenti
2250 1429 2588 1489 desiderio
2640 1430 2721 1489 ad
2757 1430 2961 1490 Deum
3013 1431 3277 1502 anhela,
3313 1439 3382 1492 et
3431 1434 3579 1509 ipse
3613 1450 3766 1493 sem·

683 1555 804 1614 per
853 1544 917 1597 te
952 1536 1319 1609 custodiet,
1373 1536 1465 1593 ita
1503 1532 1675 1609 quod
1715 1531 1986 1592 ssumina
2024 1538 2238 1592 totum
2276 1535 2339 1592 te
2374 1549 2502 1592 non
2536 1534 2861 1609 operient.
2907 1535 3091 1594 Nunc
3119 1542 3265 1595 esto
3300 1537 3462 1610 vigil
3505 1538 3571 1596 in
3606 1553 3768 1595 men·

688 1654 773 1719 te,
809 1648 875 1705 et
907 1644 1083 1703 Deus
1118 1649 1181 1701 te
1216 1642 1480 1716 diliget,
1514 1642 1582 1699 et
1613 1654 1951 1713 nunquam
1991 1645 2056 1697 te
2089 1639 2529 1715 derelinquet.

2145 1848 2297 1909 CVI.

1315 2032 1655 2110 Bertholfo
1684 2025 1730 2107 ¹)
1770 2032 2084 2090 monacho
2118 2030 2198 2087 de
2236 2030 2630 2089 Zvvivelden
2672 2030 3107 2108 Hildeqardis.

757 2215 958 2271 Pacem
987 2208 1241 2280 suggerit
1263 2211 1324 2264 et
1351 2204 1676 2279 proximum
1704 2204 1815 2260 iter
1842 2203 2099 2269 nuntiat,

769 2350 973 2410 Video
1022 2353 1096 2406 ut
1130 2345 1290 2418 vidi,
1340 2349 1408 2402 et
1438 2341 1638 2403 audio
1689 2343 1765 2402 ut
1797 2341 2045 2401 audivi.
2096 2342 2186 2401 Te
2220 2348 2447 2402 autem
2495 2343 2691 2403 video
2737 2344 2923 2402 velut
2973 2341 3333 2416 hominem,
3370 2358 3571 2419 quem
3606 2342 3766 2400 Deus

680 2456 849 2528 vult,
899 2459 967 2513 et
999 2466 1198 2528 quem
1245 2448 1484 2523 diligit.
1538 2445 1662 2506 Sed
1714 2447 1938 2505 tamen
1986 2446 2384 2507 vicissitudo
2436 2463 2696 2507 morum
2746 2454 2812 2507 et
2862 2449 3046 2507 velut
3094 2447 3361 2506 mobilis
3410 2447 3666 2507 arundo
3712 2447 3771 2505 in

682 2563 902 2617 mente
937 2562 1052 2616 tua
1090 2551 1421 2612 interdum
1449 2553 1573 2610 est.
1603 2549 1727 2608 Sed
1758 2546 1809 2628 2)
1845 2547 2248 2624 Sigebodum
2280 2549 2475 2609 video
2512 2551 2577 2609 in
2612 2552 2977 2611 intentione
3004 2568 3127 2611 sua
3160 2552 3583 2621 rutilantem,
3617 2556 3681 2610 et
3714 2553 3768 2609 in

681 2660 1118 2737 occupatione
1167 2656 1585 2733 quorundam
1621 2655 1927 2714 laborum
1978 2671 2254 2714 suorum
2296 2655 2672 2730 fatigatum,
2725 2658 2840 2733 qui
2877 2662 3100 2717 tamen
3150 2659 3352 2719 utiles
3388 2660 3570 2718 sunt.
3620 2658 3772 2717 Pau-

680 2784 758 2827 ca
794 2766 958 2825 haec
994 2763 1198 2823 verba
1233 2762 1427 2822 vobis
1461 2761 1657 2821 modo
1690 2760 1864 2834 dicO,
1899 2761 2020 2820 sed
2055 2777 2206 2821 cum
2242 2762 2417 2821 Deus
2454 2763 2765 2836 voluerit,
2806 2765 2868 2823 in
2902 2780 3182 2841 corpore
3217 2782 3323 2825 me
3357 2765 3693 2825 videbitis,
3723 2759 3765 2825 'l

2135 2970 2318 3029 CVII.

1284 3155 1592 3216 Gerwino
1624 3157 1938 3216 monacho
1972 3154 2052 3213 de
2088 3161 2311 3213 sancto
2347 3155 2675 3214 Euchario
2710 3157 3155 3235 Hildeqardis.

749 3334 1105 3408 Propositum
1133 3330 1436 3389 consilium
1463 3328 1594 3384 aliis
1622 3326 1965 3384 inserviendi
1992 3327 2286 3398 approbat.

768 3476 819 3535 Ο
866 3474 1109 3533 dilecte
1145 3469 1235 3529 fili
1285 3467 1425 3542 Dei,
1464 3466 1587 3527 tibi
1636 3466 2073 3543 respondebo,
2125 3466 2246 3525 Illa
2295 3466 2533 3525 electio
2581 3464 2699 3524 Dei
2746 3472 2851 3526 est
2909 3467 3024 3527 ita:
3073 3466 3249 3527 Deus
3296 3469 3535 3543 noluit,
3591 3472 3662 3529 ut
3705 3470 3763 3528 in

673 3577 1114 3657 perditionem
1140 3575 1207 3632 et
1240 3571 1306 3630 in
1340 3570 1722 3645 periculosa
1753 3574 2031 3645 peccata
2069 3568 2227 3643 ireS,
2266 3569 2444 3629 sicut
2475 3570 2749 3645 propria
2784 3571 3093 3631 voluntas
3129 3572 3422 3633 hominis
3462 3573 3763 3650 frequen-

677 3689 780 3741 ter
811 3677 1128 3755 postulat.
1165 3673 1244 3733 Et
1279 3673 1409 3732 ista
1442 3672 1680 3731 electio
1714 3687 1842 3729 non
1882 3673 1986 3731 est
2020 3670 2224 3730 officii
2262 3672 2389 3745 tui,
2429 3672 2544 3730 sed
2580 3678 2804 3732 tamen
2836 3689 2966 3732 non
3001 3673 3194 3732 video
3244 3674 3765 3752 indignationem

677 3788 796 3847 Dei
845 3799 996 3845 esse
1035 3782 1100 3841 in
1148 3780 1273 3839 hac
1307 3794 1537 3852 causa,
1590 3794 1723 3853 qua
1756 3783 2125 3851 occupatus
2173 3794 2247 3836 es
2284 3778 2348 3836 in
2401 3778 2817 3838 invocatione
2855 3778 3218 3840 hominum.
3272 3781 3623 3857 Correptio
3659 3797 3765 3841 au·-

681 3901 816 3953 tem
866 3892 932 3951 in
966 3895 1030 3948 te
1081 3887 1206 3947 hoc
1244 3885 1436 3945 modo
1485 3890 1622 3958 est,
1676 3883 1852 3960 quod
1900 3884 2313 3944 voluntatem
2368 3890 2547 3943 tuam
2601 3885 2933 3945 interdum
2984 3887 3260 3964 implere
3309 3904 3438 3947 non
3487 3890 3762 3964 poteris,

675 4012 875 4073 quam
927 3993 1211 4053 libenter
1247 3989 1389 4067 (sol.
1440 3986 1556 4066 91)
1597 3987 1930 4063 implereS.
1982 3987 2159 4046 Deus
2210 3987 2582 4063 provideat,
2634 3993 2700 4047 et
2738 3995 2927 4064 regat
2959 4006 3223 4050 omnem
3258 4006 3538 4050 causam
3589 3999 3762 4051 tuam

680 4101 743 4159 in
778 4099 1000 4159 anima
1034 4099 1100 4156 et
1135 4109 1438 4169 corpore.

2110 4273 2325 4333 CVIII.

1298 4456 1621 4518 Adelhedi
1670 4454 2027 4516 abbatissae
2062 4457 2141 4515 de
2180 4456 2630 4520 Gandershem
2679 4460 3119 4539 Hildeqardis.

684 4616 689 4620 ¹
749 4632 1174 4690 Nobilissimam
1202 4630 1570 4692 abbatissam.
1602 4629 1885 4685 interdum
1912 4628 2067 4684 curis
2092 4633 2150 4684 et
2177 4629 2457 4685 molestiis
2483 4631 2824 4703 depressam,
2859 4632 3138 4688 sublevat.

758 4777 1006 4837 Serena
1054 4774 1166 4831 lux
1199 4770 1283 4830 ad
1335 4772 1398 4830 te
1431 4771 1614 4830 dicit:
1665 4770 1821 4830 Dies
1856 4776 2120 4829 noctem
2169 4770 2539 4846 praecellit,
2576 4777 2645 4830 et
2691 4789 2820 4831 nox
2855 4772 3207 4833 scientiam
3255 4773 3558 4850 loquitur
3603 4792 3756 4853 quo-

670 4881 902 4943 modo‘?
949 4879 1103 4938 Dies
1153 4875 1436 4936 videndo
1486 4883 1552 4935 et
1586 4874 1914 4935 audiendo
1963 4875 2225 4950 probat,
2267 4876 2333 4934 in
2379 4892 2511 4952 quo
2561 4878 2944 4938 laetandum
2977 4883 3044 4939 et
3076 4878 3495 4954 gaudendum
3548 4883 3657 4956 sit;
3693 4888 3755 4941 et

742 5085 783 5147 Ι)
810 5082 1058 5152 Ber-celso
1084 5080 1428 5135 cod.habere
1453 5077 1677 5131 videtur
1691 5075 1760 5132 cs.
1784 5092 1870 5147 ep.
1895 5081 2015 5139 ¹23,
2045 5080 2166 5139 ¹28.
2258 5077 2448 5146 exegit
2473 5076 2707 5133 sortasse
2742 5079 3107 5148 Hildegardis
3132 5079 3357 5150 quando
3395 5080 3453 5134 in
3490 5088 3747 5152 provecta

677 5161 1100 5236 155.·'-‘2')Siyebo
1113 5161 1681 5228 deumcod.·-⁸)Qnasi
1701 5162 2039 5232 promissum
2060 5163 2169 5217 iter
2256 5167 2460 5228 aetate,
2492 5161 2715 5218 tandem
2743 5164 2981 5220 dissidia
3003 5164 3382 5235 Hirsaugiana
3410 5165 3745 5238 composuit.
