4036 6117
1209 517 1448 565 mm-:n
1495 516 1698 563 vrrs:
1746 514 2206 562 nssnwonum
2255 518 2312 562 Ρ.
2363 516 2473 563 111.
2550 501 2553 502 ’

335 655 448 696 non
507 636 781 710 videbit,
840 655 1036 714 quam
1088 639 1496 717 postfinem
1555 635 1790 696 mundi

335 760 466 800 cum
512 759 771 800 summa
818 740 1225 800 beatitudine
1259 740 1484 800 beatus
1518 737 1788 801 habebit.

415 840 686 904 XXXII.
730 844 919 906 Liber
956 845 1338 920 Sapientiae
1375 845 1460 902 ad
1494 847 1795 903 eamdem

343 966 489 1008 rem.

417 1052 689 1112 XXXIII.
724 1053 906 1125 Quod
933 1055 1116 1127 vitia,
1156 1059 1406 1130 septem
1432 1051 1622 1111 donis
1653 1053 1799 1129 Spi-

339 1161 497 1216 ritus
549 1158 778 1218 Sancti
827 1159 1133 1215 resiste-re
1185 1158 1537 1230 tentantia,
1587 1159 1797 1215 virtus

339 1263 450 1321 Dei
481 1265 750 1320 omnino
782 1268 1160 1340 eaesuperat.

419 1366 728 1427 XXXIIII.
789 1367 1186 1443 Specialiter
1239 1366 1320 1425 de
1378 1363 1685 1443 superbia
1738 1371 1801 1422 et

336 1471 551 1532 habitu
584 1470 728 1544 ejus
763 1477 825 1531 et
859 1472 1020 1549 quid
1057 1473 1394 1550 siqnificet.

419 1571 691 1637 XXXV.
732 1577 1127 1652 Specialiter
1175 1576 1253 1634 de
1311 1575 1566 1634 invidia
1598 1581 1656 1631 et
1692 1577 1801 1633 ha-

337 1680 465 1738 bitu
498 1677 640 1753 ejus
674 1688 736 1738 et
773 1681 933 1757 quid
968 1681 1305 1758 siynificet.

420 1783 688 1842 XXXVI.
730 1783 919 1844 Liber
956 1785 1335 1860 Sapientiae
1387 1782 1470 1841 ad
1505 1768 1802 1841 eamdem

339 1909 488 1951 rem.

418 1991 752 2055 XXXVII.
807 1995 1199 2074 Specialiter
1246 1993 1325 2052 de
1359 1994 1551 2051 inani
1593 1992 1802 2068 9loria

340 2107 394 2159 et
428 2100 656 2161 habitu
688 2099 829 2175 ejus
869 2106 932 2160 et
967 2100 1130 2177 quid
1162 2100 1502 2178 significet.

377 2202 739 2266 XXXVIII.
778 2207 1171 2284 Specialiter
1197 2204 1277 2263 de
1313 2201 1759 2263 inobedientia

341 2319 394 2372 et
428 2313 657 2375 habitu
690 2310 834 2386 ejus
869 2317 931 2371 et
968 2312 1128 2389 quid
1161 2310 1499 2389 siqnificet.

418 2413 817 2478 XXXVIIII.
857 2418 1250 2496 Specialiter
1283 2416 1362 2475 de
1405 2413 1801 2494 infidelitate

339 2534 392 2583 et
428 2527 509 2583 de
545 2524 772 2585 habitu
803 2521 945 2597 ejus
980 2531 1039 2583 et
1076 2524 1236 2602 quid
1270 2522 1609 2599 siqnificet.

419 2631 556 2694 XL.
597 2634 850 2695 Paulus
884 2635 970 2693 ad
1001 2632 1301 2692 eamdem
1333 2648 1495 2688 rem.

419 2736 587 2798 XLI.
651 2739 1043 2815 Specialiter
1099 2736 1177 2795 de
1226 2733 1684 2810 desperatione
1741 2735 1799 2786 et

339 2843 559 2902 habitu
593 2839 734 2915 ejus
769 2849 829 2901 et
867 2841 1028 2918 quid
1062 2839 1401 2916 siqnificet.

420 2944 620 3006 XLII.
659 2947 1052 3023 Specialiter
1086 2945 1165 3004 de
1199 2943 1478 3001 luxuria
1524 2944 1586 2997 et
1636 2937 1809 3000 habi-

340 3062 407 3111 tu
438 3049 584 3127 ejus
619 3058 680 3111 et
717 3052 878 3129 quid
912 3052 1253 3131 siqnificet.

425 3156 653 3220 XLIII.
693 3161 949 3220 Paulus
981 3159 1066 3217 ad
1099 3157 1396 3217 eamdem
1428 3172 1591 3212 rem.

426 3264 689 3330 XLIIII.
726 3271 897 3328 Item
931 3266 1309 3344 specialiter
1342 3262 1421 3321 dc
1454 3264 1670 3339 forma
1710 3280 1809 3318 ze-

345 3377 389 3434 li
423 3376 547 3434 Dei
581 3382 644 3434 et
679 3375 840 3453 quid
873 3373 1210 3451 siqnificet.

426 3478 621 3541 XLV.
668 3480 867 3539 Verba
901 3478 1012 3539 Job
1044 3478 1124 3536 de
1158 3475 1405 3534 eodem.

426 3584 651 3645 XLVI.
684 3588 776 3647 De
804 3584 1193 3663 quibusdam
1220 3579 1635 3657 purqatoriis
1657 3591 1809 3653 poe-

343 3694 443 3750 nis
511 3694 896 3750 animarum
953 3686 1390 3765 quorumdam
1467 3683 1808 3742 hominum

344 3798 455 3871 qni
515 3798 588 3855 in
644 3793 952 3872 superbia
993 3795 1448 3870 peccaverant,
1499 3794 1560 3847 et
1609 3804 1812 3863 quare

344 3918 452 3958 eas
489 3904 604 3961 hoc
635 3900 824 3959 modo
855 3900 1248 3958 sustineant.

429 4007 675 4066 XLVII.
715 4005 1041 4079 Quomodo
1073 4004 1372 4063 homines
1415 3994 1816 4074 poenitendo

343 4118 689 4187 peccatum
746 4108 1086 4186 superbiae
1143 4109 1214 4164 in
1262 4120 1461 4163 carne
1519 4118 1643 4158 sua
1692 4116 1817 4173 pu·-

347 4218 558 4275 niani.

435 4316 719 4379 XLVIII.
788 4316 971 4390 Quod
1034 4314 1328 4376 cilicium
1357 4352 1375 4378 ,
1456 4309 1653 4386 flea-io
1713 4325 1818 4381 qe-

350 4446 590 4495 netum,
623 4424 919 4493 verbera,
954 4420 1247 4496 suspiria
1279 4423 1339 4474 et
1369 4415 1683 4497 lacrimae
1711 4429 1818 4469 su-

347 4531 643 4607 perbiam
675 4530 1086 4603 demerqu'nt.
1118 4517 1165 4599 ¹)

439 4632 752 4694 XLVIIII.
809 4632 990 4705 Quod
1024 4628 1350 4705 superbia,
1386 4630 1601 4684 mater
1634 4624 1819 4681 vitio-

3196 502 3324 563 103

1901 636 2159 695 invidia
2204 638 2650 714 deliquerant,
2706 643 2765 695 et
2817 658 2935 698 cur
2982 639 3243 697 easdem
3281 641 3375 699 sic

1897 739 2271 821 patiantur.

1993 845 2092 904 LI.
2148 845 2449 918 Qualiter
2495 850 2790 907 homines
2831 848 3234 924 poenitendo
3266 845 3377 908 de·-

1905 951 2137 1010 lictum
2169 952 2460 1011 invidiae
2496 955 2568 1011 in
2602 955 2971 1029 semetipsis
2998 959 3312 1030 purqent.

1995 1057 2121 1117 LII.
2163 1059 2346 1131 Quod
2394 1060 2604 1119 invidi
2652 1059 2891 1120 bonum
2938 1063 3011 1120 in
3045 1063 3197 1122 aliis
3240 1079 3375 1121 non

1907 1168 2235 1230 amanteS,
2278 1163 2611 1222 Christum
2643 1166 3017 1241 opprimere
3066 1165 3383 1226 conaban-

1910 1270 2043 1337 tur,
2076 1271 2352 1340 propter
2386 1268 2555 1342 quod
2587 1268 2909 1327 destructi
2944 1275 3120 1328 sunt.

1996 1366 2155 1427 LIII.
2212 1369 2394 1441 Quod
2442 1372 2719 1445 invidia,
2772 1390 2921 1432 cum
2963 1376 3107 1434 odio
3155 1393 3380 1435 omnes

1904 1473 2077 1530 vires
2104 1475 2364 1532 animae
2392 1477 2672 1536 hominis
2700 1495 3124 1554 commovens,
3150 1480 3383 1540 Diabo-

1910 1575 1970 1632 lo
1996 1579 2429 1654 assimilatur,
2466 1583 2579 1657 qui
2614 1580 2746 1639 Deo
2780 1584 3084 1642 resistere
3122 1588 3354 1642 tentat.

2000 1675 2190 1743 LIIII.
2249 1685 2419 1742 Item
2482 1686 2560 1743 de
2627 1685 3015 1762 quibusdam
3069 1692 3385 1764 purqato-

1910 1791 2029 1847 riis
2049 1792 2282 1864 poenis
2308 1793 2689 1849 animarum
2717 1792 3153 1868 quorumdam
3179 1793 3381 1852 homi-

1910 1912 2096 1968 num,
2131 1897 2245 1972 qui
2277 1898 2469 1954 inani
2501 1897 2711 1972 qloria
2743 1898 2815 1955 in
2863 1898 3122 1955 saecuto
3150 1913 3385 1972 pecca-

1911 2007 2164 2075 verant,
2201 2006 2263 2058 et
2295 2018 2500 2077 quare
2536 2001 2689 2059 illas
2725 2003 2816 2059 sic
2848 1999 3146 2060 habeant.

1997 2101 2120 2162 LV.
2144 2102 2470 2176 Quomodo
2494 2107 2787 2164 homines
2812 2105 3209 2180 poenitendo
3230 2123 3381 2180 pec-

1909 2199 2129 2268 catum
2160 2210 2384 2268 inanis
2417 2209 2662 2285 qloriae
2711 2211 2783 2268 in
2833 2208 3204 2286 corporibus
3242 2211 3381 2268 suis

1906 2313 2219 2388 puniant.

2001 2417 2154 2477 LVI.
2210 2418 2392 2490 Quod
2440 2421 2663 2478 inanis
2710 2420 2941 2495 qim-ia,
2978 2418 3384 2476 voluntatem

1914 2543 2101 2583 suam
2133 2525 2364 2586 habere
2400 2527 2646 2599 volenS,
2682 2527 2904 2582 omnia
2936 2540 3102 2600 quae
3153 2530 3381 2581 sancta

1914 2636 2096 2702 sunt,
2133 2632 2206 2688 in
2242 2632 2621 2690 irrisionem
2654 2629 2855 2688 ducit.

2005 2733 2187 2792 LVII.
2226 2734 2394 2792 Item
2429 2735 2508 2792 de
2550 2732 2936 2809 quibusdam
2980 2735 3388 2809 purqatoriis

1907 2841 2138 2915 poenis
2165 2842 2545 2898 animarum
2564 2838 3002 2913 quorumdam
3018 2841 3384 2910 hominum,

1915 2944 2029 3018 qui
2071 2962 2197 3019 per
2250 2942 2764 3001 inobedientiam
2819 2942 3262 3018 deliquerant,
3322 2948 3383 2999 et

1914 3067 2116 3125 quare
2152 3066 2260 3107 eas
2295 3048 2414 3108 tali
2449 3049 2639 3108 modo
2664 3049 3037 3125 patiantur.

2004 3152 2219 3212 LVIII.
2282 3154 2583 3225 Qualiter
2638 3155 2932 3212 homines
2987 3151 3388 3226 poenitendo

1917 3259 2238 3316 delictum
2315 3258 2795 3317 inobedientiae
2874 3258 2943 3313 in
3013 3258 3386 3331 semetipsis

1917 3367 2323 3424 examinent.

2007 3466 2249 3528 LVIIII.
2304 3469 2485 3540 Quod
2532 3468 2978 3528 inobedientia
3019 3468 3386 3543 pessimum

1913 3572 2168 3630 malum
2200 3576 2517 3646 existens,
2567 3592 2689 3633 nec
2724 3573 2936 3633 Deum
2970 3574 3233 3643 timere,
3267 3590 3389 3631 nec

1916 3679 2247 3737 hominem
2277 3681 2595 3738 honorare
2627 3681 2791 3737 vult.

2009 3781 2134 3842 Lx.
2192 3783 2360 3841 Item
2415 3784 2495 3842 de
2551 3782 2938 3860 quibusdam
2982 3782 3391 3858 puryatoriis

1918 3888 2149 3962 poenis
2183 3889 2566 3947 animarum
2598 3888 2939 3945 hominum
2971 3886 3244 3943 illorum
3276 3886 3393 3960 qui

1925 3994 1997 4051 in
2056 3991 2316 4050 saeculo
2370 4008 2495 4066 per
2563 3990 3026 4069 infidelitatem
3085 4004 3395 4063 peecave-

1922 4106 2109 4170 rant,
2146 4102 2207 4158 et
2245 4116 2364 4159 cur
2396 4114 2505 4155 eas
2539 4097 2630 4153 sic
2664 4095 3060 4152 sustineant.

2014 4202 2168 4262 LXI.
2237 4201 2562 4275 Quomodo
2624 4200 2918 4260 homines
2989 4194 3393 4271 poenitendo

1918 4314 2264 4384 peccatum
2328 4307 2497 4382 quod
2556 4322 2681 4381 per
2741 4300 3203 4380 infidelitatem
3237 4340 3243 4347 .
3272 4297 3392 4359 sibi

1925 4416 2347 4484 contrahunt,
2383 4413 2455 4468 in
2491 4408 2858 4483 semetipsis
2893 4405 3182 4463 deleant.

2015 4518 2199 4578 LXII.
2225 4514 2406 4590 Quod
2431 4514 2813 4595 infidelitas,
2844 4530 2966 4571 nee
2986 4510 3123 4570 Deo
3140 4526 3262 4569 nec
3287 4510 3398 4569 ho-

1921 4622 2211 4683 minibus
2260 4623 2610 4702 confidens,
2662 4625 3037 4681 creaturam
3087 4617 3210 4677 Dei
3250 4634 3400 4676 con·-

352 4759 502 4800 rum
536 4741 855 4811 existens,
891 4740 964 4795 in
995 4753 1144 4794 rore
1177 4732 1650 4792 benedictionis
1691 4730 1822 4787 vir·
1930 4729 2189 4787 temnit.
2410 4778 2414 4783 ,

354 4852 570 4904 tutum
603 4859 738 4902 non
769 4842 1118 4918 yerminat.

441 4948 509 5007 L.
540 4949 708 5006 Item
734 4949 814 5005 de
840 4946 1224 5023 quibusdam
1249 4943 1652 5020 puryatoriis
1673 4955 1825 5015 poe-

355 5054 462 5107 nis
494 5055 876 5109 animarum
911 5053 1249 5112 hominum
1287 5049 1557 5105 illorum
1604 5047 1716 5121 qui
1751 5046 1820 5100 in

447 5202 464 5239 ¹
474 5216 488 5265 )
513 5202 858 5271 submeryunt
887 5198 976 5252 W.

2021 4827 2246 4891 LXIII.
2293 4829 2492 4890 Verba
2529 4829 2738 4890 David
2769 4828 2854 4887 ad
2887 4827 3185 4885 eamdem
3218 4841 3382 4883 rem.

2021 4936 2266 4996 LXIIII.
2321 4936 2412 4994 De
2447 4935 2837 5012 quibusdam
2876 4932 3111 5008 poenis
3144 4932 3402 4988 anima-

1933 5061 2078 5100 rum
2110 5042 2446 5101 hominum
2482 5039 2749 5097 illorum
2776 5038 2888 5113 qui
2916 5039 2985 5095 in
3016 5035 3273 5096 saeculo
3307 5036 3401 5094 vi-
