4036 6117
1323 543 1753 591 Exposrmo
1799 539 2468 588 EVANGELIORUM.
3247 520 3377 580 253

353 659 703 723 irrisiones
739 678 815 723 ac
866 667 1078 723 artem
1113 662 1444 738 magicam
1491 670 1557 723 et
1590 662 1892 737 delubra,
1945 667 2018 722 ut
2049 660 2437 734 Jeroboam,
2489 658 2606 735 qui
2647 657 2817 718 duos
2866 658 3116 718 vitulos
3167 657 3327 717 fecit
3375 657 3442 715 in

351 764 494 825 Dan
526 772 593 825 et
629 766 695 825 in
727 766 979 827 Bethel.
2116 818 2123 825 .

450 870 630 931 Tunc
677 872 1119 948 adimpletum
1151 877 1276 937 est,
1328 870 1392 930 id
1425 876 1531 930 est
1581 869 2007 930 manifestum
2061 869 2231 946 quod
2278 868 2528 928 dietum
2576 872 2672 925 est
2718 885 2840 944 per
2888 866 3249 926 Jeremiam
3288 879 3447 941 pro-

341 974 655 1049 phetam,
708 975 1020 1033 videlicet
1053 989 1173 1051 per
1219 975 1519 1034 divinum
1554 976 1932 1049 oraculum,
1984 975 2345 1046 dicentem,
2382 973 2540 1048 quia
2586 971 2763 1030 Deus
2814 971 2910 1029 ita
2958 970 3025 1029 in
3056 967 3441 1045 hujusmodi

350 1077 764 1137 vanitatibus
816 1077 1124 1137 irritatus
1158 1079 1266 1138 sit:
1328 1078 1458 1138 Vox
1491 1081 1564 1138 in
1612 1079 1846 1152 Roma,
1885 1077 1950 1136 id
1984 1079 2090 1136 est
2124 1081 2277 1136 ante
2308 1074 2540 1150 Deum,
2593 1074 2827 1135 audita
2857 1080 2976 1149 est,
3029 1073 3096 1133 in
3142 1072 3443 1148 querela,

341 1182 686 1258 ploratus,
740 1181 1141 1258 indignatio,
1176 1190 1239 1242 et
1288 1182 1591 1241 ululatus
1624 1182 1906 1252 multus,
1959 1181 2221 1241 scilicet
2254 1179 2617 1240 calumnia:
2670 1179 2940 1253 Rachel,
2977 1175 3156 1254 quod
3203 1177 3307 1237 est
3337 1190 3447 1234 sa-

348 1287 625 1362 pientia,
654 1287 928 1364 plorans
959 1286 1260 1347 dicendo:
1297 1286 1458 1357 Quis
1491 1291 1596 1344 est
1630 1285 1758 1345 iste
1791 1286 1905 1361 qui
1938 1285 2146 1344 Deum
2182 1283 2435 1360 abjicit,
2471 1285 2539 1344 et
2561 1281 2913 1344 Diabolum
2945 1278 3340 1342 veneratur?
3372 1278 3445 1358 fi-

352 1390 473 1449 lios
522 1407 693 1465 suos,
745 1392 904 1467 quia
954 1389 1302 1451 recordata
1351 1395 1456 1450 est
1505 1390 1570 1448 in
1617 1388 1865 1466 quibus
1911 1388 2279 1448 honoribus
2325 1386 2525 1448 homo
2572 1391 2850 1447 creatus
2890 1387 3062 1460 erat,
3112 1389 3181 1444 et
3232 1382 3447 1441 Deum-

344 1494 612 1569 abjecit.
667 1496 748 1556 Ει
796 1497 1010 1556 noluit
1063 1498 1389 1556 consolari
1436 1495 1519 1555 de
1569 1495 1925 1570 iniquitate
1976 1493 2124 1568 illa,
2179 1494 2243 1552 in
2290 1510 2421 1569 qua
2456 1500 2616 1554 tunc
2662 1495 2877 1569 erant,
2929 1499 2996 1552 et
3029 1489 3443 1568 apparebant

343 1599 612 1673 perditi,
669 1600 826 1675 quia
875 1614 1008 1660 non
1040 1605 1197 1661 sunt
1245 1599 1512 1659 omnino
1549 1600 1617 1658 in
1649 1598 2046 1674 perditione,
2085 1598 2401 1673 quoniam
2434 1598 2517 1657 ad
2549 1596 2756 1658 Deum
2792 1596 3183 1674 aspiciebat,
3222 1592 3446 1669 requi-

349 1715 506 1761 rens
553 1707 621 1761 et
652 1703 1026 1778 postulans,
1064 1708 1137 1762 ut
1167 1718 1284 1762 eos
1332 1702 1548 1761 denuo
1583 1703 1650 1762 in
1684 1702 1906 1762 sinum
1955 1702 2435 1777 redemptionis
2469 1718 2628 1761 suae
2677 1718 2797 1778 per
2827 1702 3069 1762 Filium
3117 1714 3313 1759 suum
3345 1712 3445 1757 re-

353 1812 652 1881 poneret.
701 1806 793 1865 De
826 1808 1005 1866 omni
1053 1808 1229 1867 enim
1265 1822 1490 1880 causa,
1543 1821 1715 1882 quae
1746 1821 1869 1866 nec
1918 1805 2326 1882 recuperari,
2362 1821 2485 1865 nec
2535 1806 2902 1865 restaurari
2950 1809 3196 1881 potest,
3234 1802 3446 1863 homi-

345 1922 498 1967 nem
548 1910 1103 1986 qualemcumque
1136 1909 1663 1970 consolationem
1711 1908 1959 1968 habere
1992 1914 2279 1984 oportet,
2316 1908 2476 1968 dum
2523 1908 2704 1967 aliud
2739 1908 2914 1967 idem
2949 1907 3093 1967 fieri
3127 1921 3257 1966 non
3290 1921 3445 1980 pos-

348 2012 474 2086 sit3
525 2010 608 2071 de
641 2028 719 2071 ea
766 2028 926 2073 vero
959 2029 1131 2089 quae
1181 2013 1590 2088 recuperari,
1626 2012 1735 2071 vel
1781 2012 2122 2071 emendari
2155 2013 2426 2087 poterit,
2465 2013 2729 2071 constat
2761 2017 2837 2071 ut
2869 2009 3187 2086 quamdiu
3222 2024 3444 2067 emen-

346 2110 506 2171 data
540 2129 672 2173 non
719 2119 859 2188 est,
893 2113 1091 2175 homo
1141 2130 1272 2175 non
1305 2116 1706 2174 consoletur:
1761 2115 1851 2175 ita
1886 2114 2149 2173 scilicet
2195 2120 2270 2174 ut
2302 2130 2453 2174 eam
2499 2113 2755 2173 tamdiu
2790 2113 2857 2172 in
2903 2118 3122 2172 mente
3157 2111 3436 2184 habenS,

347 2215 671 2276 oblivioni
719 2233 849 2277 non
882 2218 1136 2293 tradat,
1173 2219 1494 2296 quamdiu
1530 2218 2033 2295 recuperatione
2070 2218 2283 2294 ipsius
2319 2218 2844 2278 consolationem
2877 2217 3224 2293 percipiat.
3258 2216 3444 2276 Unde

346 2320 597 2380 Rachel
631 2322 845 2381 noluit
877 2322 1237 2397 consolari,
1274 2324 1430 2398 quia
1466 2323 1794 2398 redempti
1841 2326 2034 2382 erant
2066 2338 2184 2397 per
2216 2322 2742 2399 redemptionem
2777 2320 3125 2397 sanguinis
3161 2319 3441 2393 Christi,

349 2425 419 2485 id
467 2431 574 2485 est
621 2426 892 2487 nolebat
939 2427 1258 2487 oblivioni
1304 2427 1593 2503 tradere,
1631 2426 1943 2503 quoniam
1995 2426 2365 2487 redimendi
2412 2430 2622 2488 erant.
2672 2425 2836 2485 Nam
2885 2440 3038 2485 cum
3085 2423 3333 2499 aliquis
3381 2422 3450 2482 in

347 2530 782 2590 tribulatione
828 2530 1244 2606 captivitatis
1277 2537 1404 2606 est,
1455 2531 1654 2591 amici
1687 2530 1834 2607 ejus
1881 2530 2218 2591 consolari
2250 2547 2385 2591 non
2430 2536 2737 2607 possunt,
2772 2528 2932 2606 quia
2980 2526 3442 2588 liberationem

349 2632 500 2709 ejus
549 2637 843 2709 sperant.
881 2632 1005 2693 Sed
1053 2634 1114 2694 si
1145 2640 1454 2695 mortuus
1505 2634 1742 2710 fuerit,
1792 2635 2319 2696 consolationem
2367 2635 2726 2712 accipiunt,
2762 2634 2923 2710 quia
2969 2647 3122 2692 eum
3156 2628 3446 2706 amplius

345 2734 600 2796 habore
645 2751 777 2796 non
809 2740 1131 2813 possunt,
1184 2743 1252 2796 et
1284 2737 1365 2796 de
1397 2754 1475 2798 eo
1510 2737 2063 2815 desperaverunt,
2101 2745 2175 2799 ut
2206 2739 2412 2798 etiam
2444 2737 2525 2799 de
2557 2737 2768 2797 David
2803 2737 3131 2813 scriptum
3162 2739 3290 2809 est,
3327 2731 3447 2809 qui

349 2840 688 2901 infirmum
725 2841 935 2902 filium
967 2842 1172 2919 flevit,
1211 2850 1550 2904 mortuum
1584 2847 1809 2905 autem
1842 2861 1973 2905 non
2004 2844 2314 2921 ploravit.

1864 3075 1942 3136 11.

1700 3301 1849 3361 Alio
1893 3302 2101 3361 mode.

443 3525 734 3604 Anqelus
789 3525 1088 3600 Domini,
1126 3525 1190 3585 id
1240 3527 1346 3585 est
1378 3525 1744 3585 admonitio
1778 3524 2068 3601 Spiritus
2100 3525 2346 3600 Sancti,
2383 3528 2699 3604 apparuit
2733 3525 3146 3587 admonendo
3180 3529 3251 3587 in
3285 3544 3453 3587 som·-

350 3630 482 3704 nis,
522 3629 586 3689 id
614 3632 718 3689 est
744 3636 1003 3690 secreto
1038 3630 1299 3709 Joseph,
1329 3630 1589 3691 scilicet
1616 3629 1892 3705 homini,
1923 3630 2179 3690 dicens:
2219 3631 2425 3707 Surqe
2455 3630 2521 3690 in
2548 3632 2912 3707 intellectu,
2944 3638 3007 3692 et
3041 3635 3262 3712 accipe
3281 3652 3449 3712 pue-

351 3751 536 3807 rum,
589 3733 850 3793 scilicet
886 3732 1271 3808 scientiam,
1323 3740 1387 3794 et
1421 3741 1704 3794 matrem
1751 3731 1917 3809 ejus,
1953 3733 2270 3794 videlicet
2301 3735 2651 3795 materiam
2686 3736 3013 3797 bonorum
3047 3752 3346 3812 operum,
3382 3741 3448 3795 et

349 3838 545 3913 fuye,
598 3835 662 3895 id
712 3841 817 3895 est
863 3835 1191 3896 descende
1237 3839 1312 3896 in
1360 3839 1767 3915 Aeqyptum,
1804 3837 2065 3897 scilicet
2097 3837 2165 3897 in
2206 3836 2383 3920 ,hanc
2416 3837 2868 3913 afflictionem,
2904 3842 2979 3900 ut
3011 3845 3284 3914 peccata
3333 3844 3449 3898 tua

353 3939 681 4014 corrigas,
718 3946 781 3999 et
829 3946 964 3999 esto
996 3939 1085 4000 ibi
1132 3959 1338 4018 usque
1372 3941 1534 4000 dum
1579 3942 1797 4002 dicam
1831 3940 1983 4012 tibi,
2034 3940 2350 4002 videlicet
2381 3942 2540 4001 dum
2570 3940 2747 4002 Deus
2781 3935 3069 4018 gratiam
3102 3957 3289 4002 suam
3324 3939 3449 4001 tibi

353 4042 680 4102 ostendat.
717 4040 1053 4102 Futurum
1099 4051 1194 4102 est
1228 4046 1431 4117 enim,
1469 4044 1534 4103 id
1568 4049 1673 4102 est
1724 4041 1893 4104 forte
1928 4044 2290 4119 continget,
2340 4050 2416 4104 ut
2451 4045 2765 4118 Herodes,
2803 4044 3063 4104 scilicet
3092 4043 3437 4118 DiaboluS,

357 4150 632 4221 quaerat
681 4144 1046 4206 laborando
1089 4165 1416 4223 puerum,
1465 4147 1783 4208 videlicet
1830 4148 2182 4208 scientiam
2232 4148 2507 4224 quaein
2553 4147 2822 4208 homine
2852 4153 2996 4223 est,
3044 4148 3131 4208 ad
3156 4147 3446 4224 perden-

358 4251 518 4309 dum
548 4268 725 4323 eum,
763 4250 828 4309 id
861 4254 968 4311 est
999 4251 1408 4327 disperdere.

448 4355 577 4428 Qui
609 4372 1006 4432 consurqens
1041 4372 1114 4416 se
1147 4356 1486 4432 erigendo,
1521 4359 1772 4434 accepit
1795 4376 2087 4435 puerum
2119 4364 2180 4417 et
2207 4366 2491 4418 matrem
2525 4354 2668 4433 ejus
2701 4364 2912 4434 nocte,
2945 4358 3204 4418 scilicet
3238 4357 3301 4417 in
3334 4357 3451 4416 do-

358 4456 497 4516 lore
531 4463 597 4516 et
645 4458 922 4532 gemitu,
974 4467 1035 4519 et
1085 4464 1346 4520 secessit
1384 4464 1458 4521 in
1506 4465 1876 4539 Aeqyptum
1924 4478 1995 4522 se
2045 4462 2431 4538 affligendo,
2480 4468 2543 4522 et
2600 4469 2741 4523 erat
2790 4462 2879 4522 ibi
2925 4480 3132 4540 usque
3192 4462 3278 4522 ad
3327 4461 3454 4521 obi-

356 4567 502 4620 tum
549 4562 850 4636 Herodis,
897 4563 962 4622 id
1010 4570 1116 4624 est
1164 4581 1375 4641 usquc
1421 4566 1581 4625 dum
1629 4565 1948 4626 Diabolus
1997 4567 2223 4626 videat
2271 4582 2424 4626 eum
2474 4568 2780 4643 superari
2826 4583 2956 4627 non
2986 4582 3210 4643 posse,
3253 4571 3322 4625 et
3355 4566 3449 4625 ita

361 4667 443 4727 ab
476 4682 554 4726 eo
587 4674 833 4743 cesset,
862 4675 937 4728 ut
968 4671 1455 4748 adimpleretur
1490 4672 1661 4748 quod
1695 4651 1947 4732 dict‘um
1981 4680 2078 4730 est
2110 4690 2152 4730 a
2184 4673 2463 4733 Domino
2492 4691 2616 4749 per
2642 4675 3058 4750 prophetam,
3094 4672 3448 4744 dicentem,

368 4770 627 4830 scilicet
676 4779 749 4831 ut
792 4772 967 4834 Deus
1016 4774 1198 4836 dicit:
1251 4776 1353 4836 Ex
1403 4776 1716 4854 Aeqypto,
1755 4776 1820 4835 id
1855 4781 1961 4836 est
1992 4776 2074 4836 de
2124 4776 2487 4837 afflictione
2520 4780 2587 4837 et
2620 4778 3102 4838 tenebrositate
3150 4782 3455 4853 peccato-

361 4892 530 4951 rum,
567 4881 783 4937 vocavi
818 4877 1069 4940 Filium
1099 4899 1345 4955 meum,
1384 4882 1646 4942 scilicet
1679 4881 1960 4942 educam
1995 4881 2287 4941 animam
2318 4882 2527 4956 illius,
2564 4882 2679 4957 qui
2714 4883 2780 4942 in
2806 4898 2911 4942 me
2945 4881 3180 4954 credit,
3218 4885 3286 4939 et
3317 4895 3451 4938 non

363 4981 690 5044 morietur
723 4983 790 5042 in
823 4989 1191 5061 aeternum,
1221 4985 1380 5061 quia
1405 5001 1527 5061 ego
1555 5002 1706 5045 sum
1739 4987 1901 5060 vita,
1939 4986 2006 5046 in
2041 5002 2172 5062 qua
2208 5002 2546 5062 nunquam
2581 4985 2894 5046 tenebrae
2929 4985 3237 5045 inventae
3270 4984 3445 5041 sunt.

361 5083 479 5154 Qui
529 5087 705 5146 enim
741 5087 820 5147 ad
872 5104 977 5148 me
1009 5088 1090 5149 de
1138 5091 1437 5165 peccatis
1473 5091 1617 5151 suis
1667 5091 1933 5166 aspicit,
1988 5090 2084 5149 illi
2136 5091 2307 5151 dabo
2352 5091 2586 5165 vitam,
2626 5094 2699 5150 ut
2731 5089 2910 5150 Adae
2947 5089 3095 5163 feci,
3137 5101 3333 5164 quem
3367 5085 3449 5144 de

370 5188 523 5248 limo
566 5189 868 5251 formavi.
