4036 6117
678 482 810 546 606

721 615 898 690 Epist.
930 613 1041 670 XX
1041 612 1254 671 XVIII.
1290 614 1510 671 Curioni
1536 615 1594 672 S.
1622 613 1879 675 Disibom·
1901 619 2001 676 ool.
2031 621 2155 675 203

646 689 763 745 cod.
795 689 839 759 s.
869 690 971 742 42.
1003 685 1052 742 Ο
1077 700 1278 755 magna
1306 686 1624 742 stultitia...

721 756 781 815 C.
814 758 874 815 in
900 756 1090 815 sonitu
1125 762 1324 827 gustus
1351 757 1628 813 bonorum
1659 775 1913 830 operum.

719 830 785 885 D.
817 828 896 886 ita
922 829 1071 899 quod
1097 843 1226 884 eum
1258 845 1360 884 nec
1388 829 1552 897 tegi&
1584 845 1684 886 nec
1713 832 2031 899 celas...(In
2055 849 2151 887 aii·

646 903 892 974 tiphonis
915 905 1058 957 inter
1079 902 1326 956 carmina
1351 902 1690 964 inserendis).

720 975 825 1027 204
849 969 916 1027 A.
948 971 998 1027 Ο
1021 971 1247 1029 culmen
1277 971 1334 1026 in
1364 971 1619 1027 clavibus
1646 970 1856 1028 coeli...

723 1043 784 1099 B.
820 1040 994 1097 turris
1019 1043 1312 1099 culmen...
1343 1043 1471 1113 finis
1495 1061 1595 1098 om.

724 1114 902 1187 Epist.
933 1112 1195 1169 XXXIX.
1228 1113 1529 1184 Helenyero
1551 1113 1608 1169 S.
1639 1114 1895 1171 Disibodi‘
1910 1116 2010 1173 col.
2031 1118 2155 1172 204

645 1187 763 1242 eod.
792 1187 837 1256 f.
868 1186 968 1240 40.
1003 1185 1066 1239 In
1094 1184 1343 1254 spiritali
1375 1184 1609 1241 visione.

719 1256 777 1312 C.
822 1261 982 1326 pater
1030 1255 1276 1310 familias
1322 1256 1675 1327 respondit...
1726 1272 1920 1311 verum
1946 1256 2154 1313 deinde

649 1326 901 1383 taedium
926 1327 1119 1388 habes.
1149 1326 1224 1380 ita
1247 1326 1397 1396 quod
1425 1327 1736 1383 orationem
1767 1343 1881 1382 non
1904 1328 2146 1400 perficis.

725 1399 907 1471 Epist.
939 1396 1112 1454 XLV.
1144 1398 1439 1454 Elizabetli
1466 1398 1867 1472 Schonauyien.
1897 1402 1996 1457 col.
2028 1403 2155 1455 213

649 1471 768 1526 cod.
797 1471 843 1540 f.
875 1470 1124 1523 98-100.
1157 1468 1274 1537 Ego
1303 1472 1638 1541 paupercula
1669 1469 1866 1528 forma.

724 1544 830 1595 217
857 1537 924 1595 A.
975 1539 1385 1610 produxerunt,
1439 1556 1635 1611 pecora
1729 1557 1913 1625 uoque
1955 1546 2013 1597 et
2059 1541 2149 1597 be·

650 1611 862 1666 stiae...
894 1610 1111 1666 homini
1138 1610 1364 1667 daret...
1396 1612 1622 1669 avertit.
1715 1628 1964 1669 ominem
1996 1613 2150 1669 enim

653 1680 807 1740 Deus
835 1681 1176 1754 inspexerat.

724 1755 788 1809 D.
818 1753 876 1807 in
900 1752 1379 1835 pusillanimitate
1400 1754 1611 1809 mentis
1639 1769 1816 1819 meae.
1839 1754 2155 1829 plurimum

653 1824 865 1892 fatigor
898 1841 957 1880 in
983 1824 1374 1881 sollicitudine
1403 1826 1695 1882 timoris...

729 1896 902 1968 Epist.
933 1895 1203 1953 XLVIII.
1243 1896 1400 1953 Phili
1529 1897 1841 1954 Coloniensi
1865 1898 1964 1954 col.
2004 1900 2150 1953 214-

654 1969 808 2028 933.-
829 1968 943 2024 cod.
978 1968 1039 2022 A.
1071 1968 1196 2022 629
1220 1969 1263 2038 f.
1293 1970 1401 2028 54,-
1509 1970 1550 2022 8
1567 1969 1612 2038 f.
1645 1973 1747 2032 22,
1773 1972 1897 2024 630
1920 1971 1964 2041 s.
1995 1971 2097 2025 80.

648 2045 768 2097 aive
791 2040 859 2099 A.
891 2038 962 2101 B,
990 2038 1049 2093 C.
1080 2036 1189 2103 Qui
1221 2044 1341 2092 erat
1368 2044 1426 2092 et
1450 2038 1570 2108 qui.

723 2111 829 2161 244
853 2108 913 2164 Β.
944 2108 1054 2175 Qui
1083 2114 1190 2171 est,
1220 2124 1510 2165 omnem...
1537 2114 1641 2165 est.
1670 2108 1749 2164 ita
1774 2110 1926 2180 quod
1948 2126 2151 2166 unum-

649 2179 917 2306 auodque
965 2178 1338 2237 formatum...
1394 2195 1613 2252 semper
1656 2196 1890 2238 nova....
1949 2189 2152 2238 ventus

697 2252 1185 2321 uit...roS.gustus
1205 2252 1328 2323 ejus
1352 2251 1409 2307 in
1435 2251 1785 2308 viriditatem
1812 2253 2146 2324 spirando...

723 2321 780 2378 C.
814 2324 972 2377 velut
994 2323 1161 2394 pedes
1181 2324 1280 2394 qui
1310 2339 1512 2395 corpus
1533 2323 1888 2382 sustinent...
1916 2341 2030 2382 non
2057 2328 2148 2381 ha-

653 2395 874 2457 berent.
921 2393 1080 2450 firma
1119 2396 1436 2464 coagulatio
1464 2411 1575 2449 non
1613 2400 1783 2459 esset,
1824 2403 1883 2452 et
1909 2397 1957 2452 si
2001 2403 2148 2453 terra

654 2465 1056 2521 humiditatem
1084 2472 1142 2522 et
1171 2466 1520 2523 viriditatem
1555 2483 1667 2522 non
1693 2468 1950 2532 haberet,
1995 2472 2152 2526 velut

650 2537 800 2594 cinis
826 2543 1038 2594 esset...
1072 2554 1170 2609 per
1195 2553 1367 2621 aquas
1394 2554 1506 2594 non
1532 2539 1957 2608 fulgurarent...

725 2608 789 2665 D.
824 2609 1102 2677 tangendo
1140 2609 1362 2666 scilicet
1399 2612 1534 2681 quia
1574 2610 1743 2665 homo
1783 2611 1844 2667 in
1872 2611 2013 2682 ipsis
2040 2626 2150 2665 ma-

653 2685 786 2743 net,
832 2680 1139 2736 osculando
1181 2682 1450 2751 quoniam
1498 2698 1627 2739 cum
1671 2682 1809 2754 ipsis
1849 2683 2149 2741 scientiam

653 2750 848 2816 habet,
877 2751 1266 2822 amplectendo
1290 2754 1424 2823 quia
1451 2755 1768 2810 nobilem...

722 2825 827 2876 245
853 2822 919 2878 A.
950 2822 1184 2895 Moysen
1215 2824 1391 2893 legale
1419 2825 1704 2881 nuntium.

721 2894 828 2947 246
853 2894 919 2949 Α.
955 2893 1013 2948 in
1041 2909 1378 2965 unaquaque
1408 2898 1701 2953 voluntate
1734 2895 2078 2953 saeculari...

724 2962 784 3019 B.
818 2973 882 3019 ut
907 2965 1056 3021 einis
1082 2972 1492 3035 sparguntur...
1527 2968 1656 3024 illos
1681 2967 2131 3040 praecedend0...

725 3036 831 3090 247
854 3038 921 3094 A.
953 3043 1019 3094 ut
1056 3037 1418 3096 audiamus...
1466 3039 1686 3104 timuit,
1717 3038 1814 3096 ubi
1845 3055 2013 3111 super
2053 3056 2155 3096 nii-

654 3106 783 3161 bem
810 3110 974 3164 stetit
995 3110 1066 3175 A,
1089 3110 1131 3164 B
1156 3117 1239 3168 tut
1262 3113 1380 3167 edd.
1415 3111 1504 3176 C.)
1534 3112 1791 3169 videntes
1810 3111 2148 3167 dixerunt...

725 3177 787 3235 B.
821 3180 889 3236 de
917 3181 1132 3237 rabidis
1160 3182 1311 3251 lupis
1338 3182 1512 3239 occisi
1543 3190 1677 3240 sunt
1708 3198 1838 3239 eum
1870 3184 1985 3238 Deo
2024 3183 2155 3240 obe-

651 3247 863 3375 dirent.
917 3254 1266 3309 voluntatem
1312 3252 1371 3309 in
1413 3255 1635 3312 modico
1680 3261 1738 3312 et
1776 3253 2152 3310 conveniente

683 3333 978 3393 empore...

727 3394 792 3450 D.
824 3394 939 3450 Noe
967 3395 1024 3450 in
1053 3394 1446 3452 aedificatione
1473 3413 1634 3453 arcae
1660 3396 1931 3455 ecclesiae
1959 3396 2154 3452 sunda-

657 3470 916 3520 mentum
985 3466 1414 3536 raetiguravit...

725 3539 832 3590 248
855 3536 923 3592 A.
943 3483 1081 3609 qpse
1106 3538 1258 3593 enim
1290 3537 1359 3592 de
1385 3537 1624 3606 Virgine
1649 3545 1883 3596 natus...

730 3607 790 3662 C.
827 3607 1068 3690 Serpens
1093 3609 1289 3693 videns
1309 3609 1448 3693 haee
1474 3610 1801 3667 infidelibus
1823 3610 2156 3667 hominihus

655 3680 1522 3829 pe33511agiilus3ffgiitilgililigtffissn
1535 3726 1818 3835 provocat.
1831 3796 1866 3808 ..
1886 3752 2155 3808 evenient

655 3818 748 3875 his
775 3825 833 3875 et
858 3824 1441 3880 accumulabuntur...
1474 3839 1732 3882 miserias
1759 3829 2093 3893 ingerunt...

725 3895 831 3945 252
857 3894 923 3950 D.
963 3894 1022 3948 in
1051 3895 1358 3950 novissima
1392 3901 1554 3953 tua...

728 3962 906 4036 Epist.
943 3965 1156 4028 LXIII.
1185 3969 1376 4024 abbati
1401 3966 1852 4024 Malean-unacum·
1876 3965 1976 4022 col.
2007 3967 2148 4021 282.

652 4036 769 4090 eod.
801 4037 847 4109 s.
885 4038 978 4093 16.
1016 4038 1267 4094 Prudens
1296 4038 1384 4094 vir
1409 4037 1638 4094 audacis
1678 4037 1888 4094 lucis...
1927 4036 1999 4092 ef.
2034 4045 2150 4092 not.

655 4121 723 4176 pa
768 4150 779 4161 .
813 4107 1058 4179 superio.
1092 4112 1217 4166 519.
1768 4112 1792 4133 ²

655 4181 908 4307 2841)υὲ
940 4179 1354 4321 ᾇΧίὂῩῗιῠραιί
1367 4180 1723 4237 &menaeus
1745 4179 2151 4253 Bambery.col.

804 4268 863 4306 co
908 4294 918 4305 .
982 4295 993 4306 .
1114 4295 1126 4308 .
1189 4269 1223 4306 n
1254 4267 1482 4320 ignea...

728 4318 792 4373 D.
830 4327 950 4377 rota
977 4321 1191 4390 gloriae
1217 4339 1366 4379 suae.
2070 4353 2079 4358 ·

695 4388 873 4461 Epist.
920 4392 1025 4447 LX
1033 4392 1159 4454 VII.
1202 4393 1498 4451 Bertholdo
1521 4393 1711 4449 abbati
1755 4392 1811 4448 S.
1846 4391 2126 4448 Eucharii

653 4461 758 4516 eol.
790 4465 916 4518 287
939 4464 1053 4520 cod.
1082 4466 1127 4535 s.
1167 4466 1301 4520 100.
1333 4463 1443 4531 Qui
1473 4469 1560 4520 est
1584 4463 1745 4519 dicit.

1881 503 1933 548 S.
1995 501 2536 550 HILDEGARDIS

2310 618 2372 675 B.
2407 619 2493 674 vel
2524 617 2755 673 oculum
2785 632 2963 674 unum
2993 618 3209 676 habens
3236 618 3297 675 in
3325 626 3446 677 te...
3534 624 3537 627 ’

2314 688 2611 762 Epist.LX
2611 689 2700 744 XI
2703 734 2715 745 .
2742 690 2975 747 Nicolao
2995 692 3333 757 [lambi-im,
3353 696 3450 749 ool.
3470 694 3591 748 291
3600 693 3735 756 ,aad

2240 762 2283 832 s.
2317 764 2419 818 65.
2454 761 2573 816 Lux
2605 776 2752 816 vera.

2313 836 2418 886 292
2444 832 2509 888 A.
2542 846 2572 884 a
2603 837 2657 888 te
2695 832 2955 904 abjiciet,
2996 838 3055 888 et
3094 831 3269 889 vives.
3302 833 3418 889 Om.
3462 839 3651 891 omnia
3687 840 3742 889 iii

2240 905 2360 959 ead.
2390 906 2670 975 sequentia
2735 921 2840 959 uae
2861 904 3051 960 aliena
3076 906 3350 961 videntur.

2313 975 2491 1047 Epist.
2538 973 2697 1028 LXX
2750 974 2797 1029 I.
2834 970 3109 1031 Di‘etmaro
3133 976 3234 1030 col.
3254 977 3400 1038 298,
3420 978 3539 1032 cod.
3571 979 3615 1047 f.
3644 977 3736 1030 30.

2245 1045 2366 1099 Lux
2399 1045 2612 1100 vivens.

2316 1117 2377 1170 D.
2409 1116 2459 1172 Ο
2483 1116 2631 1172 bone
2657 1114 2846 1176 miles,
2875 1131 3134 1186 exsurge.

2314 1187 2368 1241 E
2411 1192 2499 1314 is&
2542 1185 2767 1311 LXXfil'.
2814 1186 3050 1244 Oldoino
3074 1188 3285 1251 abbati,
3318 1190 3421 1244 ool.
3452 1191 3602 1251 302,
3629 1190 3737 1243 eod.

2274 1301 2284 1311 .
2318 1262 2360 1312 2
2405 1300 2417 1313 .
2502 1257 2642 1311 ralia
2727 1256 2799 1311 ei.

2239 1258 2277 1327 f
2316 1327 2489 1401 Fpiei.
2524 1326 2833 1383 LXXXIV.
2867 1327 3745 1403 Richardopraepoeito.ool.305

2240 1400 2355 1454 cod.
2385 1402 2431 1471 f.
2462 1401 2563 1455 29.
2597 1398 2707 1464 Qui
2737 1404 2825 1453 est
2850 1399 3125 1455 ostendit.

2316 1474 2418 1525 306
2446 1468 2513 1525 A.
2547 1472 2702 1523 velut
2729 1469 3013 1525 circulum
3041 1470 3358 1527 hominis...

2316 1540 2493 1614 Epist.
2525 1539 2674 1595 XCI.
2719 1541 3007 1598 Balduino
3024 1546 3309 1604 canonico.
3331 1542 3436 1598 col.
3462 1543 3613 1601 312,
3631 1541 3741 1596 cod.

2240 1614 2285 1683 s.
2317 1614 2417 1666 34.
2449 1611 2694 1684 Mysiica
2720 1612 2844 1668 Dei.

2312 1682 2371 1737 C.
2405 1688 2460 1737 te
2485 1682 2753 1753 requirit,
2786 1688 2849 1737 ut
2877 1681 3037 1739 vivas
3067 1685 3126 1739 iu
3150 1689 3307 1740 recto
3334 1682 3568 1738 itinere.
3594 1688 3749 1736 caete·

2243 1756 3171 1907 mffisiffgf‘ggsskmbbaume
3187 1830 3251 1883 in
3264 1826 3501 1882 Altwicb
3512 1825 3615 1880 ool.
3633 1826 3748 1877 322

2242 1897 2357 1951 cod.
2387 1898 2431 1967 f.
2463 1898 2564 1951 34.
2600 1896 2663 1951 ln
2693 1912 2821 1951 vera
2855 1912 3093 1954 visione.

2316 1966 2377 2022 B.
2415 1966 2472 2021 in
2503 1967 2905 2023 vicissitudine
2931 1968 3240 2025 saecularis
3268 1968 3442 2022 vitae.

2315 2038 2494 2111 Epist.
2528 2038 2620 2094 CI.
2653 2038 2896 2110 Sophiae
2918 2040 3227 2097 abbatissae
3251 2043 3313 2095 in
3334 2038 3637 2110 Kissinyen
3655 2035 3747 2091 col.

2244 2111 2390 2171 323.
2420 2109 2534 2165 cod.
2569 2110 2669 2180 sol.
2702 2112 2801 2165 20.
2831 2108 2879 2165 Ο
2905 2110 3135 2182 Sophia.

2314 2180 2371 2236 B.
2406 2180 2463 2235 in
2495 2180 2659 2249 igneo
2684 2180 2897 2235 datore.
2928 2189 3134 2238 coetera
3159 2199 3294 2254 pars
3315 2181 3499 2235 media
3525 2197 3627 2234 om.

2313 2251 2494 2324 Epist.
2529 2251 2662 2307 CXI
2672 2251 2732 2314 V.
2761 2253 3071 2309 abbatissae
3102 2253 3447 2308 Retraham,
3471 2251 3581 2305 col.
3605 2250 3742 2311 331,

2242 2325 2357 2379 cod.
2388 2325 2434 2394 f.
2471 2325 2555 2378 39
2584 2322 2744 2379 Onus
2775 2328 2957 2379 tuum.

2312 2393 2369 2450 C.
2391 2394 2619 2449 firmum
2638 2399 2864 2465 porta...
2888 2394 2947 2450 in
2969 2393 3224 2450 diversas
3245 2393 3533 2463 regiones.
3549 2390 3742 2461 quia...

2310 2465 2376 2521 D.
2407 2468 2563 2521 velut
2586 2466 2646 2523 in
2671 2472 2827 2521 tanta
2848 2467 3224 2522 sanctitate...
3249 2478 3622 2537 quocumque
3643 2476 3749 2517 ino-

2241 2535 2313 2592 do
2339 2536 2682 2593 sacrificium
2709 2538 2837 2608 ejus
2861 2537 3244 2606 constringas.
3272 2536 3624 2607 quoniam...

2316 2607 2496 2682 Epist.
2529 2610 2729 2665 CXVI.
2764 2608 3168 2666 Anderiiacensi
3189 2609 3630 2683 congregationi.
3657 2605 3747 2660 eol.

2244 2681 2367 2734 337
2392 2682 2508 2736 cod.
2535 2683 2582 2762 s.
2618 2686 2714 2736 25.
2744 2683 2890 2737 Fons
2920 2682 3102 2736 vivus.

2316 2749 2379 2805 B.
2413 2751 2682 2807 lasciviae
2710 2768 2939 2825 serpens
2973 2753 3031 2808 in
3059 2752 3301 2825 primam
3329 2749 3702 2806 mulierem...

2317 2820 2375 2877 C.
2410 2838 2522 2877 non
2548 2824 2738 2878 valens
2769 2841 2826 2879 se
2856 2826 3169 2879 relevare...

2316 2892 2381 2949 D.
2413 2893 2639 2965 pulchri
2710 2895 2989 2951 aradisi...

2319 2968 2424 3018 335
2454 2965 2512 3022 Β.
2586 2982 2656 3020 iio
2723 2983 2833 3023 non
2860 2966 3144 3038 dissipant
3170 2982 3295 3021 se...

2247 3035 2500 3163 HEpift.
2532 2981 2767 3096 32:111.
2799 3039 3095 3096 Baldwiiio
3118 3038 3218 3094 col.
3250 3037 3397 3100 346,
3421 3036 3545 3091 eod.
3576 3035 3623 3106 s.
3655 3032 3747 3087 39.

2307 3124 2403 3163 aec
2434 3125 2492 3163 iii
2522 3125 2668 3164 vera.

2315 3178 2495 3252 Epist.
2541 3179 2796 3236 CXXXI.
2846 3179 3114 3236 Monacho
3152 3181 3219 3236 de
3253 3177 3453 3235 Monte.
3498 3177 3607 3234 col.
3638 3176 3753 3228 337

2244 3252 2358 3306 cod.
2389 3253 2433 3322 f.
2475 3253 2565 3306 16.
2599 3250 2758 3306 Mens
2786 3256 2883 3306 tua
2911 3256 3015 3307 est.

2319 3321 2496 3394 Epist.
2531 3321 2787 3378 CXXXI.
2813 3322 3053 3379 Hem-ico
3078 3325 3263 3377 comiti
3278 3320 3377 3376 ool.
3398 3321 3554 3383 358,
3566 3318 3684 3374 cod.
3708 3317 3748 3386 f.

2245 3395 2454 3448 46-48.
2486 3393 2696 3451 Umbra
2723 3394 3147 3465 mysteriorum.

2318 3468 2423 3517 359
2448 3464 2510 3521 Β.
2545 3465 2604 3519 in
2634 3466 3149 3535 peregrinationem
3176 3461 3515 3519 cecidimus».

2315 3534 2372 3590 C.
2408 3534 2467 3590 in
2494 3536 2819 3607 semetipsis
2845 3537 3160 3593 excutiant.

2317 3605 2497 3680 Epist.
2544 3607 2832 3664 CXXXII.
2859 3608 3095 3665 Notario
3119 3607 3306 3664 abbati
3327 3605 3429 3660 col.
3455 3605 3611 3665 361,
3637 3602 3746 3657 eod.

2244 3677 2289 3749 s.
2321 3679 2422 3734 66.
2458 3678 2641 3734 Video
2666 3680 2836 3750 quod.

2318 3747 2374 3804 C.
2411 3751 2676 3806 amabilis
2701 3756 2805 3806 est.
2842 3751 2986 3806 Pars
3008 3751 3188 3806 altera
3213 3765 3314 3804 om.

2319 3819 2498 3892 Epist.
2531 3822 2843 3878 CXXXIX.
2866 3821 3348 3881 Eberbacemilm,
3362 3816 3622 3877 col.369.
3640 3815 3750 3871 cod.

2244 3894 2288 3963 f.
2321 3894 2422 3947 36.
2453 3892 2695 3964 Mystiea
2724 3893 2848 3948 Dei.

2247 4032 2285 4087 Γ
2314 3961 2371 4019 C.
2406 3965 2591 4020 valida
2633 3968 3004 4036 tempestas..
3048 3962 3285 4038 etDeus
3323 3957 3652 4017 claritatem
3690 3956 3754 4011 il-

2272 4049 2429 4090 ius...
2896 4077 2921 4086 ..

2316 4105 2368 4159 E
2420 4110 2493 4162 tit.
2539 4106 2769 4162 CXLII.
2812 4105 3241 4177 Conqreyattoni
3273 4100 3332 4157 S.
3365 4099 3630 4155 Disibodi
3653 4097 3748 4154 ool.

2245 4179 2327 4231 37
2377 4218 2391 4238 .
2419 4178 2534 4233 cod.
2566 4180 2611 4249 f.
2643 4179 2850 4233 59-62.
2888 4176 2950 4230 in
2982 4191 3107 4231 vera
3139 4175 3379 4229 visione.
3587 4241 3599 4252 ·
3640 4240 3653 4251 ·

2319 4246 2376 4303 C.
2408 4264 2554 4317 quae
2594 4249 2650 4303 iii
2691 4264 2781 4303 me
2829 4246 3089 4302 transitis
3133 4261 3233 4318 pei·
3278 4244 3466 4314 ignem
3513 4246 3753 4312 spiritus

2247 4319 2428 4374 sancti
2457 4326 2514 4373 et
2545 4336 2642 4391 pei·
2669 4334 2939 4390 aquam...

2318 4394 2422 4445 378
2453 4391 2509 4447 B.
2541 4397 2640 4447 aut
2665 4407 2809 4462 quae
2837 4391 3007 4460 ligna.

1491 4631 1596 4690 AD
1647 4630 1928 4690 NOVAM
1975 4628 2545 4690 EPISTOLARUM
2594 4628 2909 4690 SERIEM.

655 4800 908 4938 ιωέιρξῖε.
939 4801 980 4857 Ι
998 4817 1168 4874 supra
1203 4821 1258 4875 p.
1305 4805 1428 4858 328
1464 4804 1588 4860 coll.
1630 4821 1749 4859 cum
1771 4805 1886 4859 cod-
1921 4803 2157 4859 Bruxel-

2320 4805 2424 4857 330
2453 4802 2490 4858 l.
2522 4808 2555 4857 5
2582 4808 2773 4871 satage
2810 4807 2941 4858 ut...
2988 4801 3023 4857 l.
3062 4805 3126 4858 ¹0
3154 4805 3277 4855 tum
3315 4798 3475 4869 quia.
3507 4794 3748 4854 occasio-

2250 4890 2319 4930 ne
2346 4880 2508 4930 naeta
2551 4879 2737 4930 tecum
2777 4873 2877 4929 diu
2903 4871 3334 4934 confabulandi.
3375 4871 3625 4925 libenter
3653 4868 3752 4923 im-

723 5052 766 5112 ¹)
793 5050 991 5106 Serius
1014 5050 1083 5105 ad
1110 5066 1202 5107 me
1230 5056 1608 5122 pervenerunt
1635 5023 1939 5106 varietates
1971 5066 2040 5104 ex
2069 5047 2161 5103 his
2249 5063 2465 5112 ωηερε,
2507 5049 2683 5104 fnisse
2721 5064 2750 5102 a
2776 5049 3055 5106 Guiberto
3082 5047 3287 5102 abbate
3317 5051 3496 5100 marte
3524 5041 3751 5124 proprio

651 5121 972 5184 codicibus.
1005 5138 1109 5178 nec
1134 5123 1344 5178 mirum
1373 5122 1634 5178 videatur
1662 5127 1774 5176 tam
1804 5124 2015 5177 multas
2042 5137 2161 5176 esse
2256 5127 2594 5192 tempe-ratos
2620 5127 2676 5175 et
2704 5136 2834 5176 suae
2861 5127 3082 5192 aptatos
3113 5119 3517 5190 qualicumque
3557 5117 3763 5169 latini·-

655 5193 931 5249 lectiones
959 5209 1152 5258 novas,
1184 5195 1359 5250 immo
1385 5193 1745 5251 necessarias.
1790 5194 1981 5263 Neque
2007 5192 2160 5246 enim

655 5264 814 5323 deest
832 5264 1083 5339 suspicio
1110 5268 1267 5325 codd.
1301 5265 1716 5330 Bruxellense5,
1744 5267 1878 5323 oliui
1901 5265 2154 5321 Geiulila-

2252 5192 2377 5247 tati.
2413 5193 2486 5247 Ea
2524 5198 2743 5245 tantum
2784 5192 3000 5263 recipio
3036 5206 3181 5262 quae
3213 5190 3281 5244 ad
3308 5204 3495 5245 rerum
3527 5191 3745 5243 senten-

2257 5265 2394 5320 tiam
2421 5264 2731 5336 pertint-iit.
