<?xml version="1.0" encoding="UTF-8"?>
<!DOCTYPE html PUBLIC "-//W3C//DTD XHTML 1.0 Transitional//EN"
    "http://www.w3.org/TR/xhtml1/DTD/xhtml1-transitional.dtd">
<html xmlns="http://www.w3.org/1999/xhtml" xml:lang="en" lang="en">
 <head>
  <title>
</title>
<meta http-equiv="Content-Type" content="text/html;charset=utf-8" />
  <meta name='ocr-system' content='tesseract 3.04.00' />
  <meta name='ocr-capabilities' content='ocr_page ocr_carea ocr_par ocr_line ocrx_word'/>
</head>
<body>
  <div class='ocr_page' id='page_1' title='image "analectasacrasp05pitrgoog_0310.png"; bbox 0 0 4036 6117; ppageno 0'>
   <div class='ocr_carea' id='block_1_1' title="bbox 747 455 2548 518">
    <p class='ocr_par' dir='ltr' id='par_1_1' title="bbox 747 455 2548 518">
     <span class='ocr_line' id='line_1_1' title="bbox 747 455 2548 518; baseline 0.001 -1"><span class='ocrx_word' id='word_1_1' title='bbox 747 455 878 518; x_wconf 73' lang='lat'><strong>272</strong></span> <span class='ocrx_word' id='word_1_2' title='bbox 1906 469 1956 515; x_wconf 90' lang='lat' dir='ltr'><strong>s.</strong></span> <span class='ocrx_word' id='word_1_3' title='bbox 2011 467 2548 518; x_wconf 59' lang='lat' dir='ltr'><strong>nanseAnms</strong></span> 
     </span>
    </p>
   </div>
   <div class='ocr_carea' id='block_1_2' title="bbox 554 598 3752 4737">
    <p class='ocr_par' dir='ltr' id='par_1_2' title="bbox 670 598 3747 882">
     <span class='ocr_line' id='line_1_2' title="bbox 677 598 3747 686; baseline 0.001 -20"><span class='ocrx_word' id='word_1_4' title='bbox 677 613 834 667; x_wconf 85' lang='lat' dir='ltr'><strong>cunt</strong></span> <span class='ocrx_word' id='word_1_5' title='bbox 869 608 932 665; x_wconf 90' lang='lat' dir='ltr'><strong>ei</strong></span> <span class='ocrx_word' id='word_1_6' title='bbox 978 604 1470 665; x_wconf 90' lang='lat' dir='ltr'><strong>consentientes</strong></span> <span class='ocrx_word' id='word_1_7' title='bbox 1522 603 1979 664; x_wconf 79' lang='lat' dir='ltr'><strong>rationalitati:</strong></span> <span class='ocrx_word' id='word_1_8' title='bbox 2022 605 2190 677; x_wconf 85' lang='lat' dir='ltr'><strong>Quia</strong></span> <span class='ocrx_word' id='word_1_9' title='bbox 2235 624 2426 665; x_wconf 80' lang='lat' dir='ltr'><strong>nemo</strong></span> <span class='ocrx_word' id='word_1_10' title='bbox 2468 624 2599 665; x_wconf 81' lang='lat' dir='ltr'><strong>non</strong></span> <span class='ocrx_word' id='word_1_11' title='bbox 2634 598 2980 681; x_wconf 63' lang='lat' dir='ltr'><strong>cananaea,-</strong></span> <span class='ocrx_word' id='word_1_12' title='bbox 3018 607 3330 669; x_wconf 90' lang='lat' dir='ltr'><strong>videlicet</strong></span> <span class='ocrx_word' id='word_1_13' title='bbox 3365 609 3523 686; x_wconf 86' lang='lat' dir='ltr'><strong>quia</strong></span> <span class='ocrx_word' id='word_1_14' title='bbox 3556 608 3747 668; x_wconf 89' lang='lat' dir='ltr'><strong>nesci-</strong></span> 
     </span>
     <span class='ocr_line' id='line_1_3' title="bbox 670 707 3744 787; baseline 0.001 -20"><span class='ocrx_word' id='word_1_15' title='bbox 670 710 894 769; x_wconf 81' lang='lat' dir='ltr'><strong>vimus</strong></span> <span class='ocrx_word' id='word_1_16' title='bbox 944 707 1316 767; x_wconf 82' lang='lat' dir='ltr'>mercedem</span> <span class='ocrx_word' id='word_1_17' title='bbox 1350 707 1596 781; x_wconf 90' lang='lat' dir='ltr'><strong>operis.</strong></span> <span class='ocrx_word' id='word_1_18' title='bbox 1651 708 1826 765; x_wconf 83' lang='lat' dir='ltr'><strong>Dicit</strong></span> <span class='ocrx_word' id='word_1_19' title='bbox 1863 707 2001 765; x_wconf 83' lang='lat' dir='ltr'><strong>illis</strong></span> <span class='ocrx_word' id='word_1_20' title='bbox 2054 708 2295 767; x_wconf 89' lang='lat' dir='ltr'><strong>iterum</strong></span> <span class='ocrx_word' id='word_1_21' title='bbox 2336 710 2400 767; x_wconf 91' lang='lat' dir='ltr'><strong>in</strong></span> <span class='ocrx_word' id='word_1_22' title='bbox 2434 708 2902 770; x_wconf 85' lang='lat' dir='ltr'><strong>admonitione:</strong></span> <span class='ocrx_word' id='word_1_23' title='bbox 2941 711 3040 770; x_wconf 87' lang='lat' dir='ltr'><strong>Ite</strong></span> <span class='ocrx_word' id='word_1_24' title='bbox 3075 726 3195 786; x_wconf 87' lang='lat' dir='ltr'><strong>per</strong></span> <span class='ocrx_word' id='word_1_25' title='bbox 3226 711 3399 771; x_wconf 87' lang='lat' dir='ltr'><strong>bona</strong></span> <span class='ocrx_word' id='word_1_26' title='bbox 3433 727 3656 787; x_wconf 91' lang='lat' dir='ltr'><strong>opera,</strong></span> <span class='ocrx_word' id='word_1_27' title='bbox 3690 718 3744 770; x_wconf 86' lang='lat' dir='ltr'><strong>et</strong></span> 
     </span>
     <span class='ocr_line' id='line_1_4' title="bbox 672 810 2639 882; baseline 0.001 -11"><span class='ocrx_word' id='word_1_28' title='bbox 672 832 780 873; x_wconf 84' lang='lat' dir='ltr'><strong>vos</strong></span> <span class='ocrx_word' id='word_1_29' title='bbox 811 816 885 873; x_wconf 83' lang='lat' dir='ltr'><strong>in</strong></span> <span class='ocrx_word' id='word_1_30' title='bbox 919 816 1207 882; x_wconf 82' lang='lat' dir='ltr'><strong>vineam,</strong></span> <span class='ocrx_word' id='word_1_31' title='bbox 1245 812 1309 870; x_wconf 92' lang='lat' dir='ltr'><strong>id</strong></span> <span class='ocrx_word' id='word_1_32' title='bbox 1343 817 1448 870; x_wconf 88' lang='lat' dir='ltr'><strong>est</strong></span> <span class='ocrx_word' id='word_1_33' title='bbox 1485 811 1550 869; x_wconf 92' lang='lat' dir='ltr'><strong>in</strong></span> <span class='ocrx_word' id='word_1_34' title='bbox 1586 810 1781 869; x_wconf 85' lang='lat' dir='ltr'><strong>fidem</strong></span> <span class='ocrx_word' id='word_1_35' title='bbox 1816 812 2212 871; x_wconf 85' lang='lat' dir='ltr'><strong>salvationis</strong></span> <span class='ocrx_word' id='word_1_36' title='bbox 2246 813 2639 873; x_wconf 89' lang='lat' dir='ltr'><strong>animarum.</strong></span> 
     </span>
    </p>

    <p class='ocr_par' dir='ltr' id='par_1_3' title="bbox 660 913 3752 1822">
     <span class='ocr_line' id='line_1_5' title="bbox 767 913 3746 991; baseline 0 -15"><span class='ocrx_word' id='word_1_37' title='bbox 767 917 929 976; x_wconf 85' lang='lat' dir='ltr'><strong>Cum</strong></span> <span class='ocrx_word' id='word_1_38' title='bbox 963 931 1105 974; x_wconf 83' lang='lat' dir='ltr'><strong>sero</strong></span> <span class='ocrx_word' id='word_1_39' title='bbox 1137 920 1362 973; x_wconf 81' lang='lat' dir='ltr'><strong>autem</strong></span> <span class='ocrx_word' id='word_1_40' title='bbox 1393 915 1648 991; x_wconf 81' lang='lat' dir='ltr'><strong>sactum</strong></span> <span class='ocrx_word' id='word_1_41' title='bbox 1684 921 1882 987; x_wconf 88' lang='lat' dir='ltr'><strong>esset,</strong></span> <span class='ocrx_word' id='word_1_42' title='bbox 1922 913 2183 973; x_wconf 89' lang='lat' dir='ltr'><strong>scilicet</strong></span> <span class='ocrx_word' id='word_1_43' title='bbox 2216 931 2368 974; x_wconf 92' lang='lat' dir='ltr'><strong>cum</strong></span> <span class='ocrx_word' id='word_1_44' title='bbox 2404 914 2553 974; x_wconf 83' lang='lat' dir='ltr'><strong>finis</strong></span> <span class='ocrx_word' id='word_1_45' title='bbox 2587 932 3008 991; x_wconf 81' lang='lat' dir='ltr'><strong>quorumque</strong></span> <span class='ocrx_word' id='word_1_46' title='bbox 3042 933 3317 991; x_wconf 88' lang='lat' dir='ltr'><strong>operum</strong></span> <span class='ocrx_word' id='word_1_47' title='bbox 3352 917 3746 989; x_wconf 84' lang='lat' dir='ltr'><strong>advenisset,</strong></span> 
     </span>
     <span class='ocr_line' id='line_1_6' title="bbox 671 1006 3751 1099; baseline 0 -20"><span class='ocrx_word' id='word_1_48' title='bbox 671 1022 832 1081; x_wconf 85' lang='lat' dir='ltr'><strong>dicit</strong></span> <span class='ocrx_word' id='word_1_49' title='bbox 883 1021 1189 1079; x_wconf 80' lang='lat' dir='ltr'><strong>dominus</strong></span> <span class='ocrx_word' id='word_1_50' title='bbox 1237 1020 1490 1091; x_wconf 74' lang='lat' dir='ltr'><strong>vineae,</strong></span> <span class='ocrx_word' id='word_1_51' title='bbox 1528 1006 1841 1077; x_wconf 78' lang='lat' dir='ltr'><strong>videlicet</strong></span> <span class='ocrx_word' id='word_1_52' title='bbox 1876 1018 2299 1077; x_wconf 87' lang='lat' dir='ltr'><strong>rationalitas</strong></span> <span class='ocrx_word' id='word_1_53' title='bbox 2337 1019 2485 1077; x_wconf 80' lang='lat' dir='ltr'><strong>fidei</strong></span> <span class='ocrx_word' id='word_1_54' title='bbox 2522 1021 2918 1080; x_wconf 83' lang='lat' dir='ltr'><strong>salvationis</strong></span> <span class='ocrx_word' id='word_1_55' title='bbox 2953 1022 3350 1095; x_wconf 86' lang='lat' dir='ltr'><strong>animarum,</strong></span> <span class='ocrx_word' id='word_1_56' title='bbox 3381 1030 3751 1099; x_wconf 82' lang='lat' dir='ltr'><strong>procurato-</strong></span> 
     </span>
     <span class='ocr_line' id='line_1_7' title="bbox 669 1120 3746 1201; baseline 0 -17"><span class='ocrx_word' id='word_1_57' title='bbox 669 1126 731 1184; x_wconf 82' lang='lat' dir='ltr'><strong>ri</strong></span> <span class='ocrx_word' id='word_1_58' title='bbox 779 1141 916 1197; x_wconf 82' lang='lat' dir='ltr'><strong>suc,</strong></span> <span class='ocrx_word' id='word_1_59' title='bbox 966 1122 1033 1181; x_wconf 90' lang='lat' dir='ltr'><strong>id</strong></span> <span class='ocrx_word' id='word_1_60' title='bbox 1080 1126 1186 1180; x_wconf 89' lang='lat' dir='ltr'><strong>est</strong></span> <span class='ocrx_word' id='word_1_61' title='bbox 1231 1120 1542 1194; x_wconf 81' lang='lat' dir='ltr'><strong>dignitati</strong></span> <span class='ocrx_word' id='word_1_62' title='bbox 1592 1136 1763 1195; x_wconf 90' lang='lat' dir='ltr'><strong>quae</strong></span> <span class='ocrx_word' id='word_1_63' title='bbox 1814 1120 2193 1179; x_wconf 85' lang='lat' dir='ltr'>mercedem</span> <span class='ocrx_word' id='word_1_64' title='bbox 2242 1138 2517 1196; x_wconf 88' lang='lat' dir='ltr'><strong>operum</strong></span> <span class='ocrx_word' id='word_1_65' title='bbox 2569 1122 3130 1184; x_wconf 82' lang='lat' dir='ltr'><strong>subministrabit:</strong></span> <span class='ocrx_word' id='word_1_66' title='bbox 3191 1125 3350 1184; x_wconf 85' lang='lat' dir='ltr'><strong>Voca</strong></span> <span class='ocrx_word' id='word_1_67' title='bbox 3398 1128 3746 1201; x_wconf 81' lang='lat' dir='ltr'><strong>operarios,</strong></span> 
     </span>
     <span class='ocr_line' id='line_1_8' title="bbox 669 1225 3749 1304; baseline -0.001 -13"><span class='ocrx_word' id='word_1_68' title='bbox 669 1231 931 1291; x_wconf 88' lang='lat' dir='ltr'><strong>scilicet</strong></span> <span class='ocrx_word' id='word_1_69' title='bbox 987 1228 1282 1304; x_wconf 85' lang='lat' dir='ltr'><strong>quinque</strong></span> <span class='ocrx_word' id='word_1_70' title='bbox 1336 1241 1575 1284; x_wconf 90' lang='lat' dir='ltr'><strong>sensus</strong></span> <span class='ocrx_word' id='word_1_71' title='bbox 1631 1226 1935 1300; x_wconf 90' lang='lat' dir='ltr'><strong>corporis</strong></span> <span class='ocrx_word' id='word_1_72' title='bbox 1984 1231 2052 1284; x_wconf 91' lang='lat' dir='ltr'><strong>et</strong></span> <span class='ocrx_word' id='word_1_73' title='bbox 2111 1225 2279 1283; x_wconf 87' lang='lat' dir='ltr'><strong>alias</strong></span> <span class='ocrx_word' id='word_1_74' title='bbox 2315 1226 2816 1285; x_wconf 81' lang='lat' dir='ltr'><strong>vicissitudines</strong></span> <span class='ocrx_word' id='word_1_75' title='bbox 2876 1244 3190 1302; x_wconf 87' lang='lat' dir='ltr'><strong>operum,</strong></span> <span class='ocrx_word' id='word_1_76' title='bbox 3241 1236 3301 1287; x_wconf 89' lang='lat' dir='ltr'><strong>et</strong></span> <span class='ocrx_word' id='word_1_77' title='bbox 3362 1229 3565 1287; x_wconf 81' lang='lat' dir='ltr'><strong>redde</strong></span> <span class='ocrx_word' id='word_1_78' title='bbox 3621 1230 3749 1290; x_wconf 80' lang='lat' dir='ltr'><strong>illis</strong></span> 
     </span>
     <span class='ocr_line' id='line_1_9' title="bbox 669 1327 3752 1407; baseline -0.001 -10"><span class='ocrx_word' id='word_1_79' title='bbox 669 1336 1061 1407; x_wconf 82' lang='lat' dir='ltr'><strong>mercedem,</strong></span> <span class='ocrx_word' id='word_1_80' title='bbox 1115 1332 1178 1391; x_wconf 93' lang='lat' dir='ltr'><strong>id</strong></span> <span class='ocrx_word' id='word_1_81' title='bbox 1211 1336 1316 1389; x_wconf 89' lang='lat' dir='ltr'><strong>est</strong></span> <span class='ocrx_word' id='word_1_82' title='bbox 1364 1330 1530 1389; x_wconf 90' lang='lat' dir='ltr'><strong>dans</strong></span> <span class='ocrx_word' id='word_1_83' title='bbox 1565 1330 1664 1387; x_wconf 90' lang='lat' dir='ltr'><strong>eis</strong></span> <span class='ocrx_word' id='word_1_84' title='bbox 1702 1329 1965 1388; x_wconf 88' lang='lat' dir='ltr'><strong>laudem</strong></span> <span class='ocrx_word' id='word_1_85' title='bbox 1999 1334 2067 1387; x_wconf 88' lang='lat' dir='ltr'><strong>et</strong></span> <span class='ocrx_word' id='word_1_86' title='bbox 2103 1327 2446 1403; x_wconf 87' lang='lat' dir='ltr'><strong>honorem,</strong></span> <span class='ocrx_word' id='word_1_87' title='bbox 2485 1330 2849 1389; x_wconf 89' lang='lat' dir='ltr'><strong>secundum</strong></span> <span class='ocrx_word' id='word_1_88' title='bbox 2884 1331 3060 1406; x_wconf 89' lang='lat' dir='ltr'><strong>quod</strong></span> <span class='ocrx_word' id='word_1_89' title='bbox 3097 1332 3269 1407; x_wconf 90' lang='lat' dir='ltr'><strong>apud</strong></span> <span class='ocrx_word' id='word_1_90' title='bbox 3304 1332 3509 1392; x_wconf 90' lang='lat' dir='ltr'><strong>Deum</strong></span> <span class='ocrx_word' id='word_1_91' title='bbox 3546 1340 3611 1392; x_wconf 90' lang='lat' dir='ltr'><strong>et</strong></span> <span class='ocrx_word' id='word_1_92' title='bbox 3644 1333 3752 1393; x_wconf 90' lang='lat' dir='ltr'><strong>ho-</strong></span> 
     </span>
     <span class='ocr_line' id='line_1_10' title="bbox 668 1433 3751 1512; baseline -0.002 -11"><span class='ocrx_word' id='word_1_93' title='bbox 668 1442 882 1501; x_wconf 88' lang='lat' dir='ltr'><strong>mines</strong></span> <span class='ocrx_word' id='word_1_94' title='bbox 915 1441 1325 1508; x_wconf 88' lang='lat' dir='ltr'><strong>meruerunt,</strong></span> <span class='ocrx_word' id='word_1_95' title='bbox 1361 1437 1688 1509; x_wconf 80' lang='lat' dir='ltr'><strong>incipiens</strong></span> <span class='ocrx_word' id='word_1_96' title='bbox 1722 1452 1762 1492; x_wconf 85' lang='lat' dir='ltr'><strong>a</strong></span> <span class='ocrx_word' id='word_1_97' title='bbox 1793 1435 2188 1506; x_wconf 77' lang='lat' dir='ltr'><strong>novissimis,</strong></span> <span class='ocrx_word' id='word_1_98' title='bbox 2230 1434 2488 1491; x_wconf 86' lang='lat' dir='ltr'><strong>scilicet</strong></span> <span class='ocrx_word' id='word_1_99' title='bbox 2516 1433 2598 1492; x_wconf 86' lang='lat' dir='ltr'><strong>ab</strong></span> <span class='ocrx_word' id='word_1_100' title='bbox 2628 1433 2732 1493; x_wconf 85' lang='lat' dir='ltr'><strong>his</strong></span> <span class='ocrx_word' id='word_1_101' title='bbox 2759 1436 2874 1510; x_wconf 90' lang='lat' dir='ltr'><strong>qui</strong></span> <span class='ocrx_word' id='word_1_102' title='bbox 2907 1435 2988 1493; x_wconf 91' lang='lat' dir='ltr'><strong>de</strong></span> <span class='ocrx_word' id='word_1_103' title='bbox 3016 1437 3211 1495; x_wconf 89' lang='lat' dir='ltr'><strong>malis</strong></span> <span class='ocrx_word' id='word_1_104' title='bbox 3240 1437 3387 1495; x_wconf 88' lang='lat' dir='ltr'><strong>suis</strong></span> <span class='ocrx_word' id='word_1_105' title='bbox 3420 1438 3751 1512; x_wconf 91' lang='lat' dir='ltr'><strong>poeniten-</strong></span> 
     </span>
     <span class='ocr_line' id='line_1_11' title="bbox 665 1537 3749 1617; baseline -0.001 -13"><span class='ocrx_word' id='word_1_106' title='bbox 665 1546 830 1604; x_wconf 84' lang='lat' dir='ltr'><strong>tiam</strong></span> <span class='ocrx_word' id='word_1_107' title='bbox 876 1544 1178 1617; x_wconf 85' lang='lat' dir='ltr'><strong>egerunt,</strong></span> <span class='ocrx_word' id='word_1_108' title='bbox 1215 1555 1364 1597; x_wconf 92' lang='lat' dir='ltr'><strong>cum</strong></span> <span class='ocrx_word' id='word_1_109' title='bbox 1419 1537 1543 1611; x_wconf 89' lang='lat' dir='ltr'><strong>ipsi</strong></span> <span class='ocrx_word' id='word_1_110' title='bbox 1581 1540 1929 1612; x_wconf 84' lang='lat' dir='ltr'><strong>peccatum</strong></span> <span class='ocrx_word' id='word_1_111' title='bbox 1979 1538 2292 1610; x_wconf 82' lang='lat' dir='ltr'><strong>scienteS,</strong></span> <span class='ocrx_word' id='word_1_112' title='bbox 2332 1552 2609 1611; x_wconf 88' lang='lat' dir='ltr'><strong>peccare</strong></span> <span class='ocrx_word' id='word_1_113' title='bbox 2643 1542 3149 1612; x_wconf 85' lang='lat' dir='ltr'><strong>recusaverunt,</strong></span> <span class='ocrx_word' id='word_1_114' title='bbox 3189 1540 3299 1599; x_wconf 89' lang='lat' dir='ltr'><strong>ubi</strong></span> <span class='ocrx_word' id='word_1_115' title='bbox 3349 1546 3417 1599; x_wconf 87' lang='lat' dir='ltr'><strong>et</strong></span> <span class='ocrx_word' id='word_1_116' title='bbox 3452 1542 3749 1601; x_wconf 86' lang='lat' dir='ltr'><strong>innocen-</strong></span> 
     </span>
     <span class='ocr_line' id='line_1_12' title="bbox 664 1642 3747 1721; baseline -0.002 -11"><span class='ocrx_word' id='word_1_117' title='bbox 664 1653 767 1710; x_wconf 82' lang='lat' dir='ltr'><strong>tes</strong></span> <span class='ocrx_word' id='word_1_118' title='bbox 801 1647 1022 1709; x_wconf 77' lang='lat' dir='ltr'><strong>effecti</strong></span> <span class='ocrx_word' id='word_1_119' title='bbox 1070 1649 1247 1717; x_wconf 87' lang='lat' dir='ltr'><strong>sunt;</strong></span> <span class='ocrx_word' id='word_1_120' title='bbox 1281 1662 1486 1719; x_wconf 78' lang='lat' dir='ltr'><strong>usque</strong></span> <span class='ocrx_word' id='word_1_121' title='bbox 1535 1643 1620 1700; x_wconf 88' lang='lat' dir='ltr'><strong>ad</strong></span> <span class='ocrx_word' id='word_1_122' title='bbox 1647 1644 1897 1717; x_wconf 78' lang='lat' dir='ltr'><strong>primos</strong></span> <span class='ocrx_word' id='word_1_123' title='bbox 1943 1642 2204 1700; x_wconf 87' lang='lat' dir='ltr'><strong>scilicet</strong></span> <span class='ocrx_word' id='word_1_124' title='bbox 2252 1642 2367 1716; x_wconf 83' lang='lat' dir='ltr'><strong>qui</strong></span> <span class='ocrx_word' id='word_1_125' title='bbox 2402 1658 2561 1717; x_wconf 87' lang='lat' dir='ltr'><strong>prae</strong></span> <span class='ocrx_word' id='word_1_126' title='bbox 2610 1643 3043 1717; x_wconf 84' lang='lat' dir='ltr'><strong>simplicitate</strong></span> <span class='ocrx_word' id='word_1_127' title='bbox 3078 1645 3145 1703; x_wconf 88' lang='lat' dir='ltr'><strong>et</strong></span> <span class='ocrx_word' id='word_1_128' title='bbox 3190 1644 3568 1705; x_wconf 81' lang='lat' dir='ltr'><strong>innocentia</strong></span> <span class='ocrx_word' id='word_1_129' title='bbox 3602 1660 3747 1721; x_wconf 85' lang='lat' dir='ltr'><strong>peo-</strong></span> 
     </span>
     <span class='ocr_line' id='line_1_13' title="bbox 660 1745 3402 1822; baseline -0.003 -8"><span class='ocrx_word' id='word_1_130' title='bbox 660 1770 820 1814; x_wconf 88' lang='lat' dir='ltr'><strong>care</strong></span> <span class='ocrx_word' id='word_1_131' title='bbox 852 1752 1259 1821; x_wconf 90' lang='lat' dir='ltr'><strong>nescierunt,</strong></span> <span class='ocrx_word' id='word_1_132' title='bbox 1296 1748 1403 1806; x_wconf 87' lang='lat' dir='ltr'><strong>vel</strong></span> <span class='ocrx_word' id='word_1_133' title='bbox 1437 1748 1596 1821; x_wconf 85' lang='lat' dir='ltr'><strong>quia</strong></span> <span class='ocrx_word' id='word_1_134' title='bbox 1623 1746 1808 1821; x_wconf 88' lang='lat' dir='ltr'><strong>justa</strong></span> <span class='ocrx_word' id='word_1_135' title='bbox 1834 1749 1900 1805; x_wconf 91' lang='lat' dir='ltr'><strong>et</strong></span> <span class='ocrx_word' id='word_1_136' title='bbox 1936 1752 2118 1804; x_wconf 89' lang='lat' dir='ltr'><strong>recta</strong></span> <span class='ocrx_word' id='word_1_137' title='bbox 2153 1761 2358 1820; x_wconf 86' lang='lat' dir='ltr'><strong>opera</strong></span> <span class='ocrx_word' id='word_1_138' title='bbox 2394 1745 2809 1821; x_wconf 80' lang='lat' dir='ltr'><strong>incipienteS,</strong></span> <span class='ocrx_word' id='word_1_139' title='bbox 2846 1762 2925 1805; x_wconf 90' lang='lat' dir='ltr'><strong>ea</strong></span> <span class='ocrx_word' id='word_1_140' title='bbox 2958 1747 3402 1822; x_wconf 86' lang='lat' dir='ltr'><strong>perfecerunt.</strong></span> 
     </span>
    </p>

    <p class='ocr_par' dir='ltr' id='par_1_4' title="bbox 660 1851 3750 2140">
     <span class='ocr_line' id='line_1_14' title="bbox 759 1851 3744 1929; baseline -0.003 -10"><span class='ocrx_word' id='word_1_141' title='bbox 759 1861 918 1920; x_wconf 84' lang='lat' dir='ltr'><strong>Cum</strong></span> <span class='ocrx_word' id='word_1_142' title='bbox 966 1857 1297 1915; x_wconf 79' lang='lat' dir='ltr'><strong>venissent</strong></span> <span class='ocrx_word' id='word_1_143' title='bbox 1347 1869 1496 1929; x_wconf 72' lang='lat' dir='ltr'><strong>erqo</strong></span> <span class='ocrx_word' id='word_1_144' title='bbox 1553 1851 1635 1910; x_wconf 88' lang='lat' dir='ltr'><strong>ad</strong></span> <span class='ocrx_word' id='word_1_145' title='bbox 1685 1851 2243 1910; x_wconf 89' lang='lat' dir='ltr'><strong>remunerandum</strong></span> <span class='ocrx_word' id='word_1_146' title='bbox 2277 1852 2390 1926; x_wconf 84' lang='lat' dir='ltr'><strong>qui</strong></span> <span class='ocrx_word' id='word_1_147' title='bbox 2439 1852 2615 1910; x_wconf 83' lang='lat' dir='ltr'><strong>circa</strong></span> <span class='ocrx_word' id='word_1_148' title='bbox 2660 1851 3083 1910; x_wconf 83' lang='lat' dir='ltr'><strong>undecimam</strong></span> <span class='ocrx_word' id='word_1_149' title='bbox 3131 1855 3359 1911; x_wconf 83' lang='lat' dir='ltr'><strong>horam</strong></span> <span class='ocrx_word' id='word_1_150' title='bbox 3406 1859 3744 1925; x_wconf 77' lang='lat' dir='ltr'><strong>venerant,</strong></span> 
     </span>
     <span class='ocr_line' id='line_1_15' title="bbox 668 1954 3750 2036; baseline -0.004 -11"><span class='ocrx_word' id='word_1_151' title='bbox 668 1964 983 2025; x_wconf 85' lang='lat' dir='ltr'><strong>videlicet</strong></span> <span class='ocrx_word' id='word_1_152' title='bbox 1015 1960 1130 2036; x_wconf 88' lang='lat' dir='ltr'><strong>qui</strong></span> <span class='ocrx_word' id='word_1_153' title='bbox 1165 1959 1231 2017; x_wconf 91' lang='lat' dir='ltr'><strong>in</strong></span> <span class='ocrx_word' id='word_1_154' title='bbox 1262 1956 1525 2017; x_wconf 86' lang='lat' dir='ltr'><strong>defectu</strong></span> <span class='ocrx_word' id='word_1_155' title='bbox 1560 1956 1784 2030; x_wconf 89' lang='lat' dir='ltr'><strong>operis</strong></span> <span class='ocrx_word' id='word_1_156' title='bbox 1817 1960 2032 2028; x_wconf 91' lang='lat' dir='ltr'><strong>erant,</strong></span> <span class='ocrx_word' id='word_1_157' title='bbox 2067 1960 2134 2013; x_wconf 92' lang='lat' dir='ltr'><strong>et</strong></span> <span class='ocrx_word' id='word_1_158' title='bbox 2168 1970 2447 2030; x_wconf 77' lang='lat' dir='ltr'><strong>peccare</strong></span> <span class='ocrx_word' id='word_1_159' title='bbox 2482 1954 2842 2028; x_wconf 88' lang='lat' dir='ltr'><strong>desierant,</strong></span> <span class='ocrx_word' id='word_1_160' title='bbox 2878 1962 3275 2033; x_wconf 78' lang='lat' dir='ltr'><strong>acceperunt</strong></span> <span class='ocrx_word' id='word_1_161' title='bbox 3312 1956 3603 2033; x_wconf 73' lang='lat' dir='ltr'><strong>sinqulos</strong></span> <span class='ocrx_word' id='word_1_162' title='bbox 3644 1956 3750 2014; x_wconf 90' lang='lat' dir='ltr'><strong>de-</strong></span> 
     </span>
     <span class='ocr_line' id='line_1_16' title="bbox 660 2058 2421 2140; baseline -0.006 -13"><span class='ocrx_word' id='word_1_163' title='bbox 660 2070 905 2140; x_wconf 58' lang='lat' dir='ltr'><strong>nar-2⁸03,</strong></span> <span class='ocrx_word' id='word_1_164' title='bbox 943 2063 1204 2124; x_wconf 89' lang='lat' dir='ltr'><strong>scilicet</strong></span> <span class='ocrx_word' id='word_1_165' title='bbox 1237 2062 1451 2125; x_wconf 88' lang='lat' dir='ltr'><strong>solam</strong></span> <span class='ocrx_word' id='word_1_166' title='bbox 1486 2075 1669 2134; x_wconf 90' lang='lat' dir='ltr'><strong>spem</strong></span> <span class='ocrx_word' id='word_1_167' title='bbox 1708 2074 2037 2134; x_wconf 86' lang='lat' dir='ltr'><strong>supernae</strong></span> <span class='ocrx_word' id='word_1_168' title='bbox 2074 2058 2421 2117; x_wconf 73' lang='lat' dir='ltr'><strong>mercedis</strong></span> 
     </span>
    </p>

    <p class='ocr_par' dir='ltr' id='par_1_5' title="bbox 649 2163 3745 2967">
     <span class='ocr_line' id='line_1_17' title="bbox 759 2163 3744 2240; baseline -0.001 -11"><span class='ocrx_word' id='word_1_169' title='bbox 759 2171 1100 2230; x_wconf 80' lang='lat' dir='ltr'><strong>Venientes</strong></span> <span class='ocrx_word' id='word_1_170' title='bbox 1148 2170 1389 2234; x_wconf 77' lang='lat' dir='ltr'><strong>autem,</strong></span> <span class='ocrx_word' id='word_1_171' title='bbox 1405 2170 1467 2223; x_wconf 88' lang='lat' dir='ltr'><strong>et</strong></span> <span class='ocrx_word' id='word_1_172' title='bbox 1498 2166 1727 2240; x_wconf 84' lang='lat' dir='ltr'><strong>primi,</strong></span> <span class='ocrx_word' id='word_1_173' title='bbox 1765 2163 1880 2238; x_wconf 86' lang='lat' dir='ltr'><strong>qui</strong></span> <span class='ocrx_word' id='word_1_174' title='bbox 1931 2163 2014 2221; x_wconf 89' lang='lat' dir='ltr'><strong>ab</strong></span> <span class='ocrx_word' id='word_1_175' title='bbox 2051 2163 2427 2221; x_wconf 90' lang='lat' dir='ltr'><strong>innocentia</strong></span> <span class='ocrx_word' id='word_1_176' title='bbox 2476 2163 2779 2237; x_wconf 85' lang='lat' dir='ltr'><strong>corporis</strong></span> <span class='ocrx_word' id='word_1_177' title='bbox 2813 2179 3091 2237; x_wconf 87' lang='lat' dir='ltr'><strong>peccare</strong></span> <span class='ocrx_word' id='word_1_178' title='bbox 3125 2164 3536 2239; x_wconf 86' lang='lat' dir='ltr'><strong>nescierunt,</strong></span> <span class='ocrx_word' id='word_1_179' title='bbox 3580 2164 3744 2225; x_wconf 85' lang='lat' dir='ltr'><strong>arbi-</strong></span> 
     </span>
     <span class='ocr_line' id='line_1_18' title="bbox 666 2266 3743 2346; baseline -0.002 -12"><span class='ocrx_word' id='word_1_180' title='bbox 666 2276 829 2334; x_wconf 85' lang='lat' dir='ltr'><strong>trati</strong></span> <span class='ocrx_word' id='word_1_181' title='bbox 863 2278 1015 2333; x_wconf 81' lang='lat' dir='ltr'><strong>sunt</strong></span> <span class='ocrx_word' id='word_1_182' title='bbox 1064 2269 1234 2346; x_wconf 81' lang='lat' dir='ltr'><strong>quod</strong></span> <span class='ocrx_word' id='word_1_183' title='bbox 1262 2269 1418 2345; x_wconf 80' lang='lat' dir='ltr'><strong>plus</strong></span> <span class='ocrx_word' id='word_1_184' title='bbox 1467 2274 1680 2326; x_wconf 80' lang='lat' dir='ltr'><strong>essent</strong></span> <span class='ocrx_word' id='word_1_185' title='bbox 1718 2268 2087 2342; x_wconf 79' lang='lat' dir='ltr'><strong>accepturi,</strong></span> <span class='ocrx_word' id='word_1_186' title='bbox 2140 2266 2297 2340; x_wconf 86' lang='lat' dir='ltr'><strong>quia</strong></span> <span class='ocrx_word' id='word_1_187' title='bbox 2332 2281 2461 2324; x_wconf 93' lang='lat' dir='ltr'><strong>non</strong></span> <span class='ocrx_word' id='word_1_188' title='bbox 2510 2273 2954 2340; x_wconf 83' lang='lat' dir='ltr'><strong>peccaverant</strong></span> <span class='ocrx_word' id='word_1_189' title='bbox 2987 2283 3135 2326; x_wconf 91' lang='lat' dir='ltr'><strong>cum</strong></span> <span class='ocrx_word' id='word_1_190' title='bbox 3187 2273 3454 2342; x_wconf 83' lang='lat' dir='ltr'><strong>gustum</strong></span> <span class='ocrx_word' id='word_1_191' title='bbox 3490 2267 3743 2343; x_wconf 87' lang='lat' dir='ltr'><strong>peccati</strong></span> 
     </span>
     <span class='ocr_line' id='line_1_19' title="bbox 660 2371 3745 2448; baseline -0.002 -10"><span class='ocrx_word' id='word_1_192' title='bbox 660 2395 790 2439; x_wconf 87' lang='lat' dir='ltr'><strong>non</strong></span> <span class='ocrx_word' id='word_1_193' title='bbox 839 2376 1180 2436; x_wconf 87' lang='lat' dir='ltr'><strong>haberent.</strong></span> <span class='ocrx_word' id='word_1_194' title='bbox 1217 2375 1626 2448; x_wconf 73' lang='lat' dir='ltr'><strong>Acceperunt</strong></span> <span class='ocrx_word' id='word_1_195' title='bbox 1678 2378 1900 2428; x_wconf 82' lang='lat' dir='ltr'><strong>autem</strong></span> <span class='ocrx_word' id='word_1_196' title='bbox 1934 2376 1996 2427; x_wconf 86' lang='lat' dir='ltr'><strong>et</strong></span> <span class='ocrx_word' id='word_1_197' title='bbox 2049 2372 2176 2445; x_wconf 80' lang='lat' dir='ltr'><strong>ipsi</strong></span> <span class='ocrx_word' id='word_1_198' title='bbox 2212 2371 2501 2445; x_wconf 73' lang='lat' dir='ltr'><strong>sinqulos</strong></span> <span class='ocrx_word' id='word_1_199' title='bbox 2549 2371 2880 2445; x_wconf 66' lang='lat' dir='ltr'><strong>denarioe,</strong></span> <span class='ocrx_word' id='word_1_200' title='bbox 2919 2371 2982 2430; x_wconf 86' lang='lat' dir='ltr'><strong>id</strong></span> <span class='ocrx_word' id='word_1_201' title='bbox 3032 2377 3136 2430; x_wconf 87' lang='lat' dir='ltr'><strong>est</strong></span> <span class='ocrx_word' id='word_1_202' title='bbox 3171 2372 3382 2431; x_wconf 86' lang='lat' dir='ltr'><strong>solam</strong></span> <span class='ocrx_word' id='word_1_203' title='bbox 3419 2388 3607 2447; x_wconf 89' lang='lat' dir='ltr'><strong>spem</strong></span> <span class='ocrx_word' id='word_1_204' title='bbox 3642 2388 3745 2431; x_wconf 88' lang='lat' dir='ltr'><strong>su-</strong></span> 
     </span>
     <span class='ocr_line' id='line_1_20' title="bbox 655 2475 3741 2560; baseline -0.002 -17"><span class='ocrx_word' id='word_1_205' title='bbox 655 2498 952 2560; x_wconf 84' lang='lat' dir='ltr'><strong>pernam.</strong></span> <span class='ocrx_word' id='word_1_206' title='bbox 1004 2481 1086 2540; x_wconf 87' lang='lat' dir='ltr'><strong>Et</strong></span> <span class='ocrx_word' id='word_1_207' title='bbox 1119 2480 1516 2554; x_wconf 72' lang='lat' dir='ltr'><strong>accipientes</strong></span> <span class='ocrx_word' id='word_1_208' title='bbox 1563 2475 2069 2534; x_wconf 78' lang='lat' dir='ltr'><strong>murmurabant</strong></span> <span class='ocrx_word' id='word_1_209' title='bbox 2109 2475 2174 2532; x_wconf 90' lang='lat' dir='ltr'><strong>in</strong></span> <span class='ocrx_word' id='word_1_210' title='bbox 2222 2475 2537 2534; x_wconf 85' lang='lat' dir='ltr'><strong>cordibus</strong></span> <span class='ocrx_word' id='word_1_211' title='bbox 2572 2476 2715 2534; x_wconf 87' lang='lat' dir='ltr'><strong>suis</strong></span> <span class='ocrx_word' id='word_1_212' title='bbox 2764 2477 3076 2536; x_wconf 75' lang='lat' dir='ltr'><strong>adt-ersus</strong></span> <span class='ocrx_word' id='word_1_213' title='bbox 3113 2485 3375 2554; x_wconf 78' lang='lat' dir='ltr'><strong>patrem</strong></span> <span class='ocrx_word' id='word_1_214' title='bbox 3422 2479 3741 2555; x_wconf 73' lang='lat' dir='ltr'><strong>familiaS,</strong></span> 
     </span>
     <span class='ocr_line' id='line_1_21' title="bbox 656 2579 3736 2658; baseline -0.002 -10"><span class='ocrx_word' id='word_1_215' title='bbox 656 2588 919 2647; x_wconf 87' lang='lat' dir='ltr'><strong>scilicet</strong></span> <span class='ocrx_word' id='word_1_216' title='bbox 969 2582 1512 2655; x_wconf 82' lang='lat' dir='ltr'><strong>rationalitatem,</strong></span> <span class='ocrx_word' id='word_1_217' title='bbox 1550 2582 1843 2639; x_wconf 77' lang='lat' dir='ltr'><strong>dicentes</strong></span> <span class='ocrx_word' id='word_1_218' title='bbox 1898 2579 1960 2638; x_wconf 91' lang='lat' dir='ltr'><strong>in</strong></span> <span class='ocrx_word' id='word_1_219' title='bbox 1992 2579 2327 2653; x_wconf 89' lang='lat' dir='ltr'><strong>opinione:</strong></span> <span class='ocrx_word' id='word_1_220' title='bbox 2380 2581 2465 2639; x_wconf 85' lang='lat' dir='ltr'><strong>Hi</strong></span> <span class='ocrx_word' id='word_1_221' title='bbox 2500 2583 2836 2639; x_wconf 80' lang='lat' dir='ltr'><strong>novissimi</strong></span> <span class='ocrx_word' id='word_1_222' title='bbox 2885 2600 3089 2640; x_wconf 82' lang='lat' dir='ltr'><strong>unam</strong></span> <span class='ocrx_word' id='word_1_223' title='bbox 3137 2585 3363 2642; x_wconf 84' lang='lat' dir='ltr'><strong>horam</strong></span> <span class='ocrx_word' id='word_1_224' title='bbox 3410 2583 3736 2658; x_wconf 82' lang='lat' dir='ltr'><strong>fecerunt,</strong></span> 
     </span>
     <span class='ocr_line' id='line_1_22' title="bbox 660 2683 3737 2762; baseline -0.002 -13"><span class='ocrx_word' id='word_1_225' title='bbox 660 2689 975 2749; x_wconf 87' lang='lat' dir='ltr'><strong>videlicet</strong></span> <span class='ocrx_word' id='word_1_226' title='bbox 1023 2691 1178 2762; x_wconf 88' lang='lat' dir='ltr'><strong>post</strong></span> <span class='ocrx_word' id='word_1_227' title='bbox 1210 2690 1485 2760; x_wconf 90' lang='lat' dir='ltr'><strong>peccata</strong></span> <span class='ocrx_word' id='word_1_228' title='bbox 1533 2700 1652 2743; x_wconf 91' lang='lat' dir='ltr'><strong>sua</strong></span> <span class='ocrx_word' id='word_1_229' title='bbox 1689 2699 1817 2741; x_wconf 92' lang='lat' dir='ltr'><strong>uno</strong></span> <span class='ocrx_word' id='word_1_230' title='bbox 1855 2685 2083 2742; x_wconf 88' lang='lat' dir='ltr'><strong>tenore</strong></span> <span class='ocrx_word' id='word_1_231' title='bbox 2125 2689 2192 2741; x_wconf 90' lang='lat' dir='ltr'><strong>et</strong></span> <span class='ocrx_word' id='word_1_232' title='bbox 2225 2683 2456 2757; x_wconf 84' lang='lat' dir='ltr'><strong>vigore</strong></span> <span class='ocrx_word' id='word_1_233' title='bbox 2490 2683 2661 2742; x_wconf 90' lang='lat' dir='ltr'><strong>bona</strong></span> <span class='ocrx_word' id='word_1_234' title='bbox 2698 2684 3019 2758; x_wconf 86' lang='lat' dir='ltr'><strong>fecerunt,</strong></span> <span class='ocrx_word' id='word_1_235' title='bbox 3055 2692 3115 2743; x_wconf 89' lang='lat' dir='ltr'><strong>et</strong></span> <span class='ocrx_word' id='word_1_236' title='bbox 3148 2703 3344 2761; x_wconf 79' lang='lat' dir='ltr'><strong>pares</strong></span> <span class='ocrx_word' id='word_1_237' title='bbox 3380 2686 3532 2744; x_wconf 81' lang='lat' dir='ltr'><strong>illos</strong></span> <span class='ocrx_word' id='word_1_238' title='bbox 3564 2685 3737 2744; x_wconf 83' lang='lat' dir='ltr'><strong>nobis</strong></span> 
     </span>
     <span class='ocr_line' id='line_1_23' title="bbox 649 2786 3739 2868; baseline -0.001 -16"><span class='ocrx_word' id='word_1_239' title='bbox 649 2792 870 2868; x_wconf 72' lang='lat' dir='ltr'><strong>fecisti</strong></span> <span class='ocrx_word' id='word_1_240' title='bbox 921 2790 987 2848; x_wconf 92' lang='lat' dir='ltr'><strong>in</strong></span> <span class='ocrx_word' id='word_1_241' title='bbox 1036 2786 1601 2860; x_wconf 88' lang='lat' dir='ltr'><strong>remuneratione,</strong></span> <span class='ocrx_word' id='word_1_242' title='bbox 1653 2788 1766 2863; x_wconf 77' lang='lat' dir='ltr'><strong>qui</strong></span> <span class='ocrx_word' id='word_1_243' title='bbox 1811 2788 2221 2861; x_wconf 82' lang='lat' dir='ltr'><strong>portavimus</strong></span> <span class='ocrx_word' id='word_1_244' title='bbox 2266 2786 2528 2861; x_wconf 78' lang='lat' dir='ltr'><strong>pondus</strong></span> <span class='ocrx_word' id='word_1_245' title='bbox 2578 2786 2715 2844; x_wconf 84' lang='lat' dir='ltr'><strong>diei</strong></span> <span class='ocrx_word' id='word_1_246' title='bbox 2751 2787 2814 2844; x_wconf 91' lang='lat' dir='ltr'><strong>in</strong></span> <span class='ocrx_word' id='word_1_247' title='bbox 2862 2788 3319 2862; x_wconf 86' lang='lat' dir='ltr'><strong>oppressione,</strong></span> <span class='ocrx_word' id='word_1_248' title='bbox 3355 2795 3416 2846; x_wconf 87' lang='lat' dir='ltr'><strong>et</strong></span> <span class='ocrx_word' id='word_1_249' title='bbox 3466 2796 3643 2848; x_wconf 80' lang='lat' dir='ltr'><strong>estus</strong></span> <span class='ocrx_word' id='word_1_250' title='bbox 3677 2789 3739 2848; x_wconf 90' lang='lat' dir='ltr'><strong>in</strong></span> 
     </span>
     <span class='ocr_line' id='line_1_24' title="bbox 653 2889 1782 2967; baseline -0.004 -15"><span class='ocrx_word' id='word_1_251' title='bbox 653 2894 876 2954; x_wconf 91' lang='lat' dir='ltr'><strong>calore</strong></span> <span class='ocrx_word' id='word_1_252' title='bbox 911 2891 1323 2967; x_wconf 82' lang='lat' dir='ltr'><strong>cogitatuum</strong></span> <span class='ocrx_word' id='word_1_253' title='bbox 1357 2891 1424 2947; x_wconf 86' lang='lat' dir='ltr'><strong>et</strong></span> <span class='ocrx_word' id='word_1_254' title='bbox 1457 2889 1782 2963; x_wconf 88' lang='lat' dir='ltr'><strong>corporis.</strong></span> 
     </span>
    </p>

    <p class='ocr_par' dir='ltr' id='par_1_6' title="bbox 554 2992 3731 4007">
     <span class='ocr_line' id='line_1_25' title="bbox 738 2992 3730 3072; baseline -0.002 -13"><span class='ocrx_word' id='word_1_255' title='bbox 738 3000 821 3060; x_wconf 88' lang='lat' dir='ltr'><strong>At</strong></span> <span class='ocrx_word' id='word_1_256' title='bbox 868 2999 986 3057; x_wconf 82' lang='lat' dir='ltr'><strong>itte</strong></span> <span class='ocrx_word' id='word_1_257' title='bbox 1034 2994 1461 3072; x_wconf 67' lang='lat' dir='ltr'><strong>respondem,</strong></span> <span class='ocrx_word' id='word_1_258' title='bbox 1516 2992 1775 3052; x_wconf 86' lang='lat' dir='ltr'><strong>scilicet</strong></span> <span class='ocrx_word' id='word_1_259' title='bbox 1825 2992 2270 3068; x_wconf 85' lang='lat' dir='ltr'><strong>rationalitaS,</strong></span> <span class='ocrx_word' id='word_1_260' title='bbox 2322 2996 2441 3052; x_wconf 77' lang='lat' dir='ltr'><strong>uni</strong></span> <span class='ocrx_word' id='word_1_261' title='bbox 2491 3011 2717 3051; x_wconf 82' lang='lat' dir='ltr'><strong>eoru-m</strong></span> <span class='ocrx_word' id='word_1_262' title='bbox 2750 2994 2949 3063; x_wconf 80' lang='lat' dir='ltr'><strong>diaeit,</strong></span> <span class='ocrx_word' id='word_1_263' title='bbox 2988 2993 3299 3053; x_wconf 86' lang='lat' dir='ltr'><strong>videlicet</strong></span> <span class='ocrx_word' id='word_1_264' title='bbox 3332 2994 3585 3071; x_wconf 82' lang='lat' dir='ltr'><strong>gustui,</strong></span> <span class='ocrx_word' id='word_1_265' title='bbox 3623 2994 3730 3070; x_wconf 86' lang='lat' dir='ltr'><strong>qui</strong></span> 
     </span>
     <span class='ocr_line' id='line_1_26' title="bbox 646 3100 3730 3184; baseline -0.003 -18"><span class='ocrx_word' id='word_1_266' title='bbox 646 3106 849 3184; x_wconf 89' lang='lat' dir='ltr'><strong>quasi</strong></span> <span class='ocrx_word' id='word_1_267' title='bbox 880 3105 1191 3180; x_wconf 89' lang='lat' dir='ltr'><strong>princeps</strong></span> <span class='ocrx_word' id='word_1_268' title='bbox 1226 3101 1509 3160; x_wconf 89' lang='lat' dir='ltr'><strong>aliorum</strong></span> <span class='ocrx_word' id='word_1_269' title='bbox 1547 3115 1864 3158; x_wconf 89' lang='lat' dir='ltr'><strong>sensuum</strong></span> <span class='ocrx_word' id='word_1_270' title='bbox 1898 3106 2020 3158; x_wconf 88' lang='lat' dir='ltr'><strong>est:</strong></span> <span class='ocrx_word' id='word_1_271' title='bbox 2059 3101 2314 3173; x_wconf 86' lang='lat' dir='ltr'><strong>Amice,</strong></span> <span class='ocrx_word' id='word_1_272' title='bbox 2350 3100 2507 3174; x_wconf 85' lang='lat' dir='ltr'><strong>quia</strong></span> <span class='ocrx_word' id='word_1_273' title='bbox 2542 3105 2613 3158; x_wconf 89' lang='lat' dir='ltr'><strong>tu</strong></span> <span class='ocrx_word' id='word_1_274' title='bbox 2650 3100 2831 3174; x_wconf 89' lang='lat' dir='ltr'><strong>sapis</strong></span> <span class='ocrx_word' id='word_1_275' title='bbox 2866 3100 3039 3159; x_wconf 92' lang='lat' dir='ltr'><strong>sicut</strong></span> <span class='ocrx_word' id='word_1_276' title='bbox 3070 3103 3137 3159; x_wconf 91' lang='lat' dir='ltr'><strong>et</strong></span> <span class='ocrx_word' id='word_1_277' title='bbox 3169 3115 3290 3174; x_wconf 81' lang='lat' dir='ltr'><strong>ego</strong></span> <span class='ocrx_word' id='word_1_278' title='bbox 3331 3101 3569 3174; x_wconf 91' lang='lat' dir='ltr'><strong>senti0,</strong></span> <span class='ocrx_word' id='word_1_279' title='bbox 3604 3117 3730 3158; x_wconf 83' lang='lat' dir='ltr'><strong>non</strong></span> 
     </span>
     <span class='ocr_line' id='line_1_27' title="bbox 642 3203 3729 3290; baseline -0.002 -20"><span class='ocrx_word' id='word_1_280' title='bbox 642 3214 817 3290; x_wconf 75' lang='lat' dir='ltr'><strong>facio</strong></span> <span class='ocrx_word' id='word_1_281' title='bbox 849 3209 963 3269; x_wconf 85' lang='lat' dir='ltr'><strong>tibi</strong></span> <span class='ocrx_word' id='word_1_282' title='bbox 1010 3204 1335 3280; x_wconf 73' lang='lat' dir='ltr'><strong>injuriam</strong></span> <span class='ocrx_word' id='word_1_283' title='bbox 1369 3205 1434 3263; x_wconf 93' lang='lat' dir='ltr'><strong>in</strong></span> <span class='ocrx_word' id='word_1_284' title='bbox 1485 3203 2041 3264; x_wconf 88' lang='lat' dir='ltr'><strong>remuneratione.</strong></span> <span class='ocrx_word' id='word_1_285' title='bbox 2080 3205 2312 3263; x_wconf 77' lang='lat' dir='ltr'><strong>Nonne</strong></span> <span class='ocrx_word' id='word_1_286' title='bbox 2361 3223 2445 3261; x_wconf 77' lang='lat' dir='ltr'><strong>eac</strong></span> <span class='ocrx_word' id='word_1_287' title='bbox 2479 3204 2776 3274; x_wconf 76' lang='lat' dir='ltr'><strong>denarie,</strong></span> <span class='ocrx_word' id='word_1_288' title='bbox 2817 3203 3126 3262; x_wconf 89' lang='lat' dir='ltr'><strong>videlicet</strong></span> <span class='ocrx_word' id='word_1_289' title='bbox 3159 3203 3239 3262; x_wconf 93' lang='lat' dir='ltr'><strong>de</strong></span> <span class='ocrx_word' id='word_1_290' title='bbox 3276 3205 3424 3262; x_wconf 89' lang='lat' dir='ltr'><strong>sola</strong></span> <span class='ocrx_word' id='word_1_291' title='bbox 3458 3220 3577 3280; x_wconf 91' lang='lat' dir='ltr'><strong>spe</strong></span> <span class='ocrx_word' id='word_1_292' title='bbox 3625 3220 3729 3263; x_wconf 91' lang='lat' dir='ltr'><strong>su-</strong></span> 
     </span>
     <span class='ocr_line' id='line_1_28' title="bbox 646 3306 3731 3392; baseline -0.002 -17"><span class='ocrx_word' id='word_1_293' title='bbox 646 3332 872 3392; x_wconf 86' lang='lat' dir='ltr'><strong>perna,</strong></span> <span class='ocrx_word' id='word_1_294' title='bbox 926 3313 1284 3373; x_wconf 77' lang='lat' dir='ltr'><strong>convenisti</strong></span> <span class='ocrx_word' id='word_1_295' title='bbox 1316 3328 1610 3382; x_wconf 81' lang='lat' dir='ltr'><strong>mecum,</strong></span> <span class='ocrx_word' id='word_1_296' title='bbox 1663 3314 1735 3367; x_wconf 92' lang='lat' dir='ltr'><strong>ut</strong></span> <span class='ocrx_word' id='word_1_297' title='bbox 1769 3324 1887 3383; x_wconf 89' lang='lat' dir='ltr'><strong>per</strong></span> <span class='ocrx_word' id='word_1_298' title='bbox 1934 3323 2083 3366; x_wconf 89' lang='lat' dir='ltr'><strong>eam</strong></span> <span class='ocrx_word' id='word_1_299' title='bbox 2127 3306 2688 3366; x_wconf 80' lang='lat' dir='ltr'><strong>remunerareris‘?</strong></span> <span class='ocrx_word' id='word_1_300' title='bbox 2728 3307 2901 3365; x_wconf 81' lang='lat' dir='ltr'><strong>Totle</strong></span> <span class='ocrx_word' id='word_1_301' title='bbox 2936 3309 3106 3385; x_wconf 83' lang='lat' dir='ltr'><strong>quod</strong></span> <span class='ocrx_word' id='word_1_302' title='bbox 3156 3315 3343 3366; x_wconf 83' lang='lat' dir='ltr'><strong>tuum</strong></span> <span class='ocrx_word' id='word_1_303' title='bbox 3378 3315 3473 3368; x_wconf 87' lang='lat' dir='ltr'><strong>est</strong></span> <span class='ocrx_word' id='word_1_304' title='bbox 3524 3309 3592 3368; x_wconf 92' lang='lat' dir='ltr'><strong>in</strong></span> <span class='ocrx_word' id='word_1_305' title='bbox 3626 3325 3731 3369; x_wconf 91' lang='lat' dir='ltr'><strong>su-</strong></span> 
     </span>
     <span class='ocr_line' id='line_1_29' title="bbox 645 3411 3731 3495; baseline -0.003 -16"><span class='ocrx_word' id='word_1_306' title='bbox 645 3435 851 3495; x_wconf 88' lang='lat' dir='ltr'><strong>perna</strong></span> <span class='ocrx_word' id='word_1_307' title='bbox 886 3431 1026 3491; x_wconf 88' lang='lat' dir='ltr'><strong>spe,</strong></span> <span class='ocrx_word' id='word_1_308' title='bbox 1078 3422 1140 3473; x_wconf 86' lang='lat' dir='ltr'><strong>et</strong></span> <span class='ocrx_word' id='word_1_309' title='bbox 1175 3415 1337 3472; x_wconf 76' lang='lat' dir='ltr'><strong>vade</strong></span> <span class='ocrx_word' id='word_1_310' title='bbox 1391 3414 1453 3471; x_wconf 93' lang='lat' dir='ltr'><strong>in</strong></span> <span class='ocrx_word' id='word_1_311' title='bbox 1487 3413 1871 3471; x_wconf 87' lang='lat' dir='ltr'><strong>mansiones</strong></span> <span class='ocrx_word' id='word_1_312' title='bbox 1906 3429 2077 3487; x_wconf 84' lang='lat' dir='ltr'><strong>quas</strong></span> <span class='ocrx_word' id='word_1_313' title='bbox 2130 3412 2219 3470; x_wconf 85' lang='lat' dir='ltr'><strong>ibi</strong></span> <span class='ocrx_word' id='word_1_314' title='bbox 2254 3411 2479 3469; x_wconf 83' lang='lat' dir='ltr'><strong>habes.</strong></span> <span class='ocrx_word' id='word_1_315' title='bbox 2528 3411 2672 3468; x_wconf 84' lang='lat' dir='ltr'><strong>Volo</strong></span> <span class='ocrx_word' id='word_1_316' title='bbox 2706 3417 2929 3468; x_wconf 84' lang='lat' dir='ltr'><strong>autem</strong></span> <span class='ocrx_word' id='word_1_317' title='bbox 2962 3418 3022 3469; x_wconf 86' lang='lat' dir='ltr'><strong>et</strong></span> <span class='ocrx_word' id='word_1_318' title='bbox 3059 3415 3211 3472; x_wconf 81' lang='lat' dir='ltr'><strong>huic</strong></span> <span class='ocrx_word' id='word_1_319' title='bbox 3244 3414 3593 3472; x_wconf 77' lang='lat' dir='ltr'><strong>novissimo</strong></span> <span class='ocrx_word' id='word_1_320' title='bbox 3622 3413 3731 3471; x_wconf 84' lang='lat' dir='ltr'><strong>da-</strong></span> 
     </span>
     <span class='ocr_line' id='line_1_30' title="bbox 640 3513 3727 3595; baseline -0.005 -8"><span class='ocrx_word' id='word_1_321' title='bbox 640 3547 743 3595; x_wconf 81' lang='lat' dir='ltr'><strong>re,</strong></span> <span class='ocrx_word' id='word_1_322' title='bbox 778 3524 843 3584; x_wconf 91' lang='lat' dir='ltr'><strong>id</strong></span> <span class='ocrx_word' id='word_1_323' title='bbox 875 3526 978 3581; x_wconf 84' lang='lat' dir='ltr'><strong>est</strong></span> <span class='ocrx_word' id='word_1_324' title='bbox 1013 3519 1109 3579; x_wconf 92' lang='lat' dir='ltr'><strong>illi</strong></span> <span class='ocrx_word' id='word_1_325' title='bbox 1143 3519 1258 3593; x_wconf 90' lang='lat' dir='ltr'><strong>qui</strong></span> <span class='ocrx_word' id='word_1_326' title='bbox 1292 3532 1569 3591; x_wconf 87' lang='lat' dir='ltr'><strong>peccare</strong></span> <span class='ocrx_word' id='word_1_327' title='bbox 1606 3517 1884 3587; x_wconf 86' lang='lat' dir='ltr'><strong>sciebat,</strong></span> <span class='ocrx_word' id='word_1_328' title='bbox 1924 3521 1991 3574; x_wconf 89' lang='lat' dir='ltr'><strong>et</strong></span> <span class='ocrx_word' id='word_1_329' title='bbox 2039 3530 2317 3590; x_wconf 86' lang='lat' dir='ltr'><strong>peccare</strong></span> <span class='ocrx_word' id='word_1_330' title='bbox 2352 3514 2618 3587; x_wconf 81' lang='lat' dir='ltr'><strong>desinit,</strong></span> <span class='ocrx_word' id='word_1_331' title='bbox 2658 3516 2822 3573; x_wconf 84' lang='lat' dir='ltr'><strong>sicut</strong></span> <span class='ocrx_word' id='word_1_332' title='bbox 2859 3520 2921 3571; x_wconf 89' lang='lat' dir='ltr'><strong>et</strong></span> <span class='ocrx_word' id='word_1_333' title='bbox 2960 3513 3097 3588; x_wconf 88' lang='lat' dir='ltr'><strong>tibi,</strong></span> <span class='ocrx_word' id='word_1_334' title='bbox 3135 3515 3249 3590; x_wconf 89' lang='lat' dir='ltr'><strong>qui</strong></span> <span class='ocrx_word' id='word_1_335' title='bbox 3283 3530 3444 3590; x_wconf 87' lang='lat' dir='ltr'><strong>prae</strong></span> <span class='ocrx_word' id='word_1_336' title='bbox 3479 3515 3727 3590; x_wconf 91' lang='lat' dir='ltr'><strong>simpli-</strong></span> 
     </span>
     <span class='ocr_line' id='line_1_31' title="bbox 643 3617 3727 3695; baseline -0.005 -3"><span class='ocrx_word' id='word_1_337' title='bbox 643 3632 846 3692; x_wconf 89' lang='lat' dir='ltr'><strong>citate</strong></span> <span class='ocrx_word' id='word_1_338' title='bbox 898 3622 1311 3685; x_wconf 88' lang='lat' dir='ltr'><strong>innocentiae</strong></span> <span class='ocrx_word' id='word_1_339' title='bbox 1345 3635 1625 3694; x_wconf 88' lang='lat' dir='ltr'><strong>peccare</strong></span> <span class='ocrx_word' id='word_1_340' title='bbox 1675 3618 2043 3676; x_wconf 67' lang='lat' dir='ltr'><strong>nesciebas</strong></span> <span class='ocrx_word' id='word_1_341' title='bbox 2080 3620 2321 3678; x_wconf 75' lang='lat' dir='ltr'><strong>Annon</strong></span> <span class='ocrx_word' id='word_1_342' title='bbox 2372 3619 2523 3676; x_wconf 84' lang='lat' dir='ltr'><strong>licet</strong></span> <span class='ocrx_word' id='word_1_343' title='bbox 2557 3620 2721 3677; x_wconf 78' lang='lat' dir='ltr'><strong>mihi</strong></span> <span class='ocrx_word' id='word_1_344' title='bbox 2763 3619 2933 3694; x_wconf 79' lang='lat' dir='ltr'><strong>quod</strong></span> <span class='ocrx_word' id='word_1_345' title='bbox 2964 3619 3104 3675; x_wconf 78' lang='lat' dir='ltr'><strong>volo</strong></span> <span class='ocrx_word' id='word_1_346' title='bbox 3135 3621 3382 3695; x_wconf 80' lang='lat' dir='ltr'><strong>facere,</strong></span> <span class='ocrx_word' id='word_1_347' title='bbox 3421 3624 3603 3677; x_wconf 86' lang='lat' dir='ltr'><strong>recto</strong></span> <span class='ocrx_word' id='word_1_348' title='bbox 3631 3617 3727 3693; x_wconf 89' lang='lat' dir='ltr'><strong>ju-</strong></span> 
     </span>
     <span class='ocr_line' id='line_1_32' title="bbox 554 3722 3721 3799; baseline -0.005 -3"><span class='ocrx_word' id='word_1_349' title='bbox 554 3739 560 3745; x_wconf 83' lang='grc'><strong>’</strong></span> <span class='ocrx_word' id='word_1_350' title='bbox 639 3734 814 3796; x_wconf 90' lang='lat' dir='ltr'><strong>dicio</strong></span> <span class='ocrx_word' id='word_1_351' title='bbox 866 3731 1029 3790; x_wconf 89' lang='lat' dir='ltr'><strong>haec</strong></span> <span class='ocrx_word' id='word_1_352' title='bbox 1076 3723 1509 3785; x_wconf 82' lang='lat' dir='ltr'><strong>diudicando‘?</strong></span> <span class='ocrx_word' id='word_1_353' title='bbox 1556 3725 1660 3783; x_wconf 76' lang='lat' dir='ltr'><strong>An</strong></span> <span class='ocrx_word' id='word_1_354' title='bbox 1709 3724 1935 3783; x_wconf 81' lang='lat' dir='ltr'><strong>oculus</strong></span> <span class='ocrx_word' id='word_1_355' title='bbox 1985 3728 2163 3793; x_wconf 77' lang='lat' dir='ltr'><strong>tuus,</strong></span> <span class='ocrx_word' id='word_1_356' title='bbox 2216 3722 2474 3780; x_wconf 89' lang='lat' dir='ltr'><strong>scilicet</strong></span> <span class='ocrx_word' id='word_1_357' title='bbox 2522 3722 2798 3780; x_wconf 88' lang='lat' dir='ltr'><strong>intentio</strong></span> <span class='ocrx_word' id='word_1_358' title='bbox 2849 3723 3070 3781; x_wconf 88' lang='lat' dir='ltr'><strong>cordis</strong></span> <span class='ocrx_word' id='word_1_359' title='bbox 3118 3723 3215 3781; x_wconf 90' lang='lat' dir='ltr'><strong>tui</strong></span> <span class='ocrx_word' id='word_1_360' title='bbox 3278 3741 3562 3799; x_wconf 79' lang='lat' dir='ltr'><strong>nequam</strong></span> <span class='ocrx_word' id='word_1_361' title='bbox 3607 3729 3721 3796; x_wconf 86' lang='lat' dir='ltr'><strong>est,</strong></span> 
     </span>
     <span class='ocr_line' id='line_1_33' title="bbox 643 3815 3722 3909; baseline -0.004 -10"><span class='ocrx_word' id='word_1_362' title='bbox 643 3841 809 3899; x_wconf 85' lang='lat' dir='ltr'><strong>haec</strong></span> <span class='ocrx_word' id='word_1_363' title='bbox 858 3834 1104 3909; x_wconf 89' lang='lat' dir='ltr'><strong>injuste</strong></span> <span class='ocrx_word' id='word_1_364' title='bbox 1153 3828 1611 3899; x_wconf 89' lang='lat' dir='ltr'><strong>discutiendo,</strong></span> <span class='ocrx_word' id='word_1_365' title='bbox 1664 3830 1820 3902; x_wconf 81' lang='lat' dir='ltr'><strong>quia</strong></span> <span class='ocrx_word' id='word_1_366' title='bbox 1866 3844 1977 3902; x_wconf 71' lang='lat' dir='ltr'><strong>eqo</strong></span> <span class='ocrx_word' id='word_1_367' title='bbox 2024 3824 2226 3883; x_wconf 74' lang='lat' dir='ltr'><strong>bonus</strong></span> <span class='ocrx_word' id='word_1_368' title='bbox 2276 3845 2461 3892; x_wconf 81' lang='lat' dir='ltr'><strong>sum,</strong></span> <span class='ocrx_word' id='word_1_369' title='bbox 2515 3815 2825 3884; x_wconf 85' lang='lat' dir='ltr'><strong>videlicet</strong></span> <span class='ocrx_word' id='word_1_370' title='bbox 2858 3825 3147 3886; x_wconf 88' lang='lat' dir='ltr'><strong>discrete</strong></span> <span class='ocrx_word' id='word_1_371' title='bbox 3198 3842 3323 3886; x_wconf 88' lang='lat' dir='ltr'><strong>non</strong></span> <span class='ocrx_word' id='word_1_372' title='bbox 3376 3842 3626 3902; x_wconf 83' lang='lat' dir='ltr'><strong>vagans</strong></span> <span class='ocrx_word' id='word_1_373' title='bbox 3662 3829 3722 3887; x_wconf 89' lang='lat' dir='ltr'><strong>in</strong></span> 
     </span>
     <span class='ocr_line' id='line_1_34' title="bbox 639 3937 1111 4007; baseline -0.025 0"><span class='ocrx_word' id='word_1_374' title='bbox 639 3937 1111 4007; x_wconf 68' lang='lat' dir='ltr'><strong>instabilitate?</strong></span> 
     </span>
    </p>

    <p class='ocr_par' dir='ltr' id='par_1_7' title="bbox 623 4037 3721 4737">
     <span class='ocr_line' id='line_1_35' title="bbox 732 4037 3721 4114; baseline -0.006 -3"><span class='ocrx_word' id='word_1_375' title='bbox 732 4055 836 4113; x_wconf 80' lang='lat' dir='ltr'><strong>Sic</strong></span> <span class='ocrx_word' id='word_1_376' title='bbox 884 4053 1080 4107; x_wconf 76' lang='lat' dir='ltr'><strong>erunt</strong></span> <span class='ocrx_word' id='word_1_377' title='bbox 1115 4043 1483 4111; x_wconf 78' lang='lat' dir='ltr'><strong>novissimi,</strong></span> <span class='ocrx_word' id='word_1_378' title='bbox 1542 4039 1599 4097; x_wconf 89' lang='lat' dir='ltr'><strong>id</strong></span> <span class='ocrx_word' id='word_1_379' title='bbox 1637 4041 1741 4097; x_wconf 87' lang='lat' dir='ltr'><strong>est</strong></span> <span class='ocrx_word' id='word_1_380' title='bbox 1788 4038 1901 4113; x_wconf 84' lang='lat' dir='ltr'><strong>qui</strong></span> <span class='ocrx_word' id='word_1_381' title='bbox 1939 4038 2004 4095; x_wconf 92' lang='lat' dir='ltr'><strong>in</strong></span> <span class='ocrx_word' id='word_1_382' title='bbox 2039 4042 2238 4111; x_wconf 80' lang='lat' dir='ltr'><strong>gustu</strong></span> <span class='ocrx_word' id='word_1_383' title='bbox 2276 4037 2528 4109; x_wconf 83' lang='lat' dir='ltr'><strong>peccati</strong></span> <span class='ocrx_word' id='word_1_384' title='bbox 2568 4052 2845 4110; x_wconf 88' lang='lat' dir='ltr'><strong>peccare</strong></span> <span class='ocrx_word' id='word_1_385' title='bbox 2879 4037 3246 4111; x_wconf 80' lang='lat' dir='ltr'><strong>desierunt,</strong></span> <span class='ocrx_word' id='word_1_386' title='bbox 3279 4039 3509 4114; x_wconf 77' lang='lat' dir='ltr'><strong>primi,</strong></span> <span class='ocrx_word' id='word_1_387' title='bbox 3547 4038 3721 4096; x_wconf 85' lang='lat' dir='ltr'><strong>scili-</strong></span> 
     </span>
     <span class='ocr_line' id='line_1_36' title="bbox 631 4122 3714 4221; baseline -0.006 -4"><span class='ocrx_word' id='word_1_388' title='bbox 631 4164 740 4217; x_wconf 82' lang='lat' dir='ltr'><strong>cet</strong></span> <span class='ocrx_word' id='word_1_389' title='bbox 788 4155 1174 4213; x_wconf 88' lang='lat' dir='ltr'><strong>innocentes</strong></span> <span class='ocrx_word' id='word_1_390' title='bbox 1209 4162 1327 4221; x_wconf 90' lang='lat' dir='ltr'><strong>per</strong></span> <span class='ocrx_word' id='word_1_391' title='bbox 1379 4145 1848 4218; x_wconf 86' lang='lat' dir='ltr'><strong>poenitentiam</strong></span> <span class='ocrx_word' id='word_1_392' title='bbox 1886 4141 2147 4213; x_wconf 80' lang='lat' dir='ltr'><strong>effecti,</strong></span> <span class='ocrx_word' id='word_1_393' title='bbox 2200 4122 2350 4199; x_wconf 86' lang='lat' dir='ltr'><strong>cum</strong></span> <span class='ocrx_word' id='word_1_394' title='bbox 2398 4142 2462 4198; x_wconf 90' lang='lat' dir='ltr'><strong>in</strong></span> <span class='ocrx_word' id='word_1_395' title='bbox 2510 4140 2699 4199; x_wconf 87' lang='lat' dir='ltr'><strong>bonis</strong></span> <span class='ocrx_word' id='word_1_396' title='bbox 2751 4142 3355 4215; x_wconf 81' lang='lat' dir='ltr'><strong>perseveraverint,</strong></span> <span class='ocrx_word' id='word_1_397' title='bbox 3393 4147 3455 4199; x_wconf 89' lang='lat' dir='ltr'><strong>et</strong></span> <span class='ocrx_word' id='word_1_398' title='bbox 3486 4144 3714 4216; x_wconf 77' lang='lat' dir='ltr'><strong>primi,</strong></span> 
     </span>
     <span class='ocr_line' id='line_1_37' title="bbox 627 4245 3716 4338; baseline -0.005 -19"><span class='ocrx_word' id='word_1_399' title='bbox 627 4261 743 4338; x_wconf 80' lang='lat' dir='ltr'><strong>qui</strong></span> <span class='ocrx_word' id='word_1_400' title='bbox 796 4259 860 4315; x_wconf 89' lang='lat' dir='ltr'><strong>in</strong></span> <span class='ocrx_word' id='word_1_401' title='bbox 897 4253 1327 4328; x_wconf 84' lang='lat' dir='ltr'><strong>simplicitate</strong></span> <span class='ocrx_word' id='word_1_402' title='bbox 1379 4248 1795 4306; x_wconf 90' lang='lat' dir='ltr'><strong>innocentiae</strong></span> <span class='ocrx_word' id='word_1_403' title='bbox 1847 4245 2261 4314; x_wconf 81' lang='lat' dir='ltr'><strong>incedebant,</strong></span> <span class='ocrx_word' id='word_1_404' title='bbox 2316 4246 2673 4315; x_wconf 73' lang='lat' dir='ltr'><strong>novissimi,</strong></span> <span class='ocrx_word' id='word_1_405' title='bbox 2726 4260 2873 4303; x_wconf 87' lang='lat' dir='ltr'><strong>cum</strong></span> <span class='ocrx_word' id='word_1_406' title='bbox 2928 4262 3044 4320; x_wconf 89' lang='lat' dir='ltr'><strong>per</strong></span> <span class='ocrx_word' id='word_1_407' title='bbox 3086 4245 3344 4321; x_wconf 85' lang='lat' dir='ltr'><strong>pondus</strong></span> <span class='ocrx_word' id='word_1_408' title='bbox 3380 4247 3716 4320; x_wconf 76' lang='lat' dir='ltr'><strong>angustia-</strong></span> 
     </span>
     <span class='ocr_line' id='line_1_38' title="bbox 631 4347 3707 4431; baseline -0.005 -9"><span class='ocrx_word' id='word_1_409' title='bbox 631 4377 776 4423; x_wconf 87' lang='lat' dir='ltr'><strong>rum</strong></span> <span class='ocrx_word' id='word_1_410' title='bbox 828 4361 893 4416; x_wconf 82' lang='lat' dir='ltr'><strong>et</strong></span> <span class='ocrx_word' id='word_1_411' title='bbox 924 4372 1044 4431; x_wconf 89' lang='lat' dir='ltr'><strong>per</strong></span> <span class='ocrx_word' id='word_1_412' title='bbox 1089 4357 1349 4411; x_wconf 87' lang='lat' dir='ltr'><strong>aestum</strong></span> <span class='ocrx_word' id='word_1_413' title='bbox 1385 4351 1630 4409; x_wconf 85' lang='lat' dir='ltr'><strong>caloris</strong></span> <span class='ocrx_word' id='word_1_414' title='bbox 1680 4348 2131 4423; x_wconf 86' lang='lat' dir='ltr'><strong>corporalium</strong></span> <span class='ocrx_word' id='word_1_415' title='bbox 2169 4348 2249 4406; x_wconf 91' lang='lat' dir='ltr'><strong>ad</strong></span> <span class='ocrx_word' id='word_1_416' title='bbox 2302 4348 2543 4406; x_wconf 78' lang='lat' dir='ltr'><strong>honum</strong></span> <span class='ocrx_word' id='word_1_417' title='bbox 2581 4347 2774 4405; x_wconf 86' lang='lat' dir='ltr'><strong>finem</strong></span> <span class='ocrx_word' id='word_1_418' title='bbox 2823 4349 3367 4422; x_wconf 83' lang='lat' dir='ltr'><strong>porseverantiae</strong></span> <span class='ocrx_word' id='word_1_419' title='bbox 3418 4348 3707 4407; x_wconf 85' lang='lat' dir='ltr'><strong>tendunt..</strong></span> 
     </span>
     <span class='ocr_line' id='line_1_39' title="bbox 629 4450 3708 4532; baseline -0.006 -6"><span class='ocrx_word' id='word_1_420' title='bbox 629 4468 824 4532; x_wconf 79' lang='lat' dir='ltr'><strong>Mul-ti</strong></span> <span class='ocrx_word' id='word_1_421' title='bbox 858 4464 1038 4521; x_wconf 77' lang='lat' dir='ltr'><strong>enim</strong></span> <span class='ocrx_word' id='word_1_422' title='bbox 1075 4466 1228 4517; x_wconf 80' lang='lat' dir='ltr'><strong>sunt</strong></span> <span class='ocrx_word' id='word_1_423' title='bbox 1268 4458 1503 4527; x_wconf 73' lang='lat' dir='ltr'><strong>vocati,</strong></span> <span class='ocrx_word' id='word_1_424' title='bbox 1544 4471 1690 4512; x_wconf 90' lang='lat' dir='ltr'><strong>cum</strong></span> <span class='ocrx_word' id='word_1_425' title='bbox 1731 4453 2152 4512; x_wconf 87' lang='lat' dir='ltr'><strong>rationalitas</strong></span> <span class='ocrx_word' id='word_1_426' title='bbox 2187 4453 2479 4526; x_wconf 84' lang='lat' dir='ltr'><strong>quinque</strong></span> <span class='ocrx_word' id='word_1_427' title='bbox 2514 4467 2754 4510; x_wconf 88' lang='lat' dir='ltr'><strong>sensus</strong></span> <span class='ocrx_word' id='word_1_428' title='bbox 2789 4450 3077 4511; x_wconf 88' lang='lat' dir='ltr'><strong>hominis</strong></span> <span class='ocrx_word' id='word_1_429' title='bbox 3111 4452 3189 4511; x_wconf 88' lang='lat' dir='ltr'><strong>ad</strong></span> <span class='ocrx_word' id='word_1_430' title='bbox 3230 4452 3559 4526; x_wconf 87' lang='lat' dir='ltr'><strong>justitiam</strong></span> <span class='ocrx_word' id='word_1_431' title='bbox 3598 4452 3708 4509; x_wconf 90' lang='lat' dir='ltr'><strong>Dei</strong></span> 
     </span>
     <span class='ocr_line' id='line_1_40' title="bbox 623 4555 3705 4639; baseline -0.006 -8"><span class='ocrx_word' id='word_1_432' title='bbox 623 4566 970 4631; x_wconf 85' lang='lat' dir='ltr'><strong>conducit:</strong></span> <span class='ocrx_word' id='word_1_433' title='bbox 1017 4564 1216 4639; x_wconf 80' lang='lat' dir='ltr'><strong>pauci</strong></span> <span class='ocrx_word' id='word_1_434' title='bbox 1250 4577 1398 4616; x_wconf 74' lang='lat' dir='ltr'><strong>vero</strong></span> <span class='ocrx_word' id='word_1_435' title='bbox 1447 4559 1660 4628; x_wconf 84' lang='lat' dir='ltr'><strong>electi,</strong></span> <span class='ocrx_word' id='word_1_436' title='bbox 1697 4559 1857 4630; x_wconf 86' lang='lat' dir='ltr'><strong>quia</strong></span> <span class='ocrx_word' id='word_1_437' title='bbox 1906 4555 2041 4615; x_wconf 89' lang='lat' dir='ltr'><strong>rari</strong></span> <span class='ocrx_word' id='word_1_438' title='bbox 2078 4555 2506 4614; x_wconf 89' lang='lat' dir='ltr'><strong>inveniuntur</strong></span> <span class='ocrx_word' id='word_1_439' title='bbox 2555 4555 2832 4630; x_wconf 86' lang='lat' dir='ltr'><strong>quinon</strong></span> <span class='ocrx_word' id='word_1_440' title='bbox 2884 4561 3297 4613; x_wconf 86' lang='lat' dir='ltr'><strong>murmurent</strong></span> <span class='ocrx_word' id='word_1_441' title='bbox 3334 4560 3566 4613; x_wconf 89' lang='lat' dir='ltr'><strong>contra</strong></span> <span class='ocrx_word' id='word_1_442' title='bbox 3618 4556 3705 4613; x_wconf 89' lang='lat' dir='ltr'><strong>in-</strong></span> 
     </span>
     <span class='ocr_line' id='line_1_41' title="bbox 623 4661 3706 4737; baseline -0.006 0"><span class='ocrx_word' id='word_1_443' title='bbox 623 4674 1012 4737; x_wconf 81' lang='lat' dir='ltr'><strong>stitutiones</strong></span> <span class='ocrx_word' id='word_1_444' title='bbox 1061 4674 1127 4727; x_wconf 90' lang='lat' dir='ltr'><strong>et</strong></span> <span class='ocrx_word' id='word_1_445' title='bbox 1175 4665 1630 4724; x_wconf 89' lang='lat' dir='ltr'><strong>ordinationes</strong></span> <span class='ocrx_word' id='word_1_446' title='bbox 1679 4663 2200 4732; x_wconf 81' lang='lat' dir='ltr'><strong>ecclesiasticaS‚</strong></span> <span class='ocrx_word' id='word_1_447' title='bbox 2240 4661 2352 4720; x_wconf 83' lang='lat' dir='ltr'><strong>sed</strong></span> <span class='ocrx_word' id='word_1_448' title='bbox 2407 4664 2623 4719; x_wconf 79' lang='lat' dir='ltr'><strong>tamen</strong></span> <span class='ocrx_word' id='word_1_449' title='bbox 2660 4667 2725 4719; x_wconf 82' lang='lat' dir='ltr'><strong>ct</strong></span> <span class='ocrx_word' id='word_1_450' title='bbox 2778 4662 2841 4719; x_wconf 71' lang='lat' dir='ltr'><strong>lai</strong></span> <span class='ocrx_word' id='word_1_451' title='bbox 2876 4668 2942 4720; x_wconf 91' lang='lat' dir='ltr'><strong>et</strong></span> <span class='ocrx_word' id='word_1_452' title='bbox 2979 4663 3075 4721; x_wconf 90' lang='lat' dir='ltr'><strong>illi</strong></span> <span class='ocrx_word' id='word_1_453' title='bbox 3123 4662 3494 4735; x_wconf 84' lang='lat' dir='ltr'><strong>denarium,</strong></span> <span class='ocrx_word' id='word_1_454' title='bbox 3531 4661 3706 4721; x_wconf 86' lang='lat' dir='ltr'><strong>vide-</strong></span> 
     </span>
    </p>
   </div>
   <div class='ocr_carea' id='block_1_3' title="bbox 617 4767 2854 4853">
    <p class='ocr_par' dir='ltr' id='par_1_8' title="bbox 617 4767 2854 4853">
     <span class='ocr_line' id='line_1_42' title="bbox 617 4767 2854 4853; baseline -0.008 -10"><span class='ocrx_word' id='word_1_455' title='bbox 617 4784 781 4846; x_wconf 86' lang='lat' dir='ltr'><strong>licet</strong></span> <span class='ocrx_word' id='word_1_456' title='bbox 815 4793 1000 4853; x_wconf 82' lang='lat' dir='ltr'><strong>spem</strong></span> <span class='ocrx_word' id='word_1_457' title='bbox 1040 4770 1598 4832; x_wconf 83' lang='lat' dir='ltr'><strong>remunerationis</strong></span> <span class='ocrx_word' id='word_1_458' title='bbox 1632 4768 1940 4843; x_wconf 82' lang='lat' dir='ltr'><strong>quamvis</strong></span> <span class='ocrx_word' id='word_1_459' title='bbox 1977 4767 2244 4825; x_wconf 80' lang='lat' dir='ltr'><strong>diverso</strong></span> <span class='ocrx_word' id='word_1_460' title='bbox 2282 4767 2475 4826; x_wconf 82' lang='lat' dir='ltr'><strong>modo</strong></span> <span class='ocrx_word' id='word_1_461' title='bbox 2512 4767 2854 4840; x_wconf 90' lang='lat' dir='ltr'><strong>recipient.</strong></span> 
     </span>
    </p>
   </div>
  </div>
 </body>
</html>
