4036 6117
1326 518 1800 567 EPtsToLARUM
1849 521 2025 569 Nova
2075 524 2323 571 semes,
3212 511 3337 571 531

275 632 525 694 idcirco
574 632 776 695 etiam
813 634 1182 712 nequitiam
1230 636 1593 698 oblivionis
1626 639 1744 698 Dei
1795 640 2087 715 abjicite.
2123 642 2246 702 Sed
2281 649 2350 702 et
2382 643 2449 702 in
2482 642 2675 703 vobis
2711 658 2977 718 semper
3009 643 3100 704 sit
3133 648 3361 703 aestas

275 737 412 811 illa,
466 755 637 814 quae
674 739 834 800 facit
881 742 1046 801 oriri
1084 759 1274 802 rosas
1321 750 1389 803 et
1424 745 1564 804 lilia
1613 751 1815 821 atque
1851 748 1982 807 alia
2032 750 2369 823 pigmenta
2418 747 2708 823 Spiritus
2758 748 3002 821 Sancti,
3042 750 3134 810 ita
3182 750 3361 826 quod

275 842 340 900 in
391 842 579 902 vobis
615 860 742 903 non
791 851 1100 904 crescant
1149 848 1421 906 inutiles
1472 848 1742 923 herbae,
1781 866 1950 926 quae
2001 858 2159 911 sunt
2209 852 2500 929 squalidi
2551 868 2798 927 more3‚
2850 853 2966 929 qui
3016 851 3098 912 ad
3134 866 3366 928 super-

272 946 448 1005 biam
485 951 553 1008 et
599 948 677 1007 ad
717 952 1080 1009 vanitatem
1129 958 1363 1011 nutum
1410 953 1680 1015 faciunt.
1731 956 1916 1015 Nunc
1957 972 2118 1016 vero
2168 962 2385 1017 estote
2422 959 2489 1017 in
2537 957 2952 1034 amplexione
3004 958 3141 1033 illa,
3192 973 3365 1034 quae

267 1048 352 1107 de
400 1051 650 1110 virtute
683 1053 747 1111 in
800 1055 1116 1114 virtutem
1166 1056 1452 1132 proficit,
1506 1058 1598 1118 ita
1631 1061 1706 1118 ut
1753 1074 1959 1135 quum
1994 1059 2074 1121 ad
2120 1060 2392 1136 januam
2442 1062 2670 1136 sponsi
2710 1062 3171 1139 pulsaveritiS,
3211 1076 3362 1123 cum

267 1155 514 1228 gaudio
552 1157 879 1231 suscipiat
912 1174 1052 1218 voS.

360 1287 469 1347 fol.
509 1288 613 1349 46.
652 1289 878 1351 Abbati
911 1292 989 1351 de
1026 1299 1249 1353 sancto
1285 1291 1645 1357 Michahele
1682 1300 1752 1357 in
1787 1298 2209 1360 Babenberch
2243 1299 2686 1377 HildeyardiS.
2716 1299 2961 1360 Patrol.
2999 1299 3122 1360 col.
3162 1298 3312 1359 284.

1715 1504 1897 1565 LVII.

592 1706 962 1767 Christinae
991 1710 1349 1783 priorissae
1386 1710 1465 1769 de
1502 1717 1729 1771 sancta
1767 1710 1972 1771 Cruce
2007 1714 2079 1772 in
2124 1713 2553 1792 woffenheim
2588 1714 3035 1792 Hildeqardis

337 1909 404 1962 ln
430 1908 667 1978 gerenda
693 1910 1191 1968 administratione
1216 1913 1436 1970 animos
1461 1914 1643 1978 addit,

358 2063 390 2101 α
428 2044 703 2104 Multum
757 2047 935 2105 valet
969 2050 1037 2107 et
1087 2064 1398 2123 magnum
1432 2049 1677 2109 donum
1725 2050 1842 2110 Dei
1876 2056 2012 2126 est,
2068 2053 2147 2112 ad
2186 2052 2520 2113 hominem
2559 2054 2770 2129 illum,
2810 2053 2926 2129 qui
2960 2054 3117 2113 talis
3150 2060 3255 2114 est
3290 2054 3355 2113 in

257 2148 571 2219 scientia,
602 2150 777 2225 quod
814 2151 1071 2210 coelum
1100 2153 1433 2212 sustinere
1469 2157 1710 2228 potest.
1745 2171 1776 2211 »
1805 2149 1852 2233 ¹)
1884 2156 2005 2215 Hic
2031 2163 2138 2215 est
2171 2173 2433 2217 sensus:
2470 2157 2710 2217 Nullus
2744 2156 3088 2217 hominum
3124 2156 3353 2233 fugere

257 2251 482 2325 debet,
536 2253 647 2329 qui
685 2255 764 2312 ad
817 2253 942 2314 hoc
976 2257 1181 2327 valet,
1233 2265 1308 2317 ut
1344 2273 1462 2333 per
1510 2258 1768 2333 virgam
1801 2258 1918 2319 Dei
1952 2262 2538 2337 congregationem
2575 2270 2962 2324 sanctorum
2998 2265 3351 2326 sustineat.

255 2355 386 2423 Sed
421 2358 665 2419 donum
698 2360 812 2419 Dei
849 2360 972 2420 tibi
1009 2360 1134 2422 hoc
1169 2363 1479 2439 inspiret,
1518 2369 1590 2422 ut
1626 2365 1852 2424 lumen
1887 2366 2102 2441 ipsius
2140 2367 2500 2441 diligenter
2535 2368 2736 2444 feraS,
2775 2384 2985 2429 amen.

1691 2577 1903 2637 LVIII.

955 2784 1341 2861 Maneqoldo
1369 2780 1420 2863 ²)
1456 2782 1666 2844 abbati
1693 2784 1772 2844 de
1807 2784 2163 2863 Hirsauqia
2195 2787 2636 2866 Hildeyardis

334 2977 645 3037 Moestrum
673 2983 933 3038 abbatem
965 2983 1114 3039 inter
1142 2983 1482 3040 domesticos
1511 2985 1793 3041 tumultus
1819 2985 2163 3042 consolatur.

349 3119 402 3178 Ο
436 3124 626 3195 pater
660 3122 726 3179 in
760 3137 1064 3197 persona,
1103 3130 1169 3181 et
1208 3122 1416 3182 frater
1449 3122 1515 3181 in
1549 3137 1777 3182 amore
1810 3121 1962 3197 Dei,
1999 3124 2083 3182 de
2117 3125 2310 3184 oculo
2345 3126 2571 3185 cordis
2620 3127 2719 3186 tui
2768 3126 3135 3203 inquietam
3171 3143 3353 3188 men-

256 3226 395 3284 tem
431 3225 775 3301 absterge,
827 3230 1027 3302 atque
1060 3227 1141 3285 de
1192 3233 1255 3286 te
1293 3228 1435 3302 ipso
1485 3243 1561 3286 ac
1595 3227 1674 3285 de
1724 3242 1926 3302 grege
1964 3233 2079 3287 tuo
2130 3228 2478 3288 tristitiam
2514 3229 2810 3304 abscide,
2844 3231 3003 3305 quia
3035 3246 3210 3291 nunc
3243 3238 3350 3292 est

256 3336 527 3404 tempus
579 3329 904 3389 bellorum
941 3332 1004 3389 in
1057 3330 1355 3390 moribus
1391 3330 1768 3405 hominum,
1819 3331 1916 3396 ita
1950 3329 2128 3407 quod
2177 3347 2298 3391 nec
2334 3332 2396 3391 in
2447 3332 2827 3409 disciplina,
2864 3349 2985 3393 nec
3020 3335 3085 3393 in
3119 3334 3349 3395 distri-

252 3421 480 3492 ctione
515 3434 777 3494 timoris
810 3434 1018 3494 divini
1054 3440 1228 3495 sunt.
1266 3436 1360 3494 Tu
1398 3438 1618 3495 tamen
1651 3450 1731 3494 ne
1770 3434 2110 3508 formideS,
2140 3435 2296 3511 quia
2324 3454 2442 3496 vas
2476 3437 2646 3512 ignei
2683 3436 2971 3513 Spiritus
2998 3453 3091 3499 es,
3121 3439 3193 3498 In
3219 3437 3347 3499 hoc

252 3539 460 3598 etiam
496 3540 672 3615 quod
708 3541 1039 3599 interdurn
1077 3540 1573 3601 tribulationem
1608 3544 1674 3599 et
1708 3540 2089 3614 angustiam
2119 3538 2353 3611 habeS,
2383 3557 2462 3600 ne
2490 3543 2753 3617 timeaS,
2790 3543 3100 3619 quoniam
3137 3543 3347 3603 Filius

254 3640 373 3700 Dei
424 3642 654 3701 eadem
705 3659 947 3719 passus
995 3650 1116 3704 est.
1153 3643 1337 3702 Nunc
1388 3644 1451 3702 in
1486 3646 1829 3703 aeternum
1882 3644 2058 3718 vive,
2093 3651 2161 3704 et
2211 3644 2501 3720 Spiritus
2551 3645 2832 3707 Sanctus
2881 3664 3011 3708 non
3058 3634 3345 3708 derelin-

252 3752 421 3822 quet
458 3750 536 3808 te.

351 3882 458 3942 fol.
511 3882 734 3944 46-48.
770 3885 1055 3944 Henrico
1088 3887 1329 3957 comiti,
1364 3878 1414 3961 ⁸)
1445 3888 1675 3959 postea
1705 3886 2020 3943 monacho
2047 3885 2119 3942 in
2148 3884 2719 3959 Mulenbrunnun,
2751 3886 3191 3963 Hildeyardis.
3228 3887 3348 3946 Pa-

253 3988 409 4049 trol.
448 3988 570 4046 col.
607 3987 760 4049 358.

349 4094 459 4154 fol.
497 4095 603 4155 49.
640 4096 894 4156 Hillino
933 4098 1318 4156 Treverensi
1348 4091 1396 4172 ⁴)
1432 4096 1919 4170 archiepiscopo
1952 4093 2398 4170 Hildeyardis
2436 4095 2681 4156 Patrol.
2719 4098 2844 4157 col.
2884 4095 3034 4157 167.

355 4201 462 4259 fol.
492 4200 597 4260 50.
628 4201 817 4261 Item.
843 4194 891 4279 ⁸)
919 4202 1004 4259 ad
1030 4202 1590 4276 conyreqationem
1621 4213 1914 4256 sororum
1942 4215 2216 4256 suarum
2243 4198 2685 4276 Hildeqardis
2713 4200 2956 4261 Patrol.
2982 4201 3106 4260 col.
3138 4199 3332 4261 1065.

334 4403 377 4466 ¹)
413 4403 504 4458 Me
542 4400 769 4472 quidem
811 4402 959 4470 fugit
994 4403 1270 4458 undenam
1303 4401 1350 4457 is
1377 4402 1533 4458 locus
1560 4399 1657 4456 sit.
1687 4430 1753 4440 —
1845 4415 1971 4460 rum
2025 4400 2435 4458 consuetudine
2493 4408 2808 4460 venustam.
2862 4433 2932 4443 —-
2977 4402 3022 4468 ⁴)
3068 4402 3339 4466 Tandem,

252 4491 306 4554 2)
344 4488 679 4543 summatim
725 4489 771 4544 si
811 4488 941 4559 quis
982 4489 1118 4544 velit
1157 4503 1381 4545 causam
1415 4486 1756 4555 Hirsaugiae
1844 4486 1939 4543 sed
1965 4486 2169 4550 serius,
2209 4487 2396 4543 detexi
2430 4486 2488 4542 in
2518 4490 2622 4545 bac
2658 4490 2895 4562 epistola
2923 4488 3191 4547 laciniam
3223 4492 3345 4548 bre·

259 4576 559 4638 ventilare‚
635 4573 887 4632 conterat
960 4592 1085 4646 epp.
1163 4563 1405 4634 XXXV.
1479 4572 1751 4637 xxx1x,
1845 4572 2195 4636 viusculam,
2245 4591 2411 4645 quam
2466 4577 2632 4646 paulo
2676 4576 2936 4647 superius
2977 4593 3028 4647 p.
3072 4579 3197 4641 ⁴86,
3251 4577 3338 4634 uti

260 4659 435 4726 XLV,
463 4664 693 4725 XLVII.
719 4663 921 4726 LVIII,
946 4664 1064 4727 Lx,
1088 4664 1406 4726 LXXXIII,
1432 4663 1749 4727 LXXXIX,
1840 4674 2042 4715 novam
2065 4677 2133 4715 ex
2159 4659 2480 4716 Gebenonis
2502 4659 2780 4728 farragine
2805 4662 3046 4719 extraxi.
3076 4693 3144 4702 —
3165 4668 3210 4727 ὃ)
3233 4663 3339 4720 Ac-

258 4748 520 4811 xcvul.
578 4747 722 4807 ClV.
773 4747 1001 4803 cxxu.
1048 4778 1114 4789 —
1156 4747 1200 4812 ⁸)
1255 4747 1545 4803 Hactenus
1597 4748 1753 4816 igno·
1839 4746 2093 4802 cedimus
2131 4747 2198 4801 ad
2233 4748 2524 4817 prologum
2554 4745 3024 4817 praestantissimi
3059 4763 3340 4805 commen-

256 4837 510 4892 ravimus
550 4837 883 4892 monachum
925 4837 1252 4900 obscurum,
1303 4837 1417 4892 sola
1461 4837 1650 4905 littera
1693 4836 1750 4892 H
1840 4833 1968 4888 tarii
2011 4834 2428 4914 insymbolum
2465 4833 2936 4897 Athanasianum,
2970 4826 3142 4906 'quem
3170 4853 3338 4910 supra

258 4922 627 4992 conspicuum
689 4922 746 4977 in
797 4923 882 4978 ed.
941 4940 1026 4992 ep.
1084 4920 1343 4986 CXXXI,
1406 4939 1526 4979 esse
1588 4924 1748 4980 nobi·
1834 4937 1888 4991 p.
1920 4924 2025 4974 ⁴9⁴
2049 4937 2118 4976 ex
2147 4923 2324 4976 altero
2349 4921 2469 4977 cod.
2498 4920 2764 4976 Caesareo
2789 4920 3108 4990 attigimus.
3140 4921 3197 4977 in
3223 4938 3336 4994 quo

260 5007 374 5062 lem
424 5006 687 5062 comitem
741 5006 1076 5068 Henricum‚
1128 5006 1219 5062 cui
1282 5007 1579 5078 prolixam,
1643 5012 1750 5066 ele·
1837 5005 1988 5062 istud
2014 5005 2362 5076 prooemium
2385 5005 3075 5062 deerattotum.Hicvero
3097 5009 3340 5066 recurrit

257 5098 597 5163 gentemque
627 5092 863 5148 ascribit
889 5092 1207 5163 parabolam
1234 5091 1303 5147 de
1330 5092 1551 5149 duobus
1576 5095 1752 5153 servis
1842 5092 2048 5154 solum.
2074 5091 2284 5162 absque
2308 5090 2516 5160 insigni
2552 5091 2843 5154 varietate,
2873 5098 3092 5162 praeter
3114 5108 3339 5163 gravem

260 5185 363 5235 aut
382 5181 759 5238 servientibus
781 5183 1075 5253 (ser-genu).
1098 5178 1344 5251 equestri
1371 5186 1617 5235 veterum
1647 5194 1759 5236 mo-
1847 5179 2102 5234 lacunam
2133 5192 2160 5230 a
2193 5175 2395 5232 verbis:
2428 5176 2501 5232 Et
2527 5178 2812 5232 secundum
2837 5179 3045 5248 quod...
3076 5195 3251 5252 usque
3272 5184 3339 5238 ad
