4036 6117
754 487 824 534 IV
1954 486 2456 536 PROOEMIUM

647 624 1143 720 perfunctorie,
1198 623 1522 696 evolvere
1558 623 1776 719 potui.
1815 623 2194 721 Suppetias
2245 624 2620 719 diligenter
2673 620 3065 693 attulerunt
3098 620 3219 692 alii
3271 612 3750 694 Solesmenses.

648 756 887 827 Etiam
924 780 1127 849 opem
1164 755 1460 826 amicam
1502 755 1919 826 recentiores
1953 754 2440 826 Bollandistae
2474 753 2662 825 ultro
2696 752 3060 824 dederunt.
3108 750 3258 823 Nec
3295 758 3531 823 tamen
3566 756 3752 821 certa

647 881 822 953 mihi
862 882 1116 954 fiducia
1150 891 1253 953 est
1287 881 1707 953 exhaustam
1744 905 1890 953 esse
1925 882 2015 952 ad
2053 905 2220 953 usus
2257 905 2443 952 meos
2471 879 2942 953 aurifodinam
2981 879 3580 952 Gemblacensem.

754 1009 1073 1081 Alteram
1129 1009 1377 1080 seriem
1414 1009 1539 1080 vix
1590 1008 2117 1105 locupletiorem
2171 1007 2455 1103 collegit
2488 1032 2551 1079 a.
2614 1010 2801 1080 1220
2836 1006 3148 1095 Gebeno‚
3205 1005 3394 1102 prior
3446 1005 3750 1076 Eberha-

650 1142 896 1230 censis,
952 1165 1174 1235 eaque
1226 1140 1296 1210 in
1353 1139 1599 1235 primis
1631 1138 1881 1232 selegit
1913 1161 2096 1233 quae
2130 1137 2218 1208 ad
2270 1136 2511 1210 futura
2564 1145 2880 1232 tempora
2931 1144 3249 1232 spectare
3296 1133 3747 1215 existimavit,

642 1268 1109 1363 addendaque
1162 1267 1438 1339 curavit
1490 1267 1768 1339 cuidam
1822 1266 2158 1339 historico
2209 1265 2515 1361 specuIO,
2566 1265 2715 1336 sive
2751 1266 3211 1337 Pentachrono
3243 1263 3414 1358 (vid.
3462 1262 3656 1347 infra⁴
3684 1286 3747 1357 p.

648 1399 1027 1493 483-488>;
1084 1419 1266 1490 quae
1319 1394 1578 1490 passim
1619 1394 1690 1465 in
1727 1393 1968 1465 multis
2020 1393 2351 1487 Europae
2386 1391 2850 1479 bibliothecis,
2905 1397 3113 1462 extra
3160 1389 3468 1483 Italiam,
3524 1388 3750 1486 potius

652 1526 1113 1622 negliguntur
1145 1549 1358 1620 quam
1397 1532 1874 1596 asservantur.

749 1658 1084 1730 Caeteras
1118 1680 1283 1728 vero
1319 1656 1577 1728 classes
1610 1654 1816 1750 longe
1851 1663 2140 1751 superat
2191 1654 2403 1725 series
2438 1652 2798 1725 recondita
2854 1653 2924 1723 in
2961 1652 3197 1723 codice
3247 1649 3746 1721 Vindobonen-

660 1789 719 1858 si
756 1791 919 1881 629,
961 1789 1033 1859 in
1068 1811 1208 1882 quo
1241 1786 1432 1858 haud
1469 1785 1835 1882 pauciores
1882 1808 2092 1877 quam
2129 1784 2583 1879 septuaginta
2634 1806 2777 1854 una
2810 1806 3023 1878 supra
3060 1789 3340 1854 centum
3392 1780 3746 1853 continen-

650 1926 768 1985 tur
820 1913 1180 2010 epistolae,
1236 1935 1537 2011 quarum
1589 1920 1868 1984 centum
1924 1919 1993 1983 et
2049 1911 2302 2006 viginti
2357 1934 2543 1982 nunc
2610 1911 2907 2005 primam
2964 1910 3034 1980 in
3090 1909 3318 1981 lue-em
3369 1907 3747 1980 succedunt

654 2038 879 2130 <infra
900 2063 979 2129 p.
1014 2042 1392 2136 519-574).
1433 2040 1657 2112 Immo
1697 2040 1904 2136 plura
1940 2040 2305 2113 Caesareis
2341 2065 2430 2111 ex
2467 2028 2725 2136 pluteis
2761 2039 3182 2125 ambiebam,
3230 2038 3522 2133 jamque
3568 2061 3744 2109 unus

648 2166 871 2237 codex
922 2140 1217 2237 minoris*
1260 2168 1615 2261 momenti,
1656 2176 1898 2264 utpote
1931 2167 2354 2261 GebenoniS,
2397 2167 2486 2239 ad
2520 2191 2630 2238 me
2668 2173 3107 2263 pervenerat.
3143 2165 3278 2238 Sed
3317 2190 3495 2254 ecce,
3532 2189 3741 2260 quum

602 2290 1019 2387 ‘inopinum
1072 2299 1141 2363 et
1191 2292 1410 2365 ferale
1463 2294 1863 2366 incendium
1918 2295 2310 2367 sustulisset
2364 2296 2435 2367 in
2505 2295 2938 2390 conflagrato
3005 2293 3446 2365 Mommsenii
3512 2318 3743 2366 museo

645 2417 1000 2511 quoddam
1058 2424 1349 2500 κειμήλιον
1402 2419 1847 2513 Caesareum,
1905 2422 2192 2494 horrore
2219 2422 2410 2518 justo
2456 2422 2781 2519 perculsi,
2828 2420 3197 2493 Praesides
3248 2427 3561 2492 caeteros
3610 2421 3748 2517 epi-

652 2544 994 2617 stolarum
1024 2545 1297 2618 codices
1330 2546 1423 2618 ad
1457 2572 1567 2619 me
1603 2550 1989 2621 transmitti
2025 2551 2458 2647 refugerunt.
2499 2555 2931 2625 Annuerunt
2959 2560 3195 2624 tamen
3225 2550 3746 2643 humanissime,

645 2684 723 2745 ut
775 2675 1124 2769 quaedam
1176 2677 1728 2750 amanuensibus
1782 2704 1822 2750 a
1875 2704 1983 2750 me
2037 2682 2403 2753 conductis
2439 2682 3071 2775 committerentur,
3110 2705 3408 2776 quorum
3455 2680 3747 2776 diligen-

646 2806 748 2877 tia
783 2805 977 2877 haud
1008 2807 1107 2877 ita
1142 2816 1502 2903 comperta
1534 2816 1791 2901 manet,
1823 2810 1996 2904 quin
2025 2798 2275 2882 verear
2310 2836 2398 2884 ne
2427 2821 2707 2908 praeter
2737 2814 3044 2908 plurima
3079 2813 3351 2900 menda,
3405 2813 3616 2884 etiam
3652 2811 3752 2883 la-

650 2957 877 3005 cunae
913 2933 982 3004 in
1024 2936 1437 3031 apographa
1475 2937 1903 3034 irrepserint.
1942 2939 2147 3011 Adde
2182 2941 2389 3034 quod,
2431 2942 2711 3036 prolixa
2744 2967 2958 3038 quum
2993 2943 3134 3014 sint
3169 2942 3343 3014 haec
3380 2966 3566 3015 nova
3590 2965 3746 3037 syn-

654 3073 995 3160 tagmata,
1033 3068 1155 3164 qui
1192 3093 1275 3140 ea
1309 3068 1472 3142 olim
1511 3069 1909 3164 colligenda
1943 3084 2394 3164 curaverunt,
2451 3074 2770 3169 singulas
2805 3076 3184 3147 rescribere
3220 3073 3551 3171 epistolas
3584 3075 3748 3148 omi-

650 3205 913 3292 serunt,
970 3199 1224 3294 quibus
1276 3199 1649 3295 respondet
1701 3199 2181 3295 Hildegardis:
2220 3203 2408 3275 unde
2444 3203 2593 3300 ejus
2627 3205 2916 3297 monita,
2956 3204 3487 3301 quaestionibus
3539 3205 3746 3276 inter-

650 3327 1053 3421 rogantium
1089 3328 1447 3416 destituta,
1487 3352 1627 3400 non
1665 3329 1909 3424 paucis
1946 3332 2253 3401 tenebris
2289 3332 2721 3405 obsidentur.

748 3453 932 3540 Quid
971 3454 1214 3550 plura?
1247 3455 1394 3527 Sub
1433 3456 1659 3551 ipsum
1697 3456 1909 3552 hujus
1943 3457 2207 3529 saeculi
2243 3458 2545 3551 initium,
2584 3460 2933 3532 Caesarea
2968 3461 3152 3532 inter
3183 3466 3471 3549 κειμήλικ,
3513 3483 3745 3557 super-

651 3580 850 3651 biens
901 3579 1187 3652 emicuit
1238 3581 1553 3652 omnium
1603 3581 2062 3677 Hildegardis
2114 3584 2429 3656 codicum
2486 3561 2709 3679 major
2761 3595 2827 3657 et
2864 3587 3356 3681 praestantior:
3410 3588 3750 3659 membra-

640 3730 851 3777 neum
906 3706 1154 3801 ingens
1205 3715 1758 3802 monumentum,
1816 3733 1991 3783 aevo
2045 3711 2194 3807 ejus
2248 3710 2573 3805 aequale,
2607 3759 2611 3766 ι
2641 3712 2712 3783 in
2766 3736 2905 3807 quo
2972 3721 3253 3809 praeter
3322 3712 3748 3810 tripartitum

655 3858 827 3929 opus
856 3835 1169 3926 (savias,
1220 3835 1414 3907 Vitae
1445 3840 1704 3925 merita,
1742 3839 2003 3910 Divina
2035 3845 2294 3932 opera),
2335 3847 2614 3935 praeter
2650 3841 3177 3936 evangeliorum
3213 3843 3528 3939 integras
3562 3864 3750 3934 emm·

644 3964 926 4049 sitione&
969 3969 1248 4057 praeter
1283 3964 1583 4052 linquam
1619 3966 1929 4054 ignotam,
1982 3969 2312 4040 coelestem
2345 3969 2788 4056 hermeniam,
2846 3970 3070 4065 ipsam
3106 3941 3331 4061 vitdm,
3387 3994 3478 4042 ex
3513 3970 3747 4055 ordine

642 4093 1108 4165 succedebant
1161 4092 1498 4189 epistolae
1552 4095 1715 4182 283,
1754 4118 2054 4189 quarum
2091 4097 2180 4167 79
2220 4104 2497 4168 tantum
2536 4097 2767 4170 editae
2802 4098 3156 4172 dicuntur.
3194 4099 3478 4196 Stupori
3518 4121 3739 4196 parce,

650 4229 887 4299 lector.
927 4225 1028 4298 Ut
1062 4226 1461 4298 audivimus
1494 4227 1584 4298 ab
1618 4226 2076 4321 Hildegarde,
2116 4252 2178 4299 a.
2225 4231 2402 4300 1141
2447 4229 2599 4325 ipsa
2628 4231 2931 4326 primum
2967 4233 3369 4342 absolverat
3425 4231 3742 4303 volumen

653 4388 678 4417 «
722 4354 1282 4450 Responsionum
1321 4384 1375 4441 n,
1432 4354 1619 4448 quod
1658 4355 1820 4426 licet
1857 4356 2102 4451 ingens
2135 4356 2396 4428 dixerit
2449 4357 2904 4447 Trithemius‚
2937 4384 3078 4432 non
3114 4361 3305 4432 ultra
3340 4369 3621 4431 centum
3670 4362 3734 4428 et

647 4481 945 4574 triginta
974 4479 1285 4575 quinque
1305 4479 1638 4575 epistolas
1664 4482 2131 4576 spatiabatur.
2153 4482 2384 4570 Quum
2417 4509 2579 4557 vero
2608 4486 2840 4557 adhuc
2855 4486 3001 4558 fere
3027 4486 3506 4582 quadraginta
3534 4505 3746 4558 annos

647 4611 1124 4707 supervixerit
1157 4634 1335 4682 cana
1391 4611 1851 4707 prophetissa,
1909 4635 2135 4707 neque
2169 4612 2515 4684 destiterit
2548 4615 2836 4686 oracula
2872 4622 2941 4687 et
2977 4616 3318 4687 vaticinia
3370 4613 3747 4688 innumeris

642 4743 923 4814 tradere
974 4742 1063 4813 ad
1115 4742 1460 4838 tripodem
1498 4744 2096 4830 concurrentibuS,
2152 4744 2329 4815 nihil
2383 4744 2636 4816 mirum
2674 4746 3011 4842 sibyllina
3062 4746 3234 4819 folia
3286 4747 3432 4819 fere
3467 4746 3557 4817 ad
3608 4754 3740 4818 ter-

643 4897 817 4943 cena
862 4871 1345 4968 pullulavisse.
1382 4872 1515 4944 Sed
1554 4873 1673 4944 ubi
1727 4872 1948 4944 codex
1988 4873 2106 4944 ille
2143 4898 2314 4946 auro
2351 4873 2665 4946 charior?
2703 4877 2771 4947 A
2806 4876 3257 4972 septuaginta
3310 4875 3588 4947 circiter
3624 4897 3738 4947 an-

642 5007 771 5094 nis,
810 5029 946 5099 quo
983 5005 1129 5076 fato
1168 5006 1493 5094 nescitur,
1552 5004 1620 5075 in
1679 5012 1933 5075 natura
1970 5028 2203 5074 rerum
2256 5028 2394 5076 non
2433 5013 2811 5101 comparet.
2859 5005 3251 5078 Evanuisse
3303 5013 3539 5077 tamen
3584 5025 3728 5076 eum

650 5161 857 5231 aegre
887 5161 1039 5209 cum
1075 5161 1477 5232 persuasum
1518 5136 1835 5224 habeam,
1869 5159 2223 5228 quumque
2252 5134 2647 5229 hujusmodi
2685 5136 2928 5207 exules
2956 5136 3025 5207 in
3057 5134 3390 5207 extremis
3427 5135 3740 5228 Europae
