4036 6117
1593 485 2060 534 Emsromxe.
3169 469 3298 531 41¹7

354 598 483 665 Sed
515 611 582 666 et
619 602 822 665 facies
859 605 1199 664 interioris
1236 603 1524 662 hominis
1561 606 1684 670 tui,
1725 622 1800 663 ex
1841 606 1963 665 tide
2000 611 2066 663 et
2111 604 2251 680 J‘ugi
2305 605 2734 663 meditatione
2786 610 3362 662 sacramentorum

268 711 375 768 vel
428 710 900 785 mysteriorum
949 708 1064 767 Dei
1113 708 1459 776 adornata,
1511 715 1576 766 et
1626 726 1744 783 per
1791 727 2021 769 eorum
2063 709 2474 784 frequentem
2511 707 3023 780 confessionem,
3069 707 3365 783 aliquam

264 813 833 886 pulchritudinem
867 812 1129 887 adepta,
1167 828 1396 871 coram
1429 827 1507 871 eo
1543 813 1784 872 deeora
1841 814 2031 873 modo
2069 829 2422 888 apparenS,
2465 813 2811 871 venustior
2845 811 2927 870 de
2973 817 3264 882 caetero,
3303 809 3362 869 si

271 917 340 974 in
375 916 478 976 his
513 918 1081 992 perseveraveris,
1120 916 1594 991 resplendebit.

1765 1137 1865 1201 IV.

360 1351 548 1410 Nunc
584 1356 831 1425 autem,
870 1366 907 1409 o
942 1349 1035 1408 fili
1069 1348 1210 1425 Dei,
1250 1350 1539 1409 solerter
1574 1349 1864 1422 attende,
1904 1352 1976 1410 ut
2012 1351 2076 1408 in
2109 1350 2397 1410 vocibus
2433 1349 2896 1426 symphoniae,
2950 1346 3015 1408 id
3063 1350 3169 1407 est
3200 1348 3362 1421 vita,

271 1453 495 1527 corde,
534 1469 694 1513 voce
743 1460 810 1512 et
859 1467 974 1513 ore
1024 1454 1152 1513 sibi
1201 1469 1557 1526 consonae,
1599 1454 1665 1513 in
1699 1454 2013 1513 laudibus
2063 1453 2328 1513 divinae
2363 1455 2741 1529 majestatis
2773 1453 3026 1528 jugiter
3074 1468 3363 1512 sonorus

271 1559 624 1632 persistas,
661 1564 726 1616 et
758 1561 832 1616 ut
861 1559 1090 1616 nociva
1129 1561 1352 1617 carnis
1387 1560 1424 1617 d
1455 1560 1720 1618 sideria
1760 1576 1875 1634 per
1924 1544 2397 1618 abstinentiam
2453 1560 2938 1630 m‹r›rtific.*ind0‚
2991 1562 3058 1619 et
3090 1559 3364 1619 devota-

274 1682 423 1724 rum
459 1664 591 1723 Deo
626 1667 1006 1724 orationum
1041 1666 1372 1724 sacrificia
1407 1673 1781 1741 opportuna
1831 1665 2198 1736 offerendO,
2254 1667 2317 1725 in
2369 1673 2592 1725 monte
2630 1666 2938 1741 myrrhae
2981 1672 3047 1725 et
3083 1666 3148 1724 in
3183 1666 3370 1724 colli-

276 1771 402 1830 bus
437 1769 657 1829 thuris
694 1769 1070 1829 indefessus
1103 1786 1522 1847 permaneas;
1566 1770 1627 1827 in
1661 1785 1830 1845 quos
1867 1769 2230 1828 ascendere
2264 1770 2571 1845 coepisti,
2609 1786 2647 1828 a
2682 1777 2983 1845 tempore
3017 1787 3171 1845 quo,
3221 1771 3371 1828 inti-

277 1891 385 1934 mo
419 1874 533 1933 Dei
571 1874 892 1934 instinctu
926 1877 1170 1948 motuS,
1222 1874 1655 1933 detestabiles
1703 1880 1770 1932 et
1818 1874 1995 1933 omni
2050 1874 2376 1948 spurcitia
2413 1874 2795 1949 squalentes
2832 1875 3121 1933 filiorum
3167 1875 3368 1949 hujus

278 1980 530 2039 saeculi
569 1995 813 2054 moreS,
851 1980 959 2053 pio
994 1979 1237 2037 mentis
1275 1977 1480 2046 fastu,
1518 1978 1921 2050 despiciens,
1964 1977 2592 2037 immarcescibilem
2643 1979 2893 2037 amoris
2936 1978 3082 2053 ejus
3131 1984 3198 2037 et
3255 1979 3374 2036 im-

281 2086 586 2145 mortalis
622 2086 821 2158 vitae,
860 2101 1030 2160 quae
1070 2086 1132 2142 in
1170 2084 1314 2159 ipso
1364 2087 1648 2152 constat,
1702 2083 2291 2158 pulchritudinem,
2347 2084 2458 2142 sed
2494 2090 2562 2143 et
2609 2084 2866 2142 lucidas
2902 2083 3371 2142 mandatorum

275 2188 426 2264 ejus
461 2189 738 2247 semitas
774 2188 1111 2263 appetisti,
1150 2188 1525 2246 rectissime
1561 2203 1840 2261 sperans
1875 2203 1993 2261 per
2029 2187 2180 2246 illas
2215 2194 2279 2245 te
2313 2187 2713 2263 quandoque
2761 2191 3242 2263 perventurum
3292 2187 3373 2246 ad

280 2291 569 2365 patrIam
603 2290 933 2350 claritatis
968 2295 1297 2350 aeternae:
1352 2290 1418 2348 in
1465 2307 1597 2365 qua
1631 2293 1698 2350 et
1729 2290 1967 2350 decore
2016 2291 2245 2349 vultus
2279 2297 2345 2349 et
2381 2290 2730 2349 dulcedine
2764 2291 2870 2349 vel
2914 2292 3248 2351 suavitate
3281 2291 3376 2350 di-

283 2395 591 2453 lectionis
626 2394 770 2469 ejus
808 2392 1055 2454 fruaris
1094 2395 1156 2453 in
1194 2394 1695 2469 sempiternum.

367 2499 499 2558 Nec
534 2514 694 2557 sane
733 2497 1175 2558 frustraberis
1212 2516 1249 2557 a
1285 2514 1403 2573 spe
1454 2500 1588 2570 tua,
1629 2498 1686 2555 si
1725 2499 1946 2556 tamen
1981 2496 2252 2556 easdem
2289 2499 2567 2556 semitas
2605 2513 2818 2572 usque
2862 2496 2942 2555 ad
2992 2495 3188 2555 finem
3238 2511 3378 2554 cer-

282 2607 419 2663 tum
455 2603 1054 2680 perambulaveris
1093 2603 1253 2662 Nam
1292 2619 1369 2661 ex
1406 2602 1530 2661 fine
1564 2601 1858 2675 illorum,
1890 2601 2132 2675 januas
2170 2602 2347 2660 vitae
2377 2601 2796 2675 ingredieriS,
2850 2601 3164 2675 quoniam
3214 2601 3380 2658 scri-

280 2714 468 2785 ptum
519 2711 651 2768 est:
709 2709 834 2780 Qui
887 2709 1410 2784 perseveraverit
1472 2726 1675 2782 usque
1737 2708 1804 2763 in
1855 2706 2093 2783 finem,
2157 2707 2375 2763 salvus
2425 2708 2573 2763 erit.
2629 2699 2674 2780 ¹)
2727 2704 2891 2775 Quia
2949 2704 3154 2778 igitur
3200 2703 3378 2762 Deus

282 2812 626 2872 mandavit
661 2811 974 2870 mandata
1031 2827 1152 2869 sua
1210 2809 1533 2868 custodiri
1594 2809 1816 2883 nimiS,
1874 2814 1942 2868 et
1988 2809 2481 2883 beneplacitum
2537 2812 2642 2866 est
2696 2807 2758 2865 ei
2810 2822 3013 2882 super
3062 2807 3376 2865 timentes

282 2933 462 2991 eum,
521 2919 679 2974 time
738 2917 972 2988 Deum,
1031 2921 1094 2973 et
1151 2914 1469 2972 mandata
1516 2911 1657 2986 ejus
1706 2912 1989 2987 observa,
2045 2910 2097 2990 Ψ)
2148 2916 2462 2989 quoniam
2511 2919 2605 2971 est
2648 2916 2721 2971 in
2756 2913 3205 2972 custodiendis
3240 2913 3380 2970 illis

283 3018 630 3080 retributio
664 3017 899 3092 multa,
933 3010 982 3095 ³)
1034 3028 1120 3076 et:
1179 3017 1463 3076 Timenti
1514 3017 1720 3076 Deum
1757 3016 1915 3075 benc
1958 3018 2085 3075 erit
2137 3018 2209 3076 in
2257 3019 2597 3076 eaetremz'S.
2649 3016 2727 3075 Et
2777 3015 2903 3074 hoc
2938 3016 3133 3077 modo
3177 3022 3243 3075 et
3280 3021 3373 3089 tu,

287 3127 352 3185 in
391 3124 844 3185 tabernaculis
871 3124 1232 3200 justorum,
1286 3122 1398 3180 ubi
1434 3138 1560 3181 vox
1591 3121 2021 3181 exultationis
2070 3129 2134 3181 et
2185 3122 2446 3192 salutis,
2500 3121 2839 3195 particeps
2889 3120 3027 3178 eris
3074 3120 3369 3178 omnium

292 3230 669 3289 timentium
702 3243 877 3301 eum,
914 3232 981 3286 et
1015 3225 1535 3285 custodientium
1571 3224 1880 3284 mandata
1914 3225 2082 3300 ejuS.
2112 3226 2247 3284 Ista
2283 3224 2662 3305 meditapdo
2697 3231 2763 3283 et
2798 3223 3190 3296 exercendo,
3220 3224 3383 3283 libe-

293 3334 474 3394 rabis
508 3334 793 3391 animam
832 3334 1038 3401 tuam,
1092 3346 1170 3389 ne
1219 3334 1455 3406 pergat
1493 3330 1553 3387 in
1605 3330 1971 3403 interitum,
2026 3330 2139 3388 sed
2172 3330 2409 3389 vivens
2446 3329 2660 3387 lucem
2696 3328 2940 3387 videat.
2978 3328 3042 3387 Si
3077 3329 3376 3389 audieris

295 3453 420 3512 me,
455 3443 523 3495 et
555 3436 1026 3496 observaveris
1062 3434 1244 3508 haee,
1285 3433 1674 3509 complebiS,
1730 3434 1903 3492 sicut
1939 3433 2003 3492 in
2032 3432 2154 3493 Job
2206 3434 2534 3509 scriptum
2579 3434 2704 3507 est,
2757 3433 2895 3491 dies
2932 3438 3076 3491 tuos
3111 3435 3184 3492 in
3218 3433 3378 3491 bono

294 3548 360 3601 et
396 3559 602 3601 annos
639 3548 783 3599 tuos
817 3542 889 3599 in
916 3540 1150 3616 yloria.
1184 3534 1231 3616 ⁸)

1801 3795 1870 3858 V.

388 4006 519 4066 Nec
553 4021 712 4065 vero
746 4006 854 4064 vel
889 4010 953 4064 te
985 4006 1284 4080 extollat,
1324 4007 1427 4065 vel
1463 4006 1777 4081 aliquem,
1830 4009 1887 4067 si
1938 4008 2093 4084 quis
2126 4012 2349 4068 tamen
2385 4006 2549 4067 haec
2581 4015 2851 4085 praeter
2884 4015 2949 4069 te
2984 4010 3246 4085 legerit,
3285 4010 3384 4070 of-

303 4110 547 4185 fendat,
601 4110 776 4187 quod
825 4112 1021 4186 quasi
1070 4111 1222 4185 plus
1266 4110 1449 4186 justo
1499 4111 1622 4170 tibi
1675 4111 1959 4187 faveam,
2000 4113 2065 4171 in
2100 4128 2178 4171 eo
2214 4113 2389 4188 quod
2422 4113 2504 4173 de
2556 4113 2749 4188 facie,
2787 4129 2908 4193 seu
2939 4114 3020 4173 de
3053 4130 3219 4175 voce
3269 4118 3382 4176 tua

299 4222 612 4297 superius
647 4221 861 4297 posui:
898 4220 1213 4296 quoniam
1249 4221 1426 4280 istud
1462 4237 1591 4279 non
1626 4221 1842 4279 solum
1880 4222 2002 4281 toti
2038 4221 2402 4293 Ecclesiae,
2443 4223 2508 4280 in
2543 4237 2676 4298 qua
2723 4223 3050 4298 plurimos
3083 4239 3236 4283 esse
3276 4241 3388 4286 ne-

301 4338 491 4385 cesse
525 4332 651 4398 est,
688 4325 933 4399 quibus
966 4323 1091 4383 hoc
1126 4324 1299 4383 idem
1345 4324 1581 4383 merito
1617 4327 1974 4400 competat,
2015 4325 2133 4385 sed
2167 4329 2234 4386 et
2268 4326 2631 4403 unicuique
2667 4324 2867 4401 fideli,
2908 4329 3270 4391 intentione
3319 4336 3386 4392 et

297 4444 500 4503 opere
537 4429 603 4487 in
635 4427 881 4487 bonum
931 4427 1062 4487 sibi
1111 4442 1426 4503 consono,
1465 4443 1583 4501 per
1616 4429 1920 4487 occultos
1955 4430 2213 4504 gratiae
2260 4430 2600 4506 profectus
2649 4430 2813 4489 dicit
2861 4430 3056 4491 Deus:
3098 4432 3383 4495 Ostende

297 4535 461 4593 mihi
492 4534 733 4610 faciem
767 4538 978 4601 tuam,
1015 4538 1194 4591 sonet
1243 4549 1367 4592 vom
1402 4538 1520 4592 tua
1565 4535 1636 4591 in
1684 4531 1955 4593 auribus
2001 4536 2192 4607 mei8‚
2228 4541 2296 4594 et
2328 4540 2615 4594 caetera.
2653 4533 2792 4594 Vox
2824 4536 3000 4595 enim
3054 4536 3206 4611 ista,
3253 4556 3383 4600 vox

301 4638 530 4712 sponsi
565 4642 691 4708 est,
730 4652 859 4694 non
892 4635 1268 4711 pellicentis
1307 4638 1596 4696 animam
1636 4637 2040 4710 instabilem,
2096 4636 2210 4695 sed
2250 4639 2684 4712 provocantis
2734 4644 2803 4697 et
2837 4639 3169 4700 hortantis
3206 4659 3387 4702 men-

301 4750 438 4802 tem
471 4744 768 4800 vestram
817 4740 898 4799 ad
950 4741 1211 4816 melius;
1266 4744 1336 4801 ut
1367 4742 1522 4800 dum
1575 4756 1692 4816 per
1745 4740 2071 4800 internam
2122 4742 2628 4817 inspirationem
2678 4744 2744 4801 in
2795 4744 3020 4819 aliquo
3067 4751 3131 4804 te
3175 4749 3386 4806 sentis

305 4844 698 4922 profecisse,
734 4849 802 4902 et
834 4842 947 4902 Dei
984 4846 1198 4905 oculis
1231 4847 1337 4904 vel
1372 4845 1662 4905 tenuiter
1694 4845 2135 4920 complacere,
2166 4846 2458 4907 sollicita
2490 4846 2916 4922 discretione,
2952 4853 3018 4907 et
3054 4848 3117 4907 id
3156 4850 3220 4909 in
3254 4868 3384 4926 quo

301 4948 524 5009 adhuc
569 4963 689 5023 per
735 4948 1211 5023 negligentiam
1257 4949 1588 5025 displicet,
1639 4948 2068 5009 considerare
2118 4949 2407 5023 studeat;
2458 4955 2525 5008 et
2560 4950 2763 5025 aliud,
2817 4956 2890 5008 ut
2922 4952 3386 5025 complacitior

387 5133 430 5199 Ι)
459 5132 663 5190 Matth.
696 5132 911 5196 XXIV,
947 5140 1029 5190 13.
1152 5137 1199 5200 2)
1226 5135 1408 5192 Eccle.
1453 5136 1585 5200 ΧΠ,
1620 5141 1700 5192 ¹3.
1731 5167 1798 5177 -·
1823 5135 1868 5203 ³)
1896 5137 1983 5192 Ps.
2011 5135 2283 5200 XXVIII,
2312 5140 2391 5192 ¹2.
2431 5167 2467 5176 ·-
2517 5136 2560 5203 ⁴)
2586 5137 2711 5193 Job.
2743 5136 3012 5199 XXXVI.
3048 5142 3128 5191 u.

489 5245 836 5304 ANALECT.
889 5245 958 5304 T.
1011 5245 1172 5304 VIII.
1226 5244 1309 5303 27
