4036 6117
732 428 804 475 ΥῙ
1943 436 2442 488 PRoomuuu

631 583 1094 658 supernorum
1129 562 1630 637 charismatum
1668 565 1849 639 dono
1878 569 2121 659 crevit,
2154 578 2230 642 ut
2267 570 2492 642 tribus
2525 577 2799 642 tantum
2838 570 3043 645 annis
3078 580 3289 645 natae
3308 573 3455 670 jam
3490 574 3740 647 illuxe-

632 694 729 766 rit
764 692 992 789 prima
1025 693 1219 765 velut
1255 718 1511 767 aurora
1548 707 1928 792 perpetuae
1976 699 2281 788 visionis,
2336 724 2516 794 quae
2551 723 2675 795 per
2710 708 2937 772 totam·
2967 704 3206 796 vitam,
3262 714 3341 778 ut
3375 706 3617 778 lumen
3671 708 3743 778 111

631 821 919 914 1111111110,
959 821 1065 892 1111
1092 830 1371 894 ostensa
1397 832 1522 913 est,
1553 826 1737 919 quod
1765 827 2012 921 quinto
2044 828 2299 899 aetatis
2326 851 2514 899 anno
2540 828 2769 923 coepit
2797 830 3023 925 magis
3062 833 3424 928 perspicue
3456 834 3743 906 intueri.

643 982 671 1012 «
718 947 993 1020 Lumen
1021 955 1195 1041 erat,
1233 947 1353 1038 ait,
1391 949 1538 1021 sive
1573 953 1846 1025 luminis
1878 955 2155 1025 viventis
2187 955 2445 1045 umbra,
2483 955 2677 1026 velut
2705 955 3102 1029 caeruleum
3133 959 3404 1030 coelum
3442 992 3471 1026 υ
3506 984 3743 1032 coram

637 1079 859 1152 oculis
893 1102 1304 1174 expansum,
1343 1080 1416 1151 in
1451 1078 1589 1175 quo
1621 1081 1815 1153 aliud
1844 1091 1913 1154 et
1944 1082 2380 1178 splendidius
2415 1085 2634 1156 lumen
2675 1086 2863 1156 vivae
2911 1088 3080 1159 lucis
3130 1087 3333 1159 varia
3382 1088 3733 1160 visionum

632 1205 1039 1302 spectacula
1072 1205 1367 1302 mystico
1406 1207 1733 1302 penicillo
1770 1208 2128 1304 pingebat.
2172 1209 2521 1282 Constans
2572 1217 2675 1283 est
2727 1210 3184 1306 Hildegardis
3235 1236 3457 1307 usque
3508 1213 3581 1283 in
3637 1237 3742 1285 se·

638 1339 761 1410 nio
815 1338 1287 1410 testimonium
1341 1339 1426 1411 de
1475 1339 1609 1412 hoc
1660 1340 2004 1435 singulari
2059 1348 2129 1411 et
2180 1341 2385 1435 quasi
2436 1341 2644 1413 unico
2681 1341 3052 1437 privilegio
3107 1343 3415 1432 visioniS,
3473 1343 3740 1439 duplici

649 1474 855 1547 modo
889 1496 1013 1569 per
1046 1479 1266 1545 totam
1303 1471 1523 1544 vitam
1556 1471 1988 1545 coruscantis
2022 1471 2123 1568 (p.
2163 1474 2359 1569 412).

747 1632 775 1667 ι
815 1602 993 1674 Erat
1042 1625 1168 1697 per
1218 1601 1288 1673 id
1324 1601 1658 1697 temporis
1708 1600 2002 1674 Comitis
2053 1601 2140 1673 de
2188 1601 2575 1697 Spanheim
2634 1601 2802 1695 filia,
2841 1600 3049 1674 Jutta
3100 1601 3271 1695 (sive
3300 1603 3568 1696 Judith)
3623 1626 3744 1674 no-

637 1729 847 1818 mine,
893 1728 1176 1824 juvenis
1228 1734 1460 1800 aetate
1511 1728 1608 1823 (p.
1666 1730 1863 1825 408),
1915 1759 1943 1794 ι
2000 1752 2182 1823 quae
2233 1729 2484 1824 spiritu
2538 1728 2751 1800 ducta
2797 1728 2870 1799 111
2906 1728 3258 1801 desertum
3310 1729 3733 1824 virgineum,

643 1854 923 1928 secessit
972 1855 1186 1950 juxta
1244 1853 1744 1926 monasterium
1794 1854 2016 1926 sancti
2075 1854 2414 1944 Disibodi,
2468 1855 2540 1925 in
2595 1853 2923 1926 cellulam
2977 1855 3373 1928 arctissima
3429 1855 3751 1927 custodia

643 1983 984 2058 clausam.
1250 1972 1269 1989 ⁰

667 2148 682 2161 ·
736 2112 1075 2186 Oetennis
1132 2123 1285 2187 erat
1334 2113 1811 2211 Hildegardis,
1867 2140 2086 2210 quum
2138 2114 2570 2187 instantibus
2620 2113 2806 2185 ultro
2859 2114 3003 2186 suis
3058 2111 3490 2209 parentibus,
3559 2108 3747 2205 apud

646 2240 954 2316 nobilem
986 2240 1324 2344 inclusam
1359 2249 1637 2337 recepta
1669 2241 1823 2331 fuit,
1862 2241 2101 2313 oblata
2136 2240 2265 2313 sub
2301 2242 2547 2336 regula
2577 2240 2804 2313 sancti
2853 2239 3239 2334 Benedicti,
3299 2262 3513 2311 manu
3552 2236 3749 2333 puel-

645 2372 781 2464 lae⁷
837 2377 916 2442 ut
950 2369 1161 2441 moris
1212 2375 1384 2461 erat,
1439 2391 1739 2464 mappae
1790 2367 2037 2440 altaris
2088 2367 2427 2461 involuta,
2467 2368 2730 2440 inserta
2771 2391 3049 2462 quoque
3083 2365 3515 2462 sponsalium
3551 2363 3751 2436 char-

642 2502 821 2592 tula,
861 2525 943 2573 ac
984 2531 1014 2567 α
1049 2499 1371 2596 pluribus
1413 2506 1561 2570 tam
1612 2499 1777 2571 altis
1825 2523 2038 2594 quam
2093 2499 2556 2572 mediocribus
2611 2498 2922 2595 personis
2974 2494 3390 2581 astantibus,
3446 2492 3590 2563 ritu
3642 2513 3753 2561 eo-

654 2653 811 2703 rum
848 2628 970 2724 qui
1015 2652 1338 2724 supremo
1391 2627 1845 2723 exequiarum
1900 2629 2348 2723 deponuntur
2398 2627 2644 2719 offici0,
2701 2627 3010 2699 accensis
3060 2624 3439 2713 funalibuS,
3496 2633 3576 2694 ut
3627 2646 3749 2718 per

645 2756 783 2830 hoo
815 2754 1247 2850 fulgentibus
1282 2755 1725 2852 lampadibus
1757 2779 2033 2851 spons0,
2083 2756 2316 2827 media
2365 2764 2570 2828 nocte
2623 2763 2941 2844 ventum,
2979 2778 3051 2826 se
3098 2775 3464 2826 occurrere
3500 2749 3753 2822 debere

652 2891 1074 2958 moneretur.
1126 2915 1153 2947 υ
1193 2883 1477 2955 Inclusa
1510 2881 1716 2954 simul
1751 2881 1883 2953 fuit
1910 2882 2154 2977 junior
2184 2882 2412 2973 Jutta,
2452 2882 2681 2978 neptis
2716 2882 3027 2971 alterius,
3067 2882 3324 2976 quibus
3374 2880 3560 2951 aliae
3595 2901 3758 2949 mox

649 3019 719 3083 et
782 3008 1126 3106 plurimae
1178 3019 1637 3102 accesserunt,
1704 3035 1826 3107 per
1878 3010 2132 3107 viginti
2189 3021 2257 3083 et
2316 3019 2622 3107 quatuor
2659 3016 2904 3085 *annos
2961 3012 3050 3083 ab
3111 3011 3354 3083 eadem
3407 3016 3632 3081 matre
3691 3015 3758 3078 et

648 3137 990 3233 magistra
1027 3137 1119 3208 ad
1152 3137 1440 3212 meliora
1477 3139 1549 3210 in
1585 3139 1766 3211 diem
1805 3140 2236 3212 charismata
2271 3141 2609 3238 deductae
2645 3141 2670 3234 <
2676 3167 2744 3238 p.
2786 3144 2983 3240 408).

752 3268 907 3357 Quo
943 3269 1225 3342 tramite
1263 3269 1496 3366 puella
1535 3271 2003 3366 progrediens,
2046 3295 2265 3366 usque
2299 3272 2386 3343 ad
2424 3296 2687 3344 annum
2722 3273 3045 3367 quintum
3090 3271 3435 3344 decimum
3472 3304 3496 3332 ιι
3537 3268 3763 3341 multa

653 3397 860 3487 vidit,
899 3397 1104 3494 plura
1136 3398 1546 3495 simpliciter
1579 3400 1896 3496 loquens,
1964 3401 2064 3473 ita
2115 3402 2301 3497 quod
2355 3402 2460 3473 illi
2514 3402 3077 3475 ammirabantur
3127 3403 3247 3498 qui
3292 3403 3481 3474 hanc
3522 3401 3760 3472 audie-

653 3537 888 3600 rant...
924 3517 1387 3624 Quapropter,
1427 3538 1495 3601 et
1530 3553 1787 3625 magno
1822 3532 2071 3603 timore
2106 3540 2430 3626 correpta
2465 3538 2588 3622 est,
2626 3544 2755 3602 ne'c
2796 3531 3101 3628 amplius
3153 3530 3239 3602 de
3290 3554 3417 3602 suo
3469 3528 3761 3600 interio-

662 3678 739 3727 re
772 3655 1057 3728 homine
1091 3655 1419 3750 cuiquam
1454 3656 1902 3730 manifestare
1937 3659 2263 3731 audebat.
2306 3693 2333 3726 n

753 3783 892 3857 Sed
927 3786 1093 3857 dum
1129 3785 1456 3882 prudenti
1491 3785 1769 3858 silentio
1806 3798 2322 3862 sacramentum
2360 3789 2543 3885 regis
2592 3789 2920 3881 occultat,
2977 3812 3116 3861 11011
3173 3786 3469 3882 negligit
3500 3793 3573 3856 et
3610 3809 3760 3856 ma-

656 3915 945 4013 gisterio
980 3916 1222 3988 matris
1275 3925 1344 3989 et
1385 3917 1734 3992 consortio
1784 3918 2134 3990 sociarum
2187 3919 2311 4008 uti,
2370 3919 2457 3990 ad
2514 3943 2754 3992 omnes
2805 3919 3087 3991 animae
3139 3928 3208 3989 et
3260 3891 3526 4013 ingenii
3582 3916 3767 3986 vires

664 4045 1057 4117 exerendas
1089 4045 1157 4117 in
1195 4044 1598 4117 excolendis
1626 4044 2020 4116 litterarum
2055 4045 2465 4140 disciplinis,
2523 4055 2671 4117 tum
2726 4045 3061 4141 temporis
3111 4071 3237 4141 per
3286 4045 3566 4139 singula
3623 4068 3768 4113 mo-

657 4172 954 4244 nialium
988 4175 1324 4246 asceteria
1367 4173 1798 4248 florentibus.
1854 4173 2044 4245 Sane
2084 4173 2234 4268 jam
2280 4173 2493 4268 juxta
2547 4173 2793 4245 aderat
2852 4202 2880 4238 α
2931 4173 3167 4269 puella
3221 4172 3474 4246 nobilis
3526 4180 3594 4242 et
3647 4170 3768 4240 bo-

663 4326 913 4375 norum
948 4327 1220 4376 morum
1257 4303 1357 4401 (p.
1389 4307 1483 4397 8),
1534 4340 1559 4373 n
1616 4314 1724 4378 ter
1774 4316 2159 4378 memorata
2207 4306 2281 4377 in
2316 4305 2603 4377 exordio
2637 4285 2848 4378 trium
2885 4305 3246 4400 librorum,
3283 4328 3466 4401 quae
3499 4304 3573 4375 111
3607 4325 3773 4374 0011-

658 4430 1043 4503 scribendis
1077 4431 1571 4505 dictaminibus
1603 4435 2014 4506 continuum
2050 4433 2156 4504 illi
2191 4431 2540 4521 annilium
2579 4431 2954 4529 praestitit.
3011 4432 3160 4503 Nec
3214 4429 3607 4527 praefracte
3658 4450 3771 4498 as-

663 4561 1054 4653 serendum,
1095 4560 1515 4657 Hildegardi
1559 4562 1734 4633 adeo
1786 4562 2104 4657 ignotam
2157 4560 2370 4632 fuisse
2422 4560 2741 4655 linguam
2796 4560 3374 4648 ecclesiasticam,
3440 4565 3518 4629 ut
3569 4556 3774 4626 dum-

664 4693 870 4760 taxat
906 4689 1258 4762 teutonice
1290 4690 1589 4765 dictaret
1623 4700 1745 4764 aut
1779 4689 2357 4764 confabularetur
2390 4690 2522 4787 (1).
2560 4689 2853 4762 Praeter
2889 4689 3074 4762 enim
3126 4687 3562 4786 psalterium,
3618 4687 3780 4782 ipsa

680 4922 696 4934 ⁸
748 4950 826 5015 (¹)
855 4948 1041 5003 Etiam
1068 4949 1383 5005 Guibertus
1412 4950 1838 5007 Gemblacensis
1876 4951 2013 5006 huic
2055 4965 2176 5004 scn-
2266 4951 2457 5020 plures
2483 4967 2678 5012 annos,
2720 4967 2849 5007 eum
2885 4949 3233 5019 Hildegarde
3274 4953 3386 5002 tam
3427 4963 3561 5002 voce
3596 4959 3771 5015 (1110111

678 5034 893 5091 tentiae
920 5034 1092 5100 favet,
1131 5035 1231 5106 qui
1263 5041 1447 5090 tamen
1480 5051 1655 5106 quum
1698 5036 1949 5105 linguam
1992 5040 2174 5090 101110·
2265 5036 2817 5106 scriptis‚tamintra
2834 5051 3002 5106 quam
3019 5040 3179 5090 extra
3196 5033 3475 5101 ningense
3492 5038 3775 5086 monaste-

676 5124 861 5180 nicam
912 5124 1215 5192 ignoraret,
1266 5140 1377 5178 non
1425 5124 1534 5180 nisi
1584 5125 1760 5180 latine
1808 5124 2033 5179 videtur
2078 5140 2176 5194 per
2219 5191 2226 5197 ι
2265 5123 2438 5185 rium,
2470 5122 2668 5190 ogiseo,
2701 5122 2858 5175 nullo
2886 5121 3197 5191 interprete
3224 5118 3503 5173 adhibito.

3923 2462 3924 2479 ᾼ
3911 1840 3923 2395 -ᾼ--ᾼ--ψῌ-ι-
3911 1742 3920 1813 ,Λα-..-
