4036 6117
678 506 765 564 30
1829 525 1882 571 s.
1932 522 2500 573 111Ln1-:GAnms

613 639 1000 717 iniquitates
1047 642 1116 704 et
1160 636 1459 705 malitiae
1507 644 1577 705 in
1623 660 1827 706 unum
1875 646 2336 724 conglobatae,
2371 650 2440 709 et
2471 647 2558 709 ab
2592 646 3030 710 infernalibus
3076 650 3521 727 potestatibus
3553 652 3724 712 mis-

609 756 749 821 sae,
784 759 1025 820 magna
1056 747 1125 806 et
1157 745 1294 806 lata
1343 746 1731 808 infidelitate
1780 750 2098 825 operibus
2147 750 2398 811 Christi
2445 753 2514 811 et
2558 751 2900 812 Ecclesiae
2934 768 3007 813 se
3040 755 3398 830 opponunt.
3449 751 3575 812 Sed
3615 756 3718 812 ta-

609 864 763 908 men
793 863 955 925 prae
991 848 1212 909 lucida
1244 850 1417 911 nube
1454 851 1568 911 illa
1599 852 1777 912 ultra
1810 854 2176 928 procedere
2225 870 2355 914 non
2388 857 2689 932 possunt,
2741 857 3082 933 quoniam,
3133 857 3440 934 quamvis
3475 856 3712 916 fideles

611 952 841 1012 multis
875 951 1397 1016 adversitatibus
1433 956 1843 1032 impugnent,
1881 959 2106 1017 tamen
2138 973 2344 1034 opera
2376 975 2610 1019 eorum
2647 960 2714 1019 in
2748 961 3014 1023 Christo
3051 962 3345 1023 lucentia
3377 960 3714 1022 offuscare

611 1070 736 1118 nec
767 1057 1074 1119 evertere
1106 1060 1609 1134 praevalebunt.

2076 1270 2265 1332 LIIII.

1434 1442 1833 1540 ‘Incarnatio
1879 1483 1953 1539 ut
2004 1454 2099 1539 soi
2144 1480 2486 1541 illuminat
2534 1483 2887 1542 mundum.

706 1679 812 1743 67.
846 1680 927 1743 Et
959 1682 1026 1743 in
1071 1682 1303 1745 eadem
1353 1685 1575 1745 lucida
1621 1686 1822 1763 nube,
1870 1687 1970 1748 sol
2017 1691 2087 1749 et
2134 1688 2291 1749 luna
2336 1691 2685 1766 apparent,
2734 1688 2913 1767 quod
2959 1687 3268 1765 designat
3316 1688 3384 1747 in
3424 1685 3718 1748 candore

618 1783 1034 1860 virginitatis
1081 1790 1415 1849 occultum
1463 1792 1857 1866 mysterium
1904 1793 2326 1853 castissimae
2377 1794 2878 1871 incarnationis,
2913 1793 3124 1871 quod,
3161 1794 3338 1854 sicut
3369 1793 3490 1868 sol,
3527 1809 3722 1852 mun·

618 1885 779 1947 dum
826 1888 1190 1968 illuminat,
1241 1895 1310 1954 et
1341 1894 1517 1970 quod
1550 1896 1751 1956 etiam
1784 1896 2151 1956 Ecclesiam
2187 1896 2516 1974 designat,
2552 1913 2724 1975 quae
2761 1897 2827 1957 in
2859 1897 3366 1973 regeneratione
3399 1895 3719 1972 baptismi

621 1990 958 2053 Christum
994 1995 1325 2073 imitatur,
1362 1999 1923 2074 quemadmodum
1957 2001 2116 2060 luna
2149 2001 2359 2061 solem
2394 2002 2848 2078 subsequitur.
2881 2000 3064 2062 Unde
3098 2001 3304 2062 etiam
3337 2000 3405 2060 in
3437 1998 3576 2060 sole
3611 1998 3719 2058 leo

619 2098 745 2171 est,
799 2097 1057 2160 scilicet
1106 2100 1172 2160 in
1218 2102 1485 2173 occulto,
1531 2103 1874 2179 mysterio,
1926 2103 2105 2180 quod
2157 2104 2223 2164 in
2268 2104 2404 2165 Deo
2454 2105 2673 2181 latuit,
2725 2105 2841 2165 sed
2874 2104 3052 2181 quod
3085 2106 3312 2165 tamen
3342 2119 3463 2181 per
3493 2102 3722 2163 omnia

621 2205 1055 2283 resplenduit,
1115 2208 1430 2270 videlicet
1460 2211 1862 2271 miraculum
1896 2210 2022 2272 hoc
2055 2211 2233 2287 quod
2265 2211 2441 2272 Deus
2473 2212 2671 2273 homo
2705 2212 2852 2273 fieri
2884 2211 3121 2288 voluit,
3157 2211 3470 2289 quoniam
3505 2209 3720 2270 Filius

616 2305 739 2367 Dei
771 2308 852 2368 de
885 2311 1199 2386 virginali
1233 2316 1518 2375 materia
1547 2331 1819 2377 carnem
1849 2332 2224 2393 assumens,
2260 2332 2339 2377 ac
2373 2317 2472 2378 sic
2521 2318 2588 2377 in
2638 2316 3012 2379 fortissima
3056 2318 3123 2378 vi
3157 2316 3561 2391 DivinitatiS,
3599 2313 3729 2374 ho·-

616 2426 727 2473 mo
772 2414 961 2477 velut
1004 2416 1111 2477 leo
1166 2433 1527 2496 apparens,
1593 2421 1663 2482 in
1708 2421 1930 2483 aliena
1975 2422 2089 2484 via
2134 2421 2719 2499 progrediebatur,
2788 2422 2857 2483 in
2901 2437 3035 2499 qua
3080 2421 3305 2483 nullus
3352 2419 3552 2481 homo
3584 2418 3721 2480 nisi

626 2518 772 2596 ipse
804 2521 987 2582 solus
1021 2522 1330 2585 inventus
1363 2527 1485 2586 est.
1520 2518 1567 2604 ¹)

2120 2737 2240 2797 LV.

1617 2952 1892 3029 Siquam
1942 2952 2252 3013 victoriae
2299 2953 2374 3012 in
2420 2950 2732 3014 Ecclesia.

712 3151 819 3214 68.
867 3153 947 3216 Et
994 3155 1061 3216 in
1109 3157 1267 3219 luna
1313 3159 1744 3235 capricornus
1792 3161 1919 3234 est,
1972 3160 2039 3219 id
2086 3163 2191 3221 est
2238 3160 2306 3219 in
2350 3160 2678 3236 Ecclesia,
2716 3176 2799 3221 ex
2829 3159 3008 3221 omni
3041 3160 3233 3234 parte
3262 3154 3314 3236 ²)
3351 3158 3722 3218 convocata

629 3261 865 3320 contra
895 3261 1243 3338 antiquum
1277 3265 1678 3339 serpentem,
1714 3264 1978 3339 signum
2009 3264 2358 3338 victoriae,
2393 3262 2509 3324 ubi
2556 3263 2873 3324 Diabolus
2919 3280 3040 3340 per
3087 3264 3311 3323 omnia
3359 3264 3720 3337 superatus

621 3367 744 3426 est.
780 3365 1198 3445 Quapropter
1228 3369 1428 3429 etiam
1469 3368 1640 3429 idem
1676 3369 1777 3429 sol
1812 3384 2015 3446 supra
2049 3370 2308 3429 coelum
2343 3371 2412 3429 et
2445 3369 2513 3428 in
2545 3368 2751 3444 coelo,
2788 3384 2867 3428 ac
2900 3368 2967 3427 in
2998 3370 3181 3429 terra
3212 3369 3281 3426 et
3313 3365 3553 3426 subtus
3585 3368 3724 3425 ter-

624 3485 768 3530 ram
796 3472 995 3548 lucet,
1023 3474 1183 3550 quia
1208 3475 1545 3534 occultum
1572 3474 1982 3549 mysterium,
2012 3472 2192 3549 quod
2214 3466 2264 3552 ⁸)
2302 3472 2510 3534 Filius
2540 3472 2659 3534 Dei
2696 3473 3076 3532 incarnatus
3108 3473 3234 3546 est,
3265 3486 3469 3547 super
3492 3469 3717 3529 omnia

622 3575 939 3636 coelestia
973 3579 1231 3638 secreta
1263 3581 1385 3653 est;
1424 3579 1515 3638 ita
1549 3577 1727 3654 quod
1758 3577 1962 3638 etiarn
1994 3578 2062 3637 in
2095 3577 2499 3638 coelestibus
2532 3577 2901 3652 mysteriis,
2938 3592 3111 3653 quae
3145 3577 3366 3636 solum
3398 3574 3720 3635 coelesti--

624 3677 753 3738 bus
786 3681 1052 3756 cognita
1085 3684 1260 3757 sunt,
1298 3686 1605 3759 apparet,
1647 3685 1714 3742 et
1746 3681 1922 3759 quod
1958 3683 2024 3742 in
2058 3682 2387 3743 creaturis
2421 3684 2640 3742 terrae
2675 3680 2884 3741 multa
2917 3680 3244 3740 miracula
3276 3680 3615 3755 operatur,
3651 3678 3721 3738 et

621 3782 802 3858 quod
835 3784 1037 3844 etiam
1072 3784 1385 3861 abyssum
1423 3767 1774 3862 splendore
1803 3781 1851 3865 ⁴)
1886 3786 2220 3863 potentiae
2256 3801 2417 3846 suae
2453 3786 2776 3861 penetrat.
2809 3781 2890 3844 Et
2923 3783 3023 3843 sic
3062 3781 3368 3859 procedit
3417 3779 3714 3854 oriendo,

622 3887 939 3963 quoniam
987 3888 1163 3949 idem
1211 3890 1602 3966 mysterium
1635 3892 1947 3968 apparuit
1980 3891 2048 3950 in
2079 3894 2229 3951 ortu
2265 3891 2613 3963 virtutum,
2649 3904 2801 3950 cum
2834 3887 3119 3949 virtutes
3151 3888 3342 3963 prius
3375 3903 3504 3945 non
3535 3885 3717 3945 visas

624 3991 924 4067 protulit;
976 3995 1044 4053 et
1089 3993 1262 4054 redit
1307 3994 1721 4070 declinando,
1770 4007 1923 4055 cum
1968 3993 2275 4070 judiciali
2322 3993 2651 4054 sententia
2684 3991 3051 4069 pravitates
3083 3990 3399 4054 vitiorum
3435 3989 3518 4051 ad
3548 3988 3727 4050 nihi-

626 4093 766 4155 lum
802 4095 1127 4159 incurvat.

2085 4203 2238 4265 LVI.

874 4396 1312 4459 Incarnatum
1345 4401 1469 4460 Dei
1509 4398 1784 4461 Verbum
1816 4418 2029 4461 unum
2062 4417 2213 4461 cum
2246 4399 2450 4461 Patre
2482 4400 2777 4459 existens
2809 4396 3208 4477 baptismum
3239 4396 3479 4458 docuit.

720 4603 826 4664 69.
878 4604 1061 4675 Quod
1109 4608 1334 4668 autem
1367 4623 1521 4667 cum
1554 4606 1725 4667 idem
1761 4607 1860 4667 sol
1893 4606 2224 4682 procedit,
2262 4606 2366 4666 leo
2400 4620 2553 4665 cum
2587 4604 2700 4667 illo
2734 4608 2803 4666 et
2835 4605 2903 4666 in
2937 4603 3052 4665 illo
3084 4602 3406 4680 procedit,
3444 4617 3523 4662 ac
3555 4602 3728 4662 mul-

632 4709 713 4768 ta·
750 4708 966 4785 spolia
1011 4708 1270 4787 diripit,
1321 4710 1448 4770 hoc
1479 4714 1583 4771 est
1612 4710 1787 4788 quod
1821 4725 1971 4771 cum
2005 4711 2184 4772 Deus
2218 4708 2552 4770 occultum
2589 4708 2977 4785 mysterium
3012 4723 3205 4768 suum
3239 4705 3718 4781 manifestavit,

701 4862 745 4930 ¹)
784 4865 959 4921 Ludit
991 4881 1121 4924 cum
1160 4865 1487 4943 Physioloqi
1512 4866 1703 4924 sabula
1729 4867 1798 4926 de
1816 4869 2026 4932 Leone,
2056 4873 2139 4924 at·
2211 4867 2496 4940 expulerit
2532 4883 2603 4925 ex
2637 4867 2756 4925 suis
2783 4866 3197 4925 Subtilitatibus
3219 4873 3550 4923 naturarum
3571 4883 3720 4923 crea·
3772 4944 3783 4952 -

632 4963 746 5020 que
772 4956 838 5006 ut
858 4951 924 5006 fit
949 4951 1019 5008 de
1041 4970 1100 5010 re
1130 4954 1265 5010 trita
1285 4961 1343 5011 et
1366 4961 1501 5012 tunc
1522 4955 1788 5012 omnibus
1809 4955 1997 5020 obvia,
2023 4972 2138 5010 am·
2211 4961 2484 5017 tui-arum,
2524 4954 2621 5010 sed
2659 4956 2857 5012 Leonis
2892 4961 3082 5011 tamen
3114 4953 3364 5010 fabulam
3398 4954 3523 5011 fuse
3557 4959 3617 5010 et
3640 4955 3717 5011 le-

633 5034 807 5105 bigue
846 5038 1032 5108 tangit
1070 5042 1253 5112 plura,
1292 5042 1356 5099 in
1387 5042 1599 5114 quibus
1633 5058 1783 5099 nunc
1810 5044 1898 5100 vel
1924 5042 2138 5098 eruditi
2213 5040 2344 5113 pide
2382 5041 2618 5098 admisit
2654 5041 2716 5097 in
2754 5041 2949 5099 eodem
2989 5040 3170 5104 libro,
3215 5041 3429 5097 Patr-ol.
3466 5038 3719 5097 CXCVII

637 5122 749 5178 viri
789 5123 886 5180 vix
924 5141 1038 5182 non
1082 5128 1433 5185 coecutiunt.
1497 5127 1793 5185 Caeterum
1846 5127 2140 5200 Physiolo-
2217 5131 2369 5184 1314.
2401 5159 2472 5170 -—
2493 5130 2540 5196 2)
2563 5129 2714 5201 plebe
2736 5127 2805 5184 A.
2835 5159 2905 5170 —
2929 5126 2973 5197 ³)
2997 5131 3075 5186 sic
3098 5124 3169 5190 Α,
3192 5124 3289 5190 W,
3314 5124 3447 5184 sort.
3478 5144 3604 5202 quo.
3645 5156 3715 5167 —

634 5225 707 5282 go
742 5212 941 5274 Nostra
978 5220 1143 5273 caute
1180 5221 1239 5272 et
1276 5231 1402 5274 raro
1443 5215 1651 5281 utitur,
1707 5219 1770 5272 ut
1814 5229 1945 5272 cum
1992 5230 2135 5288 pene
2215 5217 2257 5287 ⁴)
2283 5218 2617 5293 splendorem
2641 5216 2736 5276 W.
