4036 6117
1219 535 1452 581 mnan
1500 527 1698 580 νινε
1747 530 2226 579 Meam-onum.
2279 535 2336 579 P.
2387 533 2498 578 111.
3207 517 3335 578 127

315 653 559 726 ptiores
597 652 678 710 ad
715 653 1096 712 voluntates
1131 669 1291 712 suas
1342 654 1494 712 sint.
1545 653 1667 711 Sed
1703 658 1770 711 et
1804 652 1955 712 alba
2003 653 2454 713 calceamenta
2506 654 2569 712 in
2620 653 2899 726 pedibus
2950 653 3179 725 habet,
3232 665 3405 730 quae

319 757 446 810 tam
487 755 743 813 lubrica
780 761 958 828 sunt,
996 756 1171 830 quod
1209 772 1327 815 nec
1378 756 1705 828 incedere,
1755 771 1878 814 nec
1911 759 2094 815 stare
2126 770 2245 830 per
2279 755 2389 813 illa
2426 761 2669 830 potest,
2706 758 2863 830 quia
2898 756 3253 817 delicatam
3288 775 3407 817 vo-

318 855 640 929 luptatem
673 860 742 915 et
773 873 903 916 non
933 858 1183 933 justam
1225 858 1804 918 mortificationem
1839 858 2063 917 carnis
2100 859 2165 916 in
2200 858 2509 933 vestigiis
2546 858 2882 919 hominum
2933 859 3206 934 habenS,
3262 867 3398 920 tam

313 959 605 1019 lascivos
639 963 846 1021 etiam
878 965 1109 1037 gestus
1145 964 1208 1021 in
1242 963 1341 1022 eis
1377 962 1690 1036 ostendit,
1721 962 1896 1038 quod
1923 978 2044 1020 nec
2071 978 2189 1037 per
2223 962 2539 1022 honorem
2577 962 2997 1023 rectitudinis
3025 964 3393 1040 ambulare,

316 1079 432 1120 nec
467 1079 588 1138 per
623 1067 1199 1126 mansuetudinem
1250 1066 1641 1126 stabilitatis
1693 1066 1758 1126 in
1805 1069 1903 1126 eis
1937 1067 2183 1126 durare
2218 1067 2352 1127 ullo
2389 1067 2583 1128 modo
2620 1068 2865 1142 studet;
2904 1068 3020 1126 sed
3057 1084 3174 1142 per
3206 1069 3400 1128 devia

313 1273 595 1346 pissime
633 1275 696 1332 in
730 1273 1248 1349 profunditatem
1284 1275 1484 1349 cadit3
1520 1282 1585 1334 et
1618 1276 1933 1351 quoniam
1967 1274 2288 1335 immundi
2325 1275 2626 1334 homines
2671 1276 2754 1335 ad
2791 1276 3142 1335 illecebras
3176 1278 3402 1336 carnis

315 1389 391 1433 se
430 1373 777 1450 inclinant,
813 1383 880 1435 et
914 1377 1148 1437 sordes
1185 1378 1624 1438 humanarum
1659 1379 2101 1454 pollutionum
2140 1381 2387 1452 amant,
2431 1379 2659 1454 pravis
2694 1380 3092 1439 animalibus
3141 1395 3213 1438 se
3246 1381 3415 1439 assi-

311 1479 781 1560 milantem-ac
829 1482 1183 1541 coelestem
1234 1483 1694 1543 castimoniam
1748 1482 2103 1558 fugienteS,
2154 1483 2378 1542 divino
2408 1483 2659 1557 judicio
2695 1483 2925 1541 multis
2976 1483 3406 1556 passionibus

310 1581 538 1639 carnis
573 1598 735 1640 suae
784 1584 1184 1660 subduntur,
1237 1586 1392 1661 quia
1441 1602 1520 1645 ea
1571 1587 1634 1645 in
1683 1587 2094 1661 proprietate
2127 1586 2495 1645 voluntatis
2538 1601 2699 1645 suae
2732 1586 3064 1658 nolebant,
3118 1603 3289 1662 quae
3345 1588 3411 1646 in

313 1683 486 1741 bono
521 1684 907 1743 desiderare
941 1686 1330 1762 debuerant,
1369 1688 1931 1762 quemadmodum
1965 1704 2085 1764 per
2118 1688 2394 1746 Paulum
2429 1688 2821 1762 Apostolum
2857 1689 3183 1762 scripturn
3217 1690 3345 1747 est:

1766 1913 1983 1972 XLIII.

1347 2105 1696 2182 Apostolus
1745 2108 1818 2164 in
1868 2107 2168 2165 eamdem
2218 2125 2376 2166 rem.

412 2319 518 2377 52.
563 2320 847 2394 Propter
879 2319 1050 2394 quod
1085 2319 1365 2378 tradidit
1402 2320 1554 2377 illos
1591 2318 1766 2378 Deus
1799 2321 1871 2378 in
1905 2321 2241 2380 desideria
2272 2320 2484 2379 cordis
2518 2336 2745 2377 eorum
2778 2322 2850 2378 in
2883 2322 3408 2399 immunditiam,

321 2432 390 2480 ut
426 2425 848 2484 contumetiis
897 2425 1193 2503 afficiant
1243 2441 1514 2500 corpora
1562 2442 1684 2482 sua
1729 2427 1802 2483 in
1851 2427 2250 2501 semetipsi3‚
2296 2426 2411 2503 qui
2446 2430 3009 2489 commutaverunt
3061 2430 3410 2486 veritatem

327 2527 442 2584 Dei
479 2530 548 2584 in
587 2527 1030 2599 mendacium,
1067 2532 1127 2584 et
1167 2527 1514 2586 coluerunt
1551 2534 1612 2584 et
1649 2528 2026 2586 servierunt
2071 2533 2413 2586 creaturae
2443 2528 2665 2602 potius
2698 2544 2898 2602 quam
2944 2529 3258 2604 Creatori,
3295 2533 3411 2608 qui

324 2630 836 2689 estbenedictus
883 2633 954 2689 in
1005 2631 1288 2690 saecula.
1341 2630 1544 2706 Cujus
1595 2646 1833 2689 sensus
1883 2631 2040 2689 talis
2084 2636 2207 2690 est.
2258 2630 2426 2701 Quia
2458 2631 2759 2689 homines
2793 2633 2987 2706 pravi
3034 2634 3117 2693 ad
3155 2635 3408 2694 incerta

320 2736 657 2794 desideria
691 2738 1071 2796 voluntates
1107 2752 1266 2796 suas
1299 2744 1575 2811 ponunt,
1613 2752 1732 2794 nec
1766 2736 1850 2795 ab
1885 2736 1989 2796 his
2025 2752 2294 2796 cessare
2326 2737 2582 2809 volunt,
2628 2735 2810 2811 justo
2853 2737 3105 2812 judicio
3139 2743 3413 2816 permit-

328 2839 402 2898 tit
435 2854 553 2895 eos
592 2839 869 2898 Creator
899 2839 1218 2913 omnium,
1260 2839 1324 2897 in
1359 2839 1550 2914 cujus
1583 2845 1918 2914 potestate
1954 2846 2132 2914 sunt,
2162 2845 2229 2897 et
2255 2838 2396 2897 sine
2423 2839 2616 2913 quus
2642 2841 3087 2914 permissione
3123 2842 3289 2901 nihil
3317 2843 3409 2917 fit,

331 2943 390 2998 in
424 2943 1009 3016 concupiscentias
1043 2943 1523 3018 cogitationum
1558 2949 1623 3001 et
1656 2944 2079 3002 voluntatum
2116 2958 2390 3002 suarum
2427 2944 2545 3017 ire,
2583 2950 2656 3002 ut
2693 2945 2758 3002 in
2794 2945 3278 3006 immunditiam
3308 2965 3418 3008 ca-

325 3043 509 3119 dant,
563 3044 646 3103 ad
683 3061 884 3121 quam
918 3043 1346 3106 vehementer
1379 3045 1714 3119 anhelant,
1771 3047 1861 3105 ita
1910 3053 1984 3105 ut
2020 3048 2084 3105 in
2120 3046 2548 3122 ignominiam
2582 3050 2647 3106 et
2684 3047 2749 3105 in
2791 3049 3336 3110 contrarietatem
3368 3046 3414 3129 ¹)

329 3157 718 3225 pervertant
767 3167 1035 3211 carnem
1086 3167 1299 3224 suam,
1352 3168 1503 3210 cum
1553 3152 1618 3210 in
1669 3152 2053 3226 semetipsis
2102 3158 2376 3226 peccata
2427 3153 2562 3225 illa,
2614 3169 2785 3228 quae
2818 3170 2947 3211 non
2988 3156 3411 3231 conveniunt,

338 3257 622 3330 turpiter
659 3255 929 3314 faciunt.
982 3255 1449 3329 Quaecumque
1497 3255 1672 3313 enim
1725 3255 1838 3314 isti
1885 3236 2367 3330 concupiscunt
2399 3260 2465 3313 et
2497 3255 2753 3329 volunt,
2798 3271 2875 3314 ea
2910 3271 3028 3329 per
3061 3258 3417 3332 turpitudi-

335 3373 480 3415 nem
517 3375 711 3416 suam
748 3358 998 3432 ineunt,
1035 3374 1112 3416 ac
1137 3357 1342 3415 Deum
1370 3357 1861 3431 derelinquunt,
1892 3374 2095 3433 quam
2128 3364 2350 3417 tamen
2378 3358 2442 3416 in
2477 3357 2820 3416 intellectu
2853 3374 2974 3417 suo
3003 3359 3246 3435 sciunt,
3276 3363 3418 3421 tan-

336 3471 471 3521 tum
508 3462 947 3535 attendenteS,
985 3462 1143 3538 quid
1179 3462 1246 3520 in
1278 3477 1477 3521 carne
1512 3478 1631 3522 sua
1668 3461 1941 3536 implere
1975 3462 2256 3536 possint.

421 3569 527 3625 53.
569 3566 692 3624 Per
728 3566 852 3625 hoc
886 3566 1060 3625 enim
1095 3565 1386 3639 primum
1418 3566 1726 3640 angelum
1765 3565 2135 3639 imitantur,
2164 3565 2278 3640 qui
2313 3580 2431 3640 per
2462 3564 2793 3641 pessimas
2826 3566 3208 3627 voluntates
3236 3585 3414 3643 suaS,

337 3674 537 3731 vitam
578 3673 643 3730 in
676 3671 1032 3747 semetipso
1067 3675 1327 3729 mutare
1359 3670 1596 3745 voluit;
1648 3669 1824 3746 quod
1873 3671 2192 3745 perficere
2239 3686 2371 3730 non
2404 3670 2644 3746 potuit,
2681 3671 2837 3746 quia
2870 3670 3047 3731 Deus
3098 3672 3315 3749 ipsum
3354 3675 3419 3733 in

339 3778 643 3849 mortem,
694 3791 825 3850 qua
873 3774 1011 3834 vita
1053 3774 1394 3833 abstracta
1427 3779 1553 3849 est,
1591 3774 1883 3832 tradidit.
1918 3773 2086 3833 Nam
2117 3779 2183 3832 et
2216 3773 2341 3833 hoc
2374 3773 2568 3834 modo
2606 3774 2907 3834 homines
2946 3775 3111 3835 istos
3142 3776 3319 3836 Deus
3353 3777 3420 3836 ici

336 3879 670 3938 desideria
701 3879 1118 3938 voluntatum
1152 3893 1425 3937 suarum
1460 3878 1747 3938 transire
1780 3878 2132 3953 permittit,
2168 3878 2482 3953 quoniam
2509 3877 2591 3936 ad
2623 3893 2703 3937 ea
2736 3884 2802 3936 et
2827 3894 2958 3937 non
2988 3879 3072 3938 ad
3098 3881 3418 3940 coelestia

343 3984 676 4056 festinant3
709 3978 760 4061 ²)
791 3981 883 4041 ita
914 3987 989 4041 ut
1023 3997 1174 4040 cum
1200 3981 1520 4056 sanguine
1549 3980 1883 4040 immundo
1909 3986 1978 4040 et
2003 3981 2524 4040 contumeliosae
2552 3979 2970 4040 humiditatis
2996 3980 3296 4053 polluant
3322 3998 3419 4056 se,

335 4095 401 4148 et
433 4088 908 4160 contaminent,
946 4086 1227 4146 ubitam
1279 4086 1344 4145 in
1394 4086 1797 4162 semetipsiS‚
1851 4101 2052 4161 quam
2086 4086 2154 4145 in
2186 4085 2339 4144 aliis
2377 4084 2734 4143 humanam
2785 4088 3093 4142 naturam
3125 4083 3423 4158 pessima

347 4194 799 4270 inquinatione
832 4192 1143 4251 evertunt
1175 4194 1242 4251 et
1273 4190 1684 4265 discerpunt3
1725 4190 1816 4249 ita
1851 4189 2027 4265 quod
2057 4190 2555 4249 convenientem
2592 4188 2989 4262 genituram,
3020 4205 3222 4263 quam
3252 4188 3428 4249 Deus

346 4295 713 4368 constituit,
750 4295 1124 4367 destruunt3
1163 4295 1228 4352 et
1261 4293 1435 4368 quod
1471 4293 2108 4353 omni-immunditia
2142 4308 2219 4350 ac
2260 4290 2619 4349 inhumana
2667 4290 3060 4365 contagione
3110 4304 3430 4350 verecun-

342 4403 486 4462 dam
521 4400 946 4475 disciplinam
980 4398 1476 4458 transmordent
1509 4400 1576 4457 et
1608 4397 2002 4470 destituunt,
2053 4401 2120 4454 et
2151 4396 2311 4471 quia
2342 4411 2623 4471 corpora
2658 4410 2777 4453 sua
2814 4395 2878 4453 in
2912 4395 3424 4468 perversitatem

347 4506 844 4567 transformant.
876 4504 1299 4563 Commutant
1331 4502 1535 4562 etiam
1567 4501 1920 4560 veritatem
1949 4501 2155 4574 illam,
2186 4515 2319 4575 qua
2350 4499 2525 4559 Deus
2560 4514 2761 4557 verus
2791 4497 2968 4557 Deus
2994 4503 3120 4568 est,
3155 4498 3219 4557 in
3248 4514 3427 4557 men-

344 4612 608 4671 dacium
633 4606 683 4688 8)
712 4608 837 4668 hoc
863 4624 994 4685 quo
1018 4607 1228 4667 Deum
1252 4605 1741 4682 blasphemant,
1771 4621 1924 4664 cum
1952 4604 2126 4664 idola
2152 4604 2398 4678 colunt,
2428 4619 2599 4679 quae
2625 4603 2877 4662 nullam
2902 4602 3281 4676 veritatem,
3312 4602 3427 4661 sed

351 4714 589 4774 salsum
624 4727 864 4773 nomen
899 4711 965 4770 in
999 4727 1072 4770 se
1107 4709 1373 4784 habent;
1411 4710 1727 4785 quoniam
1759 4724 1881 4768 nec
1916 4707 2071 4782 sibi,
2107 4722 2228 4766 nec
2262 4705 2415 4767 aliis
2451 4705 2771 4782 prodesse
2818 4710 3123 4781 possunt,
3176 4720 3253 4764 ac
3288 4721 3428 4764 ser-

348 4818 459 4877 vili
492 4814 874 4876 conditione
909 4813 1318 4873 famulantur
1359 4812 1701 4889 subjectae
1736 4812 1866 4872 sibi
1900 4816 2273 4886 creaturae,
2311 4827 2463 4871 cum
2496 4810 2557 4869 ei
2591 4826 2806 4885 genua
2848 4824 2973 4868 sua
3021 4815 3323 4883 curvant,
3364 4816 3433 4868 et

350 4935 495 4977 cum
529 4916 610 4976 ad
646 4932 794 4976 eam
827 4931 1063 4992 preces
1101 4915 1404 4990 fundunt,
1444 4916 1626 4975 illum
1666 4915 1782 4991 qui
1815 4932 1931 4975 eos
1965 4914 2222 4973 creavit
2253 4913 2819 4988 derelinquenteS,
2848 4927 2968 4970 nec
3001 4911 3290 4971 debitam
3328 4926 3432 4969 re-

348 5023 710 5081 verentiam
746 5022 806 5080 ei
841 5019 1252 5093 exhibentes3
1284 5020 1453 5079 unde
1487 5019 1689 5078 etiam
1723 5019 2042 5079 Diabolus
2069 5019 2315 5077 multas
2352 5016 2698 5092 passiones
2732 5022 2798 5075 et
2834 5014 3108 5081 ardores
3145 5016 3425 5073 immun-

423 5176 438 5212 ¹
450 5186 461 5239 )
489 5183 535 5230 et
559 5179 991 5231 contrarietatem
1017 5175 1102 5228 W.
1138 5205 1202 5212 —
1229 5174 1273 5237 2)
1299 5175 1522 5243 festinat
1548 5171 1612 5228 A.
1647 5205 1707 5212 —
1737 5173 1780 5239 ⁸)
1807 5176 1866 5228 in
1893 5178 2024 5227 ante
2050 5172 2383 5227 mendacium
2408 5169 2566 5225 codd.
2598 5184 2707 5223 om.
