4036 6117
688 448 774 515 50
1852 468 1904 514 s.
1955 463 2488 516 ntnnncAnms

706 589 860 659 114.
907 590 1156 652 Deinde
1187 589 1326 649 vidi
1362 589 1531 649 alios
1565 587 1908 665 praefatae
1943 571 2392 651 multitudinis
2429 590 2736 667 spiritus„
2773 590 2887 666 qui
2923 598 3156 651 contra
3187 582 3554 653 exercitum
3589 578 3713 653 ‘Dei

618 694 717 754 sic
764 694 1163 754 clamabant:
1207 711 1238 751 α
1276 693 1487 764 Quam
1519 697 1926 769 potestatem
1961 693 2227 754 habetis
2276 693 2633 754 adversum
2670 693 2827 753 nos?
2860 694 3144 754 Nullam.
3184 713 3215 752 ι
3253 695 3334 769 Et
3366 696 3578 756 multo
3614 695 3720 755 fu·³

622 815 772 859 rore
823 798 1105 858 feminas
1144 797 1609 873 inspiciebant,
1646 796 1966 858 dicentes:
2009 816 2041 856 α
2081 797 2258 858 Istae
2294 797 2376 857 ad
2411 798 2963 874 propagationem
3013 800 3266 858 saeculi
3301 800 3486 859 velut
3531 805 3723 859 terra

615 920 647 960 »
686 902 769 963 ad
805 903 1106 978 germina
1140 906 1336 976 aptae
1370 905 1528 961 sunt
1555 894 1625 979 ¹).
1663 901 1846 962 Unde
1883 899 2279 961 festinemus
2314 917 2430 961 eas
2468 901 2812 976 seducere,
2849 916 2929 960 ne
2978 901 3347 977 producant
3379 903 3720 978 praelian-

619 1024 653 1064 ›
692 1012 796 1065 tes
830 1010 1064 1066 contra
1093 1020 1238 1065 nos,
1281 1022 1312 1061 ι
1350 1002 1515 1063 Nam
1551 1003 1752 1064 iidem
1788 1004 2064 1079 maligni
2100 1005 2381 1080 spiritus
2417 1006 2588 1065 iram
2618 1010 2686 1064 et
2722 1003 3016 1064 furorem
3050 1020 3129 1065 ac
3162 1006 3293 1065 alia
3328 1003 3720 1081 hujusmodi

614 1109 789 1169 mala
825 1108 1209 1174 hominibus
1241 1112 1642 1184 proponunt,
1677 1111 1746 1167 et
1780 1122 1898 1168 eos
1934 1107 2016 1167 ad
2052 1107 2414 1168 homicidia
2448 1107 2911 1169 exhortantur.

1953 1313 2363 1374 LXXXXVII.

1780 1512 2024 1582 Poena‘
2055 1522 2550 1583 iracundorum.

710 1733 861 1793 115.
909 1731 990 1791 Et
1037 1730 1174 1790 vidi
1224 1729 1568 1789 turbidum
1616 1744 1841 1789 aerem
1884 1730 2062 1787 sicut
2099 1729 2319 1803 ignem
2355 1728 2745 1801 ferventem,
2782 1733 2849 1787 et
2882 1727 3009 1786 suh
3044 1742 3124 1786 eo
3159 1726 3379 1787 lacum
3414 1724 3721 1803 amplum

621 1845 688 1898 et
736 1839 1037 1912 nigrum,
1085 1840 1156 1894 et
1204 1833 1475 1893 sordida
1525 1833 1877 1909 putredine
1924 1832 2219 1908 plenum,
2272 1834 2339 1891 in
2373 1849 2504 1908 quo
2540 1847 2805 1891 vermes
2838 1838 3052 1906 erant,
3104 1832 3372 1891 oculum
3409 1847 3614 1892 unum
3648 1831 3723 1891 in

623 1941 791 2001 facie
841 1939 1186 2012 habenteS,
1239 1952 1318 1996 ac
1366 1936 2033 2012 totam'putredinem
2069 1936 2251 1995 illam
2285 1936 2520 1995 caudis
2557 1935 2701 1995 suis
2735 1941 3254 1995 commoventes,
3291 1934 3416 1994 Sed
3450 1935 3721 1994 animae

623 2060 794 2122 quae
845 2044 912 2102 in
959 2042 1229 2102 saeculo
1281 2041 1451 2100 iram
1498 2055 1650 2099 cum
1690 2039 1840 2099 odio
1880 2039 2278 2114 habuerant,
2313 2056 2434 2098 nec
2471 2040 2554 2099 ab
2591 2039 2703 2098 illa
2738 2046 3194 2112 cessaverant,
3234 2039 3298 2097 in
3329 2037 3564 2097 eadem
3595 2053 3723 2113 pu-

620 2149 795 2210 trida
845 2147 1039 2207 sorde
1088 2152 1154 2204 et
1202 2144 1547 2204 vermibus
1593 2143 1742 2218 ejus
1792 2142 2286 2218 affligebantur,
2339 2159 2417 2202 ac
2461 2143 2546 2203 ab
2592 2143 2741 2218 igne
2776 2142 3077 2218 ejusdem
3111 2142 3290 2201 aeris
3324 2141 3716 2201 urebantur.

620 2252 784 2312 Nam
832 2252 991 2328 quia
1040 2250 1208 2310 iram
1258 2264 1409 2308 cum
1458 2248 1675 2306 tenaci
1724 2247 1876 2307 odio
1927 2248 2345 2307 incessanter
2392 2248 2458 2306 in
2495 2262 2568 2305 se
2604 2246 2998 2321 habuerant,
3036 2246 3233 2305 sorde
3267 2251 3334 2305 et
3365 2245 3719 2304 vermibus

620 2357 921 2433 ejusdem
981 2353 1167 2415 lacus
1225 2352 1756 2429 torquebantur,
1825 2351 2024 2411 sorde
2083 2352 2345 2410 scilicet
2412 2356 2688 2427 propter
2750 2352 2944 2426 iram,
3018 2350 3365 2411 vermibus
3441 2354 3726 2426 propter

626 2460 873 2520 odium.
923 2458 1003 2518 Et
1051 2457 1369 2533 quoniam
1416 2455 1721 2515 eamdem
1770 2455 1941 2517 iram
1989 2455 2056 2514 in
2107 2454 2333 2514 furore
2381 2456 2904 2530 compleverant,
2959 2454 3177 2528 ignem
3218 2452 3506 2529 praefati
3540 2450 3729 2511 aeris

622 2562 1068 2639 patiebantur.

1945 2756 2386 2827 Lxxxxvnl.

1974 2974 2069 3032 De
2119 2973 2363 3031 eodem.

710 3183 860 3253 116.
889 3187 1164 3249 Animae
1200 3190 1423 3243 autem
1457 3197 1630 3257 quae
1665 3181 1809 3240 sine
1843 3180 1996 3239 odio
2031 3186 2097 3240 et
2133 3179 2277 3238 sine
2310 3179 2792 3239 consuetudine
2827 3180 2989 3255 irae,
3026 3180 3185 3239 dum
3219 3175 3287 3239 in
3318 3173 3724 3256 corporibus

619 3299 762 3358 suis
801 3294 1106 3365 fuissent,
1147 3290 1211 3348 in
1260 3289 1430 3348 iram
1479 3284 1836 3361 aliquando
1889 3290 2110 3343 motae
2145 3290 2322 3359 sunt,
2367 3289 2606 3343 exutae
2638 3284 3036 3360 corporibus
3067 3283 3247 3343 circa
3279 3271 3588 3343 eumdem
3621 3284 3725 3343 lo-

620 3420 771 3463 cum
823 3400 1031 3472 ibant,
1082 3401 1150 3454 et
1197 3408 1474 3468 magnas
1518 3405 1770 3468 poenas
1806 3389 1974 3448 istas
2012 3389 2079 3448 in
2110 3405 2188 3447 eo
2223 3388 2560 3462 videbant,
2598 3404 2675 3448 ac
2707 3404 2824 3449 eas
2860 3389 3204 3448 timebant.
3238 3387 3363 3448 Sed
3398 3388 3722 3464 quoniam

620 3508 719 3565 ira
771 3506 837 3563 in
885 3502 1051 3577 ipsis
1104 3501 1473 3557 inveterata
1506 3510 1641 3553 non
1675 3493 1915 3565 fuerat,
1965 3492 2203 3551 iisdem
2237 3492 2471 3568 poenis
2506 3497 2726 3552 tactae
2759 3509 2888 3552 non
2925 3497 3103 3564 sunt,
3141 3492 3257 3552 sed
3292 3507 3410 3552 eos
3443 3491 3725 3568 quidem

620 3626 741 3687 pro
777 3605 1119 3683 repentina
1159 3604 1255 3662 ira
1287 3599 1622 3671 viderunt,
1661 3603 1729 3656 et
1762 3597 1861 3656 sic
1894 3612 2012 3658 eos
2046 3597 2179 3658 cito
2214 3602 2594 3656 evaserunt.

1929 3802 2400 3864 LXXXXVIIII.

1717 4011 1943 4072 Poena
1988 4010 2471 4070 homicidarum
2519 4029 2603 4070 ex
2650 4012 2776 4072 ira.

713 4230 864 4291 117.
898 4226 1024 4288 Sed
1058 4228 1126 4284 et
1158 4233 1472 4298 magnum
1508 4212 1728 4295 ignem
1760 4217 1923 4292 vidi,
1952 4217 2069 4293 qui
2095 4218 2402 4277 diversas
2428 4225 2495 4277 et
2529 4219 2893 4279 acerrimas
2921 4229 3171 4296 poenas
3208 4218 3471 4280 ardoris
3502 4206 3581 4280 et'
3604 4211 3728 4280 fri·⁶

623 4337 806 4412 goris
860 4348 937 4393 ac
987 4330 1410 4414 diversorum
1453 4323 1786 4385 vermium
1834 4322 1900 4381 in
1948 4338 2022 4382 se
2056 4321 2346 4382 habebat
2375 4318 2450 4401 ²).
2486 4322 2566 4382 Et
2599 4323 2859 4384 animae
2895 4324 3164 4384 illorum
3198 4323 3312 4401 qui
3348 4324 3415 4384 in
3448 4324 3725 4385 saeculo

622 4457 741 4518 per
793 4438 1086 4500 furorem
1136 4433 1273 4492 irae
1322 4427 1761 4490 homicidium
1805 4430 2393 4503 perpetraverant,
2451 4427 2517 4486 in
2564 4428 2799 4504 poenis
2850 4428 3002 4488 istis
3049 4427 3514 4504 puniebantur.
3552 4427 3723 4489 Nam
3767 4489 3778 4496 ,

624 4550 899 4623 propter
932 4543 1103 4602 iram
1138 4533 1479 4595 homicidii
1515 4532 1756 4608 ignem,
1791 4538 1858 4590 et
1890 4535 2167 4607 propter
2199 4532 2736 4592 excoecationem
2770 4549 2985 4609 suam,
3015 4551 3148 4610 qua
3172 4550 3303 4594 non
3337 4532 3723 4594 considera-

622 4655 860 4712 verant
894 4645 1055 4723 quid
1090 4642 1407 4712 facerent,
1447 4637 1682 4712 friguS,
1720 4651 1799 4695 ac
1832 4640 2109 4711 propter
2143 4635 2592 4696 temeritatem
2627 4653 2841 4713 suam,
2881 4654 3013 4714 qua
3048 4638 3405 4713 imaginem
3435 4636 3553 4696 Dei
3586 4648 3722 4697 non

627 4756 1010 4820 timuerant,
1047 4759 1311 4807 vermes
1345 4756 1587 4819 passae
1624 4745 1798 4799 sunt.

699 4956 741 5023 ¹)
767 4959 986 5028 apertae
1008 4955 1133 5004 sunt
1159 4938 1252 5002 W.
1284 4976 1351 4985 —
1377 4945 1423 5008 2)
1451 4943 1716 4998 habebant
1740 4940 1832 4994 W.
