4036 6117
1404 520 1833 571 ExPOT1T1o
1882 520 2537 569 EVANGEmoRuM.
3303 507 3434 569 327

431 641 586 704 aliis
637 645 1003 704 virtutibus
1040 647 1480 717 contulerant,
1535 665 1680 705 cum
1717 646 2031 704 viaissent
2072 646 2136 705 in
2178 647 2371 705 oculo
2406 647 2617 705 bonae
2651 645 3016 705 voluntatis
3063 648 3233 723 quod
3264 650 3516 725 fecerat

439 751 502 806 in
541 750 698 822 illis,
740 752 852 824 qui
907 765 1056 808 cum
1095 755 1234 808 toto
1270 750 1508 808 annisu
1545 763 1662 824 per
1699 747 2104 807 fortissimas
2160 748 2450 806 virtutes
2503 748 2869 823 imitantur,
2922 752 3205 826 signum,
3258 751 3518 811 scilicet

428 868 545 910 eos
584 852 674 910 ita
728 852 853 909 suh
888 857 1221 927 potestate
1271 868 1393 911 sua
1428 851 1807 921 continenS‚
1861 866 1940 908 ne
1973 866 2094 923 per
2142 849 2718 924 intemperantiam
2757 851 2836 909 ad
2873 853 3195 927 proclivia
3229 854 3518 915 declina-

432 964 601 1027 rent,
642 957 944 1017 dicebant
983 960 1047 1016 in
1083 960 1378 1034 suspirio
1412 965 1480 1018 et
1528 959 1781 1033 gemitu
1814 957 2117 1015 cordium
2168 972 2462 1016 suorum.
2513 958 2680 1030 Quia
2725 961 2829 1017 hic
2863 965 2955 1016 est
2993 978 3142 1019 vere
3168 966 3511 1039 prophe-ta,

431 1062 652 1120 sciens
685 1063 909 1121 omnia
957 1078 1128 1137 quae
1162 1063 1546 1122 necessaria
1596 1069 1753 1122 sunt
1788 1061 1866 1121 ad
1918 1061 2203 1126 salutem
2238 1060 3014 1137 animaruthminum,
3052 1067 3166 1140 qui
3198 1073 3517 1129 venturus

428 1175 548 1242 est,
586 1169 652 1228 in
690 1169 877 1229 initio
913 1169 1092 1243 honi,
1130 1187 1282 1230 cum
1315 1170 1512 1231 homo
1547 1171 1833 1245 primum
1875 1167 2107 1241 incipit
2138 1165 2385 1225 bonum
2423 1167 2707 1240 operari,
2744 1172 2811 1224 et
2846 1166 2910 1225 in
2943 1171 3516 1233 consummatione

430 1274 598 1349 eJuS,
638 1291 789 1332 cum
826 1276 989 1335 illud
1038 1277 1120 1336 ad
1170 1277 1415 1337 bonum
1450 1278 1645 1336 finem
1679 1275 2005 1352 perducit,
2062 1274 2154 1332 ita
2196 1280 2270 1333 ut
2318 1274 2464 1333 laus
2498 1280 2564 1333 et
2613 1274 2982 1348 gratiarum
3020 1278 3194 1337 actio
3244 1278 3394 1338 inde
3429 1281 3511 1341 ad

432 1357 637 1437 Deum
673 1395 793 1453 per
827 1379 1129 1439 homines
1163 1379 1566 1455 proseratur,
1604 1382 1674 1437 in
1708 1379 2058 1451 mundum,
2096 1377 2355 1436 scilicet
2389 1377 2561 1437 inter
2596 1378 2897 1437 homines
2930 1382 3371 1443 saeculorum.

435 1732 786 1789 Trithemius
826 1733 973 1789 haud
1003 1734 1295 1806 pauciores
1318 1749 1487 1804 quam
1516 1738 1644 1789 octo
1682 1737 1740 1789 et
1766 1732 2053 1801 octoginta
2092 1730 2456 1801 Hildegardis
2494 1732 2762 1788 homilias
2801 1734 2860 1788 in
2900 1734 3202 1804 Evangelia
3239 1746 3513 1804 recenset.

507 1834 647 1888 quas
672 1819 741 1874 de
767 1835 922 1875 more
948 1838 1050 1875 suo
1077 1836 1187 1875 non
1215 1820 1560 1883 numeravit,
1600 1818 1714 1875 nisi
1743 1823 2039 1891 postquam
2066 1833 2263 1874 omnes
2289 1819 2395 1873 sub
2423 1817 2603 1873 oculis
2628 1819 2892 1874 habuerit
2931 1826 2989 1875 et
3024 1821 3329 1891 diligenter
3366 1830 3514 1884 evol-

509 1905 671 1960 verit.
714 1905 829 1960 Vix
857 1905 1037 1974 igitur
1077 1905 1244 1961 tertia
1270 1922 1398 1978 pars
1435 1906 1503 1960 ad
1532 1921 1631 1960 nos
1670 1921 1848 1975 usque
1874 1904 2217 1975 pervenerit,
2257 1919 2439 1973 neque
2465 1904 2609 1958 ullas
2648 1904 2816 1960 ullibi
2857 1906 3030 1962 latere
3055 1909 3190 1966 scio,
3232 1912 3510 1971 Damnum

509 1994 772 2049 nonnihil
800 1995 1119 2058 sustulerit,
1150 1994 1196 2050 si
1222 1994 1353 2065 quis
1379 1992 1796 2050 existimaverit
1816 1991 2134 2047 Trithemio
2159 1997 2243 2047 tot
2269 1992 2443 2047 fuisse
2465 1991 2752 2055 homilias,
2774 1998 2913 2063 quot
2940 2000 3073 2050 sunt
3096 1994 3154 2049 in
3183 1996 3329 2052 idem
3352 2016 3516 2056 evan-

510 2080 720 2150 gelium
749 2080 934 2135 variae
958 2079 1358 2151 expositiones:
1390 2095 1503 2149 quo
1531 2079 1760 2149 quidem
1788 2080 2006 2135 calculo
2044 2084 2289 2150 receptu,
2324 2077 2437 2134 sere
2463 2078 2523 2132 in
2548 2078 2934 2150 superioribus
2960 2080 3181 2151 paginis
3209 2083 3316 2138 tibi
3345 2091 3515 2142 erunt

513 2166 802 2235 sexaginta
839 2165 1260 2229 commentarii,
1286 2170 1619 2235 argumento
1645 2170 1797 2220 certe
1822 2164 2084 2220 distincti
2112 2170 2171 2220 et
2194 2163 2586 2220 diversissimi.
2611 2194 2677 2203 -
2696 2163 2782 2219 Ad
2803 2167 3133 2222 methodum
3161 2169 3398 2241 hujusce
3423 2190 3515 2228 ex-

513 2255 814 2328 positionis
837 2256 987 2327 quod
1023 2255 1256 2319 attinet,
1283 2255 1330 2310 si
1356 2255 1486 2326 quis
1514 2271 1642 2326 prae
1670 2253 1852 2310 oculis
1878 2255 2071 2317 habet,
2101 2258 2198 2308 aut
2226 2268 2473 2323 unquam
2500 2268 2673 2308 manu
2702 2254 2868 2310 trivit
2891 2256 3191 2313 Walafridi
3218 2259 3515 2317 Strabonis

518 2342 761 2398 Glossam
795 2355 964 2409 quam
989 2340 1189 2396 dicunt
1225 2341 1591 2402 ordinariam,
1618 2339 1903 2409 exemplar
1929 2338 2130 2408 utique
2156 2337 2508 2394 considerare
2532 2356 2704 2410 penes
2731 2339 2892 2394 illum
2934 2340 3065 2404 erit,
3093 2344 3239 2412 quod
3268 2344 3376 2399 nisi
3416 2347 3515 2402 sal-

517 2430 623 2491 lor,
650 2427 812 2483 docta
849 2425 1214 2495 Hildegardis
1239 2441 1354 2481 non
1391 2423 1723 2493 neglexerit.
1752 2422 2051 2477 ordinaria
2092 2437 2223 2477 sane
2262 2423 2642 2494 solemnisque
2677 2430 2801 2479 erat
2826 2425 2885 2480 in
2923 2429 3282 2485 monasteriis
3315 2431 3514 2489 Glossa

513 2513 905 2575 Straboniana,
932 2526 1112 2582 neque
1148 2509 1442 2582 peregrina
1470 2509 1581 2564 suit
1605 2506 1894 2565 Rhenanis
1931 2504 2300 2571 monialibus,
2326 2522 2503 2579 quum
2532 2510 2776 2566 maxime
2816 2510 2876 2566 in
2903 2511 2995 2567 his
3021 2514 3350 2582 regionibus
3386 2534 3514 2574 eru-

514 2605 699 2659 ditum
728 2609 784 2659 et
803 2602 1078 2659 eximium
1103 2598 1405 2656 walah-idi
1431 2613 1571 2669 opus
1592 2597 1790 2651 multis
1815 2602 1874 2652 et
1895 2595 2050 2650 tritis
2072 2596 2320 2653 abundet
2344 2600 2782 2671 exemplaribus,
2804 2616 2953 2672 -quae
2978 2601 3161 2659 adhuc
3182 2609 3511 2675 supersunt,

511 2698 635 2765 post
655 2691 932 2748 bellorum
957 2689 1406 2760 germanicorum
1431 2685 1674 2749 excidia,
1706 2689 1996 2755 tantopere
2027 2683 2191 2740 libris
2217 2691 2272 2741 et
2298 2685 2665 2744 bibliothecis
2693 2688 2916 2746 infesta.
