4036 6117
715 492 844 549 168
1864 510 1915 553 s.
1980 510 2529 561 nthssoAnms

2032 734 2362 795 xxxvln.

1533 939 1859 1011 Quomodo
1897 935 2123 1013 justus
2176 944 2277 1000 sui
2334 942 2692 1001 occultator
2739 949 2856 1002 est.

734 1152 840 1212 50.
876 1147 1057 1210 Unde
1082 1146 1285 1206 etiam
1313 1144 1528 1203 fidelis
1555 1143 1778 1220 homo,
1806 1147 1922 1222 qui
1950 1147 2431 1221 castigationes
2457 1147 2575 1206 Dei
2602 1148 2669 1207 in
2703 1148 3066 1225 semetipso
3095 1155 3435 1225 expertuS,
3469 1149 3746 1210 easdem

643 1252 1126 1329 castigationes
1161 1248 1375 1321 timet,
1415 1248 1635 1307 sciens
1669 1248 1846 1324 quod
1879 1267 2009 1311 non
2058 1250 2493 1326 delinquenti,
2531 1252 2650 1311 sed
2684 1253 3046 1327 poenitenti
3084 1258 3415 1328 parcetur.
3452 1254 3634 1314 Intra
3669 1272 3743 1312 se

643 1355 1060 1436 gemebundo
1086 1353 1287 1413 corde
1311 1352 1511 1412 dicat:
1532 1372 1562 1410 α
1587 1352 1852 1428 ODeuS,
1875 1354 1990 1429 qui
2017 1355 2240 1414 omnia
2269 1356 2470 1429 nosti,
2490 1361 2558 1414 et
2583 1357 2806 1416 omnia
2825 1356 2996 1416 bona
3022 1357 3391 1432 perfecisti,
3415 1374 3566 1417 cum
3590 1374 3746 1435 pec-

643 1480 749 1536 co,
787 1463 853 1521 in
900 1458 1310 1520 conscicntia
1342 1450 1388 1535 ¹)
1439 1463 1867 1530 peccatorum
1901 1474 2205 1517 meorum
2251 1475 2487 1534 pave0,
2524 1465 2592 1518 et
2634 1475 2786 1519 cum
2819 1476 2941 1535 per
2972 1463 3450 1536 poenitentiam
3503 1463 3569 1522 in
3600 1463 3746 1522 ani-

647 1584 758 1628 ma
789 1580 937 1625 mea
983 1579 1089 1624 me
1121 1552 2070 1637 recognosco,”poenitentiam
2121 1562 2304 1622 illam
2338 1580 2469 1623 non
2504 1564 2801 1639 perficio,
2836 1571 2903 1624 et
2936 1565 3063 1624 hoc
3098 1567 3321 1626 timeo,
3357 1568 3450 1626 Ac
3483 1583 3636 1627 cum
3675 1568 3745 1626 in

643 1670 925 1731 lascivia
957 1667 1104 1727 vias
1138 1672 1206 1725 et
1239 1665 1479 1725 itinera
1512 1666 1879 1724 voluntatis
1913 1682 2100 1747 meae
2133 1673 2552 1742 pertranseO,
2589 1683 2823 1743 paveo;
2854 1675 2923 1727 et
2956 1685 3110 1729 cum
3142 1677 3420 1745 peccata
3455 1672 3521 1731 in
3553 1687 3745 1731 sene-

642 1779 896 1835 ctutem
928 1771 1244 1847 perduco,
1282 1770 1388 1830 vel
1421 1786 1574 1830 curn
1607 1770 1864 1845 peccati
1899 1769 2195 1830 taedium
2228 1787 2388 1847 prae
2420 1771 2651 1832 dolore
2700 1778 2766 1831 et
2797 1788 2957 1849 prae
3007 1774 3287 1834 tristitia
3334 1774 3569 1848 habeo,
3623 1775 3745 1835 illa

643 1878 894 1939 idcirco
929 1891 1062 1935 non
1092 1873 1381 1948 dimitto,
1417 1879 1485 1932 et
1533 1872 1659 1931 boc
1694 1874 1915 1933 time0.
1951 1873 2030 1932 Et
2063 1889 2185 1933 cur
2232 1873 2392 1934 hoc?
2424 1874 2747 1945 Quoniam
2797 1876 2937 1934 scio
2973 1892 3144 1952 quae
3192 1883 3260 1937 et
3291 1878 3518 1954 qualia
3559 1881 3738 1939 sunt.

635 1982 808 2055 Quid
842 1986 947 2039 est
983 1978 1141 2039 hoc?
1165 1978 1330 2037 Nam
1366 1984 1513 2037 rota
1548 1976 1662 2036 illa
1687 1993 1861 2051 sum,
1890 1993 2064 2053 quae
2099 1977 2431 2037 interdum
2466 1978 2547 2038 ad
2582 1979 3001 2054 Aquilonem,
3041 1980 3374 2041 interdum
3400 1982 3482 2042 ad
3508 1982 3745 2041 Orien-

644 2094 804 2161 tem,
843 2083 1177 2145 interdum
1208 2082 1292 2142 ad
1323 2082 1670 2156 Austrum,
1709 2081 2042 2141 interdurn
2074 2082 2276 2141 etiam
2305 2082 2389 2141 ad
2422 2082 2850 2143 Occidentem
2876 2088 3157 2145 rotatur.
3184 2085 3353 2144 Cum
3386 2086 3564 2145 enim
3591 2102 3744 2145 sen-

641 2191 735 2252 tio
769 2191 1119 2266 peccatum
1156 2183 1342 2258 illud,
1379 2200 1512 2260 quo
1543 2181 1595 2262 2)
1637 2185 1702 2242 in
1734 2184 1950 2259 primo
1980 2184 2299 2260 originali
2331 2189 2607 2260 peccato
2642 2192 3003 2261 conceptus
3038 2202 3211 2261 sum,
3250 2186 3374 2247 hoc
3407 2194 3526 2247 aut
3557 2189 3741 2263 cogi-

639 2295 842 2357 tando
891 2299 1008 2354 aut
1040 2289 1372 2366 loquendo
1423 2295 1539 2348 aut
1566 2288 1905 2365 operando
1955 2289 2151 2349 traho
2186 2289 2250 2348 in
2301 2306 2424 2350 me.
2463 2288 2586 2349 Sed
2627 2306 2776 2350 cum
2827 2291 3048 2350 anima
3084 2307 3230 2350 mea
3280 2293 3742 2353 reminiscitur

643 2400 814 2460 unde
848 2397 944 2472 fit,
981 2395 1304 2456 hordeum
1336 2408 1614 2469 operum
1650 2409 1951 2453 meorum
1981 2393 2066 2452 de
2100 2393 2326 2453 tritico
2362 2393 2607 2454 cribro.
2654 2395 2732 2454 Et
2764 2400 2986 2454 tamen
3019 2394 3146 2454 hoc
3177 2396 3260 2455 ad
3301 2396 3571 2472 plenum
3606 2412 3740 2456 non

639 2504 837 2577 facio,
876 2502 1034 2577 quia
1068 2514 1225 2559 caro
1260 2504 1328 2557 et
1361 2498 1637 2573 sanguis
1672 2514 1840 2557 sum.
1877 2499 2045 2557 Cum
2079 2504 2304 2557 autem
2353 2498 2436 2556 ad
2475 2498 2708 2558 illicita
2743 2498 2985 2573 gaudia
3036 2499 3227 2573 vade,
3265 2516 3436 2575 quae
3478 2515 3584 2558 me
3617 2514 3742 2573 per

640 2606 1071 2666 incitamenta
1119 2603 1342 2663 carnis
1378 2602 1555 2661 sicut
1588 2600 1935 2660 hinnulum
1972 2603 2222 2661 saltare
2259 2601 2537 2672 faciunt,
2588 2601 2848 2661 frenum
2899 2604 2963 2661 in
2995 2604 3095 2662 eis
3144 2620 3270 2663 non
3322 2603 3555 2664 haben.
3606 2604 3739 2665 Sed

639 2709 849 2768 etiam
883 2723 1033 2765 cum
1068 2720 1188 2781 per
1221 2709 1634 2764 senectutem
1670 2703 1735 2763 in
1769 2702 2065 2763 taedium
2091 2708 2522 2780 peccatorum
2553 2705 2747 2779 vad0,
2786 2705 2877 2764 ita
2914 2705 3089 2781 quod
3126 2722 3231 2765 me
3265 2708 3553 2782 amplius
3585 2722 3744 2783 pec-

638 2827 795 2872 care
821 2827 951 2870 non
976 2809 1286 2882 delectat,
1313 2809 1524 2867 vitam
1551 2822 1767 2866 meam
1795 2807 2099 2883 protrahi
2129 2808 2298 2880 volo,
2328 2814 2661 2883 quatenus
2687 2814 2959 2882 peccata
2987 2824 3133 2867 mea
3158 2808 3525 2883 emendem,
3555 2811 3740 2885 quod

635 2923 859 2977 tamen
883 2930 1013 2974 non
1038 2911 1329 2987 perficio.
1350 2912 1429 2970 Et
1448 2917 1605 2971 tunc
1632 2912 1698 2970 in
1716 2911 2027 2971 omnibus
2055 2911 2230 2983 istis,
2253 2904 2813 2986 quemadmodum
2844 2918 3012 2986 rota,
3046 2913 3111 2971 in
3138 2910 3579 2973 instabilitate
3606 2916 3740 2976 cir-

636 3019 1012 3084 cumvolvo.
1049 3016 1230 3079 Unde
1263 3016 1490 3091 etiam,
1520 3032 1557 3076 o
1584 3015 1783 3091 Deus,
1815 3015 1881 3075 in
1908 3015 2014 3076 his
2041 3015 2267 3076 causis
2294 3015 2624 3076 abhorreo
2652 3022 2891 3076 cuncta
2916 3019 3191 3093 peccata
3217 3033 3386 3094 mea,
3417 3034 3741 3095 quocum-

640 3142 771 3205 que
804 3124 998 3184 modo
1047 3138 1126 3182 ea
1161 3121 1356 3195 facie,
1409 3121 1631 3180 sciens
1668 3120 1733 3179 in
1774 3122 1994 3180 anima
2031 3136 2178 3180 mea
2211 3121 2387 3196 quod
2422 3120 2586 3179 nulli
2621 3122 2866 3196 parciS‚
2904 3122 3016 3196 qui
3053 3138 3125 3180 se
3163 3122 3284 3182 tibi
3316 3125 3628 3199 proterve
3667 3126 3739 3185 in

634 3228 934 3307 pcccatis
967 3226 1260 3302 opponit;
1297 3225 1455 3300 quia
1488 3226 1778 3301 primum
1812 3225 2387 3301 praevaricantem
2438 3224 2748 3299 angelum
2784 3224 2849 3282 in
2884 3225 3216 3284 infernum
3252 3226 3624 3302 projecisti,
3664 3234 3738 3291 et

636 3332 796 3408 quia
829 3330 1164 3389 hominem
1197 3332 1352 3403 post
1385 3330 1648 3403 lapsum
1684 3328 1749 3386 in
1779 3327 2055 3387 exilium
2088 3328 2399 3403 posuisti,
2436 3333 2504 3386 et
2536 3328 2693 3403 quia
2726 3343 3262 3404 unamquamque
3305 3330 3733 3406 iniquitatem

632 3433 1003 3494 secundum
1051 3433 1291 3491 merita
1340 3449 1463 3491 sua
1498 3431 1563 3491 in
1611 3431 1948 3491 stabulum
1998 3433 2423 3491 contritionis
2472 3447 2635 3491 suae
2686 3433 2976 3507 repellis
3011 3433 3349 3494 Fiduciam
3388 3441 3609 3496 autem
3661 3440 3734 3499 in

641 3539 767 3597 hoc
801 3536 1036 3611 haben,
1073 3535 1248 3611 quod
1283 3536 1544 3594 coelum
1578 3535 1842 3610 rupisti,
1871 3541 1940 3594 et
1971 3535 2150 3611 quod
2188 3551 2455 3595 carnem
2491 3534 2792 3609 induisti3
2828 3537 3102 3611 propter
3134 3537 3308 3612 quod
3334 3537 3733 3616 delinquens

632 3646 707 3700 et
738 3655 1022 3716 peccans
1056 3655 1214 3716 pars
1250 3639 1371 3698 tibi
1403 3637 1725 3697 derelicta
1759 3643 1885 3711 est,
1922 3638 2082 3714 quia
2118 3638 2299 3697 illam
2336 3639 2400 3697 in
2435 3638 2901 3698 misericordia
2935 3645 3050 3699 tua
3082 3655 3204 3715 per
3249 3642 3732 3716 poenitentiam

631 3742 877 3818 abluis;
915 3745 1322 3819 quapropter
1353 3747 1420 3800 et
1452 3755 1574 3814 ego
1608 3741 1981 3816 poenitenS,
2017 3759 2057 3801 a
2090 3742 2387 3817 peccatis
2422 3743 2589 3802 meis
2622 3757 2742 3818 per
2775 3746 2839 3802 te
2873 3741 3166 3817 ablutuS,
3202 3743 3448 3806 vivam.
3479 3762 3511 3801 »

2004 3966 2365 4027 XXXVIIII.

1200 4160 1384 4233 Quod
1431 4161 1612 4220 zelus
1673 4159 1794 4220 Dei
1844 4160 2158 4218 adversus
2194 4159 2539 4220 Diabolum
2587 4159 2991 4221 invincibilis
3037 4169 3156 4222 est.

722 4370 830 4431 51.
880 4368 1003 4428 Sed
1037 4374 1104 4428 et
1151 4369 1496 4445 praedicta
1529 4369 1747 4445 imago
1798 4375 2031 4429 contra
2081 4370 2245 4429 vitia
2281 4370 2412 4430 ista
2459 4386 2630 4445 quae
2664 4372 3008 4447 praedicta
3057 4379 3235 4449 sunt,
3282 4376 3717 4448 vociferatur,

630 4477 790 4555 quia
823 4475 1005 4534 zelus
1052 4473 1168 4533 Dei
1208 4474 1534 4534 adversus
1585 4474 2054 4549 suggestiones
2090 4473 2536 4549 malignorum
2569 4476 2951 4550 spirituum,
2987 4494 3026 4537 a
3059 4478 3307 4555 quibus
3341 4481 3409 4540 in
3441 4483 3721 4543 manife-

626 4588 734 4642 sto
769 4580 1071 4639 homines
1109 4578 1474 4653 fatigantur
1505 4579 1774 4652 clamat,
1810 4594 1926 4638 eas
1960 4579 2027 4638 in
2058 4578 2411 4638 diabolicis
2445 4580 2912 4656 iniquitatibus
2945 4597 3064 4658 per
3089 4583 3407 4645 virtutem
3436 4589 3709 4662 superni

624 4684 872 4761 iudicis
920 4698 1350 4758 compescens
1383 4688 1451 4741 et
1483 4682 1956 4756 exterminanS,
1994 4683 2171 4741 sicut
2202 4683 2407 4742 etiam
2443 4683 2618 4742 idem
2664 4684 2981 4760 antiquus
3018 4685 3291 4747 invasor
3328 4703 3407 4748 ac
3440 4688 3711 4763 quidam

632 4788 1091 4848 membrorum
1138 4786 1353 4863 ipsius
1398 4802 1628 4846 veram
1670 4785 2006 4862 justitiam
2062 4785 2489 4862 abjicientes,
2548 4803 2667 4863 per
2724 4789 2984 4863 igneam
3041 4790 3337 4852 divinam
3394 4793 3716 4855 ultionem

633 4891 981 4966 prostrati,
1018 4889 1100 4950 ad
1135 4888 1416 4949 nihilum
1450 4891 1816 4965 computati
1851 4895 2037 4963 sunt,
2058 4889 2371 4965 quoniam
2407 4897 2640 4950 contra
2668 4907 2897 4951 omnes
2933 4899 3114 4953 artes
3144 4895 3535 4955 insidiarum
3570 4913 3722 4958 sua-

707 5076 751 5142 ¹)
792 5077 985 5132 Palam
1024 5092 1166 5132 nova
1204 5081 1262 5131 et
1300 5075 1486 5144 gravis
1512 5076 1831 5147 corruptela
1858 5076 1968 5132 huc
1997 5050 2131 5130 irre·
2217 5093 2450 5131 meorum
2473 5093 2658 5148 paveo.
2702 5106 2766 5116 -
2792 5079 2837 5140 ²)
2868 5083 3142 5149 peccatum
3178 5080 3324 5134 illua
3348 5051 3497 5152 quod
3520 5082 3589 5142 Α,
3618 5084 3709 5139 W.

631 5164 746 5234 ptit
787 5163 845 5218 in
883 5163 1023 5217 duos
1062 5161 1219 5217 codd.
1265 5166 1322 5218 in
1351 5164 1775 5233 concupiscentia
1800 5169 2135 5232 peccatorum
