4036 6117
767 502 898 566 438
1920 519 1971 565 s.
2034 518 2576 566 menncARms

694 642 990 718 ejecerit,
1043 641 1373 719 quomodo
1421 657 1552 700 non
1603 641 1820 700 solum
1867 644 2359 716 praesentibus,
2391 644 2506 702 sed
2542 643 2934 703 absentibus
2984 642 3394 714 subvenerit,
3453 641 3810 717 multaque

693 744 802 805 his
837 748 1084 807 similia
1137 748 1389 808 fecerit:
1427 764 1639 807 nonne
1691 748 1851 808 haec
1901 750 2151 823 scripta
2204 751 2457 809 suntin
2493 766 2653 810 suae
2706 751 3150 810 monumentis
3205 750 3563 816 historiae,
3626 751 3700 807 et
3733 749 3814 805 si-

693 860 897 927 gnata
933 856 998 916 in
1032 855 1371 916 thesauris
1411 858 1803 916 memoriae?
1838 858 2004 927 Quia
2038 858 2213 916 enim
2250 874 2380 916 non
2416 874 2629 931 suam,
2668 859 2783 916 sed
2816 859 2932 918 Dei
2972 860 3036 917 in
3070 863 3413 917 aeternum
3464 855 3808 914 manentis

697 960 932 1024 dilexit
964 966 1272 1042 gloriam,
1311 969 1560 1027 idcirco
1596 969 2006 1028 mirabilium
2047 984 2319 1027 suorum
2357 969 2834 1044 sempiternam
2886 969 2948 1026 in
2984 982 3063 1025 ea
3101 967 3254 1025 fecit
3285 965 3626 1024 Dominus
3682 977 3816 1020 rne-

694 1069 998 1130 moriam.
1037 1072 1215 1131 Haec
1249 1072 1506 1133 obitum
1540 1090 1738 1132 suum
1774 1075 1964 1148 longe
2000 1079 2153 1132 ante
2188 1074 2596 1148 praescienS,
2649 1077 2715 1131 et
2749 1073 3095 1133 sororibus
3140 1071 3565 1147 praedicens,
3627 1083 3803 1126 anno

698 1169 1027 1235 incarnati
1083 1176 1202 1235 Dni
1257 1177 1409 1237 CII).
1463 1177 1529 1237 C.
1582 1177 1817 1237 LXXX.
1855 1177 1900 1236 Ι.
1955 1177 2079 1237 XV.
2142 1178 2239 1237 Kl.
2292 1176 2602 1236 Octobris
2661 1176 2743 1235 ad
2794 1193 3117 1252 sponsum
3185 1177 3550 1236 coelestem
3621 1171 3807 1230 felici

697 1278 989 1338 transitu
1025 1280 1358 1355 migravit.
1410 1281 1532 1353 Qui
1582 1281 1813 1356 quanti
1864 1282 2086 1341 meriti
2140 1281 2312 1356 apud
2349 1298 2421 1340 se
2471 1287 2704 1341 sancta
2739 1282 2930 1356 virgo
2970 1280 3194 1353 fuerit,
3232 1279 3449 1338 effusa
3499 1281 3658 1337 tota
3692 1292 3807 1334 no-

698 1387 805 1440 cte
839 1383 1090 1458 ingenti
1138 1388 1206 1445 et
1252 1388 1633 1446 coruscanti
1684 1387 1831 1445 luce
1880 1402 2083 1460 super
2131 1386 2591 1446 habitaculum
2641 1387 2786 1462 ejus
2821 1386 3168 1444 evidenter
3214 1384 3624 1444 declaravit.
3664 1380 3808 1440 Duo

696 1501 859 1545 vero
894 1485 1221 1563 homineS,
1261 1491 1373 1565 qui
1409 1507 1653 1567 corpus
1704 1495 2004 1551 sanctum
2043 1508 2162 1568 spe
2196 1492 2368 1552 bona
2418 1495 2690 1567 tangere
2734 1496 3357 1566 praesumpserunt,
3394 1489 3481 1548 ab
3517 1485 3810 1546 infirmi-

701 1589 956 1649 tatibus
1011 1592 1257 1668 quibus
1305 1594 1419 1654 diu
1470 1596 1895 1672 languebant,
1951 1597 2130 1656 illico
2177 1597 2679 1656 convaluerunt.
2732 1596 3090 1655 Praeterea
3140 1595 3205 1654 in
3240 1595 3386 1653 loco
3421 1609 3559 1668 quo
3600 1604 3803 1649 vene-

699 1693 1005 1755 rabiliter
1036 1713 1075 1755 a
1109 1700 1494 1758 reverendis
1527 1701 1694 1761 viris
1727 1706 1833 1760 est
1882 1703 2168 1778 sepulta,
2208 1702 2468 1762 meritis
2503 1701 2650 1776 ejus
2686 1701 2996 1760 omnibus
3030 1701 3140 1775 pio
3174 1699 3373 1759 corde
3407 1696 3799 1775 quaerenti·

697 1797 825 1858 bus
859 1808 1286 1875 praestantur
1313 1806 1630 1866 beneficia
1666 1809 1898 1881 multa,
1937 1808 2015 1867 ad
2047 1808 2310 1868 laudem
2346 1815 2412 1867 et
2439 1809 2723 1883 gloriam
2755 1808 3018 1868 Domini
3051 1809 3277 1868 Nostri
3307 1806 3465 1867 Jesu
3501 1803 3795 1871 Christi,

699 1904 815 1979 qui
851 1920 998 1965 cum
1034 1907 1167 1967 Deo
1202 1909 1398 1969 Patre
1432 1916 1498 1970 et
1531 1910 1781 1987 Spiritu
1815 1911 2054 1971 Sancto
2091 1912 2256 1971 vivit
2289 1915 2355 1971 et
2391 1918 2627 1987 regnat
2657 1911 2861 1983 DeuS,
2898 1926 3019 1988 per
3051 1912 3274 1972 omnia
3323 1906 3605 1968 saecula
3654 1920 3798 1964 sae-

701 2008 1026 2070 culorum.
1065 2012 1290 2072 Amen.

2102 2201 2393 2274 XXXI.

1021 2409 1311 2467 Litterae
1345 2426 1506 2485 quas
1549 2407 1946 2467 Villarenses
1974 2416 2121 2485 post
2159 2409 2404 2468 obitum
2436 2410 2712 2468 domnae
2747 2415 3009 2467 nostrae
3046 2408 3468 2485 Hildeqardis

1889 2515 1976 2573 ad
2007 2532 2125 2574 nos
2157 2518 2510 2575 miserunt.
2544 2510 2589 2592 ¹)

703 2683 1051 2742 villarenses
1076 2687 1423 2743 monialibus
1448 2694 1628 2743 matre
1654 2686 1868 2743 orbatis
1906 2688 2107 2745 solatia
2145 2703 2411 2761 perquam
2452 2703 2684 2743 amoena
2722 2686 2983 2750 mittunt.
3024 2683 3345 2754 iterumque
3383 2683 3453 2739 de
3494 2682 3667 2739 libris
3706 2682 3783 2737 iu-

775 2770 1016 2842 quirunt
1041 2778 1099 2827 et
1123 2771 1191 2827 de
1216 2772 1666 2842 quaestionibus.

2105 2964 2158 3001 a.
2201 2948 2373 3001 1181.

789 3132 1168 3209 Religiosae
1199 3133 1484 3196 famulae
1513 3137 1763 3197 Christi
1788 3138 1818 3197 J
1827 3130 2099 3223 [uttae],
2118 3138 2468 3197 vocatione
2496 3137 2722 3197 divina
2749 3137 3133 3197 abbatissae
3159 3137 3241 3196 de
3268 3138 3523 3213 Bingis,
3554 3143 3623 3197 et
3651 3138 3783 3196 uni-

698 3239 920 3300 versis
952 3241 1096 3315 ejus
1131 3242 1500 3317 sororibuS,
1537 3243 1824 3302 ecclesia
1858 3243 1939 3301 de
1972 3242 2228 3315 Villari,
2267 3241 2584 3300 Paracliti
2619 3241 3162 3301 consolationem.

788 3344 856 3403 Si
903 3345 1193 3403 transitu
1243 3346 1646 3405 reverendae
1681 3347 1919 3405 matris
1953 3352 2221 3404 vestrae
2252 3341 2301 3423 ²)
2340 3344 2764 3419 Hildegardis
2799 3345 3000 3405 corda
3034 3352 3264 3405 vestra
3312 3347 3583 3406 turbata
3634 3351 3776 3406 sunt

699 3449 1038 3511 affectioni
1072 3458 1336 3512 vestrae
1370 3453 1658 3512 dulciter
1690 3458 1795 3512 est
1829 3452 2326 3527 ignoscendum:
2379 3453 2436 3512 si
2470 3452 2552 3511 de
2588 3455 2800 3513 morte
2826 3451 2971 3528 ejus
3006 3452 3235 3512 dolore
3269 3453 3583 3528 perculsa
3610 3454 3778 3520 sunt,

700 3554 1101 3614 desolationi
1136 3562 1404 3616 vestrae
1440 3556 1970 3616 misericorditer
2003 3561 2108 3615 est
2141 3556 2645 3616 condolendum.
2683 3558 2837 3631 Ipsa
2869 3561 2971 3616 est
3004 3557 3181 3616 enim
3209 3571 3381 3632 quae
3406 3555 3709 3630 exemplo
3730 3547 3773 3629 ⁸)

700 3657 1080 3716 sanctitatis
1115 3674 1236 3718 vos
1270 3675 1496 3719 coram
1529 3659 1806 3719 Domino
1844 3660 2307 3734 praecedebat,
2346 3661 2621 3720 monitis
2669 3660 3049 3736 praecipuis
3097 3666 3164 3722 et
3207 3659 3594 3720 orationum
3645 3673 3784 3717 sua-

701 3776 853 3821 rum
886 3761 1229 3837 suffragiis
1263 3764 1346 3823 ab
1382 3764 1881 3824 imminentibus
1916 3765 2135 3837 maliS,
2187 3764 2270 3824 ab
2320 3764 2596 3824 incursu
2641 3770 2708 3824 et
2755 3765 3106 3824 daemonio
3156 3764 3527 3823 meridiano
3566 3767 3783 3837 poten·
3867 3764 3875 3775 ’

702 3864 964 3926 tissime
999 3866 1416 3927 defendebat.

788 3969 953 4029 Vere
988 3971 1439 4046 magnificavit
1471 3971 1790 4032 Dominus
1828 3972 2048 4032 facere
2084 3974 2454 4048 vobiscum,
2494 3975 2606 4051 qui
2642 3975 2842 4033 talem
2880 3991 2955 4033 ac
2994 3976 3245 4034 tantam
3282 3974 3679 4049 magistram
3714 3973 3771 4030 in

695 4073 839 4134 vita
886 4080 953 4134 et
1002 4080 1215 4136 morte
1263 4077 1454 4136 vobis
1505 4092 1628 4136 sua
1674 4077 2057 4153 dignatione
2105 4078 2403 4151 donavit,
2457 4094 2626 4154 quae
2676 4080 2910 4137 vivens
2960 4080 3025 4138 in
3058 4094 3258 4137 carne
3309 4078 3634 4136 maternis
3673 4091 3778 4133 vos

699 4177 1023 4238 uberibus
1071 4180 1427 4256 diligenter
1473 4181 1817 4256 enutrivit,
1870 4188 1937 4241 et
1984 4182 2068 4240 ad
2118 4182 2623 4241 benevolentiae
2669 4187 2737 4241 et
2784 4181 3166 4241 dilectionis
3219 4182 3566 4250 indicium,
3616 4182 3781 4239 sicut

700 4281 1113 4343 desideravit
1145 4287 1212 4345 et
1244 4286 1479 4361 voluit,
1519 4286 1691 4345 inter
1724 4303 1845 4345 vos
1880 4286 2140 4361 accepit
2175 4287 2465 4345 loculum
2517 4287 2924 4362 sepulturae.
2978 4285 3227 4344 Rarum
3264 4291 3446 4343 certe
3479 4291 3546 4342 et
3596 4282 3777 4343 vobis

701 4387 950 4448 factum
999 4389 1276 4453 esthoc
1325 4390 1517 4450 vobis
1568 4393 1831 4467 signum
1883 4392 1950 4450 in
1998 4391 2266 4464 bonum,
2315 4390 2491 4465 quod
2542 4394 2656 4450 aut
2688 4390 2821 4449 Deo
2858 4390 3117 4463 placeat
3152 4388 3340 4447 locus
3377 4394 3622 4461 vester,
3675 4393 3779 4446 aut

693 4496 1017 4573 placitum
1069 4498 1286 4558 facere
1334 4500 1464 4560 sibi
1516 4501 1697 4573 velit3
1751 4516 1947 4576 quem
1979 4515 2103 4574 per
2155 4505 2287 4557 tarn
2338 4498 2786 4557 venerabilem
2835 4503 3119 4556 matrem
3170 4511 3295 4554 sua
3342 4494 3772 4569 dispositione

699 4602 1028 4680 fundavit,
1066 4611 1131 4664 et
1165 4605 1244 4665 de
1281 4613 1587 4684 respectu
1623 4625 1744 4667 suo
1778 4614 1844 4667 et
1877 4606 2335 4666 consolatione
2376 4605 2436 4663 in
2474 4606 2860 4681 sepulturae
2894 4604 3039 4679 ejus
3075 4603 3325 4679 pietate
3359 4602 3677 4677 signavit.

791 4704 858 4765 Si
893 4707 1099 4784 igitur
1147 4711 1428 4787 diligitis
1462 4730 1634 4789 eam,
1674 4713 2144 4772 sanctissimae
2178 4712 2323 4786 ejus
2358 4713 2619 4771 animae
2652 4712 3088 4786 congaudete,
3136 4711 3294 4787 quia
3326 4709 3408 4768 de
3442 4710 3675 4768 labore
3711 4704 3779 4766 ad

701 4815 1026 4892 requiem,
1063 4815 1144 4874 de
1180 4825 1393 4876 morte
1442 4818 1524 4877 ad
1574 4820 1805 4892 vitam,
1858 4817 1938 4876 de
1989 4816 2230 4876 mundo
2269 4816 2580 4874 transivit
2616 4815 2697 4874 ad
2748 4816 3036 4887 Patrem,
3073 4814 3188 4873 ubi
3225 4815 3528 4888 ingressa
3579 4813 3645 4871 in
3680 4827 3780 4887 po-

776 5034 820 5101 ¹)
847 5035 1211 5092 Revertimur
1246 5035 1312 5091 ad
1351 5036 1621 5107 majorem
1661 5034 1908 5091 codicem
1948 5034 2206 5091 Wiesba-
2294 5034 2594 5105 scriptum,
2635 5038 2692 5089 et
2741 5037 2873 5087 ante
2912 5029 3131 5087 cantica
3173 5029 3414 5085 subinde
3451 5027 3684 5084 edenda.
3726 5056 3779 5066 —-

704 5120 966 5187 densem,
1025 5121 1086 5178 in
1129 5139 1243 5195 quo
1286 5122 1525 5196 epistola
1589 5121 1997 5179 villarensium
2043 5127 2202 5177 extra
2289 5125 2334 5189 2)
2373 5123 2676 5179 obstinate
2715 5121 2774 5177 in
2814 5119 3132 5193 apographo
3159 5117 3279 5174 cod.
3306 5118 3520 5187 legitur
3554 5122 3780 5175 nostrae,

704 5210 889 5267 locum
915 5213 1064 5283 jacet
1106 5219 1229 5284 post
1265 5214 1600 5285 opusculum
1643 5212 1864 5283 Lingua
1891 5215 2080 5283 ignota
2121 5209 2203 5265 in·
2294 5208 2387 5265 hic
2416 5213 2471 5264 ct
2499 5207 2657 5263 alibi.
2782 5206 2826 5273 ³)
2853 5211 3150 5278 exemplum
3175 5202 3296 5260 cod.
