4036 6117
767 486 899 547 386
1921 502 1973 544 s.
2028 497 2576 547 nxnnssoanots

705 634 844 676 rem
893 618 1311 693 compositis,
1368 617 1430 676 in
1479 616 1775 677 Ecclesia
1825 618 2090 692 publice
2152 618 2498 681 decantari
2547 617 2725 680 facit.
2754 611 2802 697 ¹)
2851 618 3012 691 Quis
3046 619 3295 679 similia
3340 618 3448 678 his
3483 629 3761 694 unquam

707 722 789 781 de
824 722 956 781 alia
989 722 1232 798 quavis
1269 720 1510 780 semina
1545 720 1837 781 audivit?

793 844 822 880 ι
855 824 1022 896 Quid
1051 822 1228 900 quod
1264 823 1642 883 liberalium
1677 823 1922 884 artium
1959 825 2219 901 ignara,
2255 840 2377 886 nec
2409 841 2824 902 cognoscens
2866 825 3245 886 litterarum
3290 823 3629 896 videlicet,
3661 835 3774 881 nee

697 919 1137 1011 [dictionum]
1171 925 1621 1002 differentiae,
1671 941 1794 986 nec
1826 930 2304 990 consonantias
2336 945 2641 1003 casuum,
2676 929 3065 1005 figurarum,
3101 942 3445 1005 generum,
3479 939 3778 985 numero-

700 1049 880 1103 rum,
932 1032 1291 1108 graduum,
1343 1031 1451 1091 vel
1482 1037 1902 1091 caeterorum
1953 1032 2337 1109 hujusmodi
2371 1033 2589 1094 sciens
2622 1033 3028 1106 discernere,
3064 1038 3250 1092 tanto
3283 1031 3630 1091 doctrinae
3663 1026 3778 1087 ful⁴

700 1144 814 1215 get
845 1139 1227 1216 privilegio,
1265 1144 1652 1215 tantamque
1676 1137 2175 1214 Scripturarum
2211 1141 2506 1215 possidet
2536 1140 3077 1215 intelligentiam,
3116 1142 3191 1198 ut
3222 1139 3400 1198 sicut
3432 1137 3513 1196 de
3546 1135 3782 1196 beatis-

702 1245 873 1302 simo
907 1244 1155 1319 legitur
1200 1243 1505 1317 Martino‚
1545 1245 1612 1303 in
1664 1242 2005 1304 solvendis
2038 1260 2269 1304 earum
2318 1244 2827 1322 quaestionibus
2859 1249 3168 1320 prompta
3211 1249 3280 1303 et
3314 1240 3557 1317 faciliS,
3607 1247 3675 1301 et
3720 1241 3781 1300 in

709 1347 1048 1406 communi
1080 1344 1622 1407 confabulatione
1670 1346 1906 1406 efficax
1939 1353 2007 1407 et
2042 1348 2290 1408 alacris
2325 1348 2676 1423 habeatur,
2715 1354 2947 1423 parata
2982 1363 3250 1424 semper
3279 1348 3609 1407 rationem
3645 1344 3782 1405 red·

702 1455 900 1530 dere,
952 1455 1032 1513 de
1065 1455 1598 1532 quibuscumque
1633 1456 1956 1533 inquisita
1991 1453 2215 1515 fuerit.

798 1578 829 1616 ‹
867 1558 1000 1618 Nec
1030 1574 1190 1618 vero
1224 1559 1426 1634 istud,
1465 1565 1539 1618 ut
1572 1560 1765 1634 licet,
1819 1558 1883 1618 id
1917 1565 2024 1619 est
2074 1560 2372 1634 improbe
2403 1565 2471 1621 et
2504 1560 2918 1634 petulanter,
2974 1556 3195 1619 facere
3241 1559 3621 1632 consuevit;
3674 1554 3784 1616 sed

667 1673 680 1687 ·
702 1664 858 1723 dum
894 1663 1147 1739 aliquid
1179 1663 1265 1723 ab
1311 1677 1392 1722 ea
1439 1663 1811 1740 quaeritur,
1861 1664 1917 1723 si
1952 1662 2153 1723 habet
2188 1664 2255 1723 in
2288 1670 2601 1740 promptu
2635 1664 2795 1741 quid
2845 1664 3268 1741 respondeat,
3317 1665 3575 1740 absque
3605 1677 3787 1722 mora

701 1775 771 1828 et
803 1766 1029 1844 typhe,
1064 1765 1115 1844 ²)
1166 1767 1345 1843 quod
1392 1768 1455 1826 ei
1504 1767 1892 1840 instillatur,
1943 1767 2426 1843 quaerentibus
2476 1766 2791 1841 refundit3
2846 1769 2904 1826 si
2952 1783 3110 1838 non,
3147 1766 3233 1827 ab
3264 1782 3344 1826 eo
3390 1767 3507 1842 qui
3544 1764 3792 1825 revelat

707 1872 1050 1946 mysteria,
1103 1870 1250 1931 utili
1297 1870 1615 1930 dilatione
1663 1878 1732 1931 et
1779 1870 2018 1930 humili
2050 1871 2427 1945 devotione,
2480 1871 2651 1933 unde
2698 1873 2953 1932 incerta
3001 1878 3129 1947 est,
3181 1887 3300 1931 seu
3333 1871 3513 1948 quod
3555 1870 3787 1945 nescit,

708 1980 837 2039 sibi
886 1980 1134 2055 aperiri
1182 1979 1505 2056 deposcit;
1539 1985 1608 2039 et
1639 1995 1793 2038 cum
1825 1977 1910 2038 ab
1941 1978 2089 2055 ejus
2124 1980 2458 2055 largitate,
2496 1981 2611 2057 qui
2645 1995 2799 2040 cum
2833 1981 2998 2054 vult,
3034 1987 3103 2041 et
3137 1981 3250 2041 ubi
3283 1981 3452 2054 vult,
3488 1985 3558 2041 et
3590 1995 3792 2056 quan-

707 2095 846 2146 tum
882 2086 1048 2160 vult,
1086 2085 1366 2161 aspirat,
1416 2082 1592 2161 quod
1628 2083 1827 2158 petit,
1862 2083 2130 2159 accipit,
2183 2085 2445 2160 copiam
2481 2083 2779 2145 indultae
2826 2085 2958 2146 sibi
3003 2084 3492 2145 benedictionis
3541 2083 3794 2160 absque

710 2189 959 2248 invidia
992 2191 1061 2248 et
1094 2190 1498 2248 retractione
1539 2186 1960 2261 exigentibus
1994 2202 2235 2247 secura
2283 2189 2749 2248 communicat.
2801 2189 2875 2248 In
2924 2188 3090 2249 haec
3136 2189 3330 2264 plane
3378 2187 3574 2248 nobis
3624 2189 3796 2247 lucet

709 2294 886 2370 quod
935 2293 1172 2353 beatus
1207 2292 1371 2352 dicit
1412 2291 1797 2366 GregoriuS,
1848 2290 2006 2367 quia
2043 2291 2187 2365 lege
2235 2307 2364 2351 non
2412 2292 2770 2367 stringitur
2813 2291 3061 2352 donum
3108 2292 3397 2368 Spiritus
3429 2291 3681 2352 Sancti.
3724 2290 3798 2351 Et

716 2400 954 2478 merito
989 2415 1168 2458 sane:
1203 2397 1541 2474 quoniam,
1576 2394 1734 2454 dum
1767 2410 1888 2454 nec
1920 2394 2006 2454 ab
2040 2409 2171 2453 uno
2204 2393 2412 2454 dividi
2438 2388 2488 2473 ⁸)
2523 2410 2643 2470 per
2674 2395 2957 2455 alterius
2991 2410 3311 2472 amorem,
3339 2411 3461 2455 nec
3494 2396 3630 2471 legi
3667 2395 3803 2456 alli-

717 2507 884 2582 gari,
921 2507 1104 2565 velut
1137 2503 1453 2581 potestati
1501 2501 1632 2561 viri
1666 2516 1786 2577 per
1815 2500 2125 2576 copulam
2161 2499 2403 2575 subjici
2436 2502 2713 2577 patitur,
2752 2502 2818 2561 in
2850 2503 3231 2562 libertatem
3281 2500 3564 2577 spiritus
3612 2514 3804 2560 voca-

719 2619 810 2685 ta,
846 2617 914 2670 et
945 2611 1044 2670 illi
1077 2610 1192 2669 uni
1227 2624 1370 2685 suo,
1408 2609 1516 2668 cui
1551 2622 1624 2667 se
1657 2607 1992 2682 probavit,
2023 2605 2264 2681 cuique
2290 2613 2524 2667 sanata
2557 2623 2839 2684 corpore
2872 2610 2940 2669 et
2974 2610 3218 2685 spiritu
3251 2608 3517 2684 placere
3548 2606 3806 2668 deside-

717 2718 841 2790 rat,
880 2713 1075 2775 fidem
1111 2728 1413 2786 servans,
1451 2711 1769 2771 mulieres
1802 2715 2104 2769 caeteras
2137 2725 2308 2786 quae
2340 2710 2750 2788 nuptialibus
2783 2718 3178 2789 premuntur
3209 2711 3548 2784 oneribus,
3579 2726 3806 2786 super·

715 2819 1036 2898 greditur.

811 2947 842 2985 ‹
881 2926 1223 2985 Mulierem
1260 2923 1324 2982 in
1355 2921 1656 2981 Ecclesia
1686 2919 1927 2980 docere
1959 2935 2091 2979 non
2122 2920 2451 2995 permittit
2476 2922 2858 2996 Apostolus,
2893 2920 3019 2982 Sed
3055 2922 3219 2983 haec
3254 2938 3371 2999 per
3403 2922 3807 2998 assumptio·

721 3047 869 3092 nem
901 3028 1191 3107 Spiritus
1223 3025 1307 3088 ab
1340 3026 1465 3087 hac
1498 3024 1874 3086 conditione
1921 3024 2166 3099 soluta,
2216 3026 2284 3085 et
2317 3039 2435 3101 per
2479 3025 2624 3101 eJus
2672 3027 3137 3102 magisterium
3168 3025 3457 3104 erudita,
3505 3027 3713 3088 corde
3744 3026 3804 3086 in

721 3136 1051 3214 sapientia
1101 3134 1372 3211 propria
1419 3131 1654 3192 didicit
1701 3129 2135 3206 experientia,
2186 3130 2363 3206 quod
2413 3130 2739 3205 scriptum
2777 3109 2913 3193 ⁸est:
2964 3134 3214 3193 Beatus
3260 3136 3447 3194 homo
3493 3152 3695 3211 quem
3735 3139 3804 3191 tu

717 3241 1068 3313 erudieriS‚
1108 3240 1409 3312 Domine,
1460 3243 1522 3296 et
1572 3236 1652 3295 de
1703 3236 1841 3312 leqe
1889 3241 2009 3294 tua
2056 3234 2358 3293 docueris
2389 3253 2562 3295 eum.
2595 3230 2645 3313 ‘)
2694 3235 2774 3295 Et
2821 3237 2880 3296 si
2932 3238 3243 3314 imperita
3289 3255 3629 3314 sermone,
3691 3236 3801 3299 sed

716 3361 847 3404 non
882 3344 1185 3415 scientia,
1223 3342 1289 3401 in
1335 3341 1640 3401 doctrina
1689 3355 1812 3399 sua
1861 3355 2046 3411 sana,
2082 3354 2213 3414 qua
2251 3338 2499 3398 multos
2534 3339 2830 3414 instruit,
2879 3341 2983 3400 lac
3013 3342 3494 3404 consolationis
3527 3342 3811 3404 rudibus

718 3456 786 3510 et
835 3450 1057 3508 vinum
1108 3446 1554 3521 correptionis
1605 3442 2023 3516 fortioribuS,
2075 3443 2272 3518 quasi
2319 3443 2581 3503 duobus
2629 3443 2984 3505 affluenter
3032 3445 3250 3507 fundit
3278 3449 3627 3509 uberibus,
3686 3448 3805 3509 Sed

718 3553 1030 3632 quamvis
1078 3568 1227 3611 eam
1277 3550 1558 3610 interius
1609 3549 1833 3608 unctio
1882 3548 2206 3622 magistra
2256 3546 2492 3607 doceat
2537 3546 2622 3607 de
2667 3549 3002 3624 omnibus,
3048 3551 3452 3628 Jubeatque,
3504 3554 3686 3614 sicut
3740 3554 3803 3613 in

722 3658 996 3732 scriptis
1027 3656 1174 3730 ejus
1211 3653 1566 3727 invenitur,
1603 3658 1677 3711 ut
1709 3667 1788 3712 ea
1820 3667 1991 3728 quae
2038 3652 2099 3710 ei
2149 3651 2451 3726 suggerit
2500 3652 2565 3710 in
2598 3652 2891 3723 occulte,
2924 3653 3324 3715 fiducialiter
3358 3656 3442 3716 ad
3476 3657 3810 3719 instruen-

718 3762 842 3821 dos
877 3760 1218 3820 auditores
1266 3755 1566 3834 proferat
1612 3755 1681 3816 in
1714 3761 1970 3833 apert0‚
2023 3770 2278 3815 memor
2323 3761 2545 3815 tamen
2577 3762 2645 3816 et
2678 3772 2875 3817 sexus
2908 3764 2976 3818 et
3018 3759 3421 3821 conditionis
3468 3765 3803 3841 propriae,

719 3874 786 3925 et
824 3865 1106 3925 maxime
1154 3859 1536 3939 praedictae
1587 3859 2097 3933 interdictioni8‚
2148 3865 2341 3935 paret
2386 3859 2685 3936 Spiritui,
2735 3877 2954 3938 neque
2995 3879 3195 3939 quem
3233 3864 3528 3942 Spiritus
3571 3869 3804 3943 mittit,

721 3972 950 4033 obviat
998 3970 1345 4046 ApostoIO,
1399 3968 1589 4027 libris
1638 3968 1707 4026 et
1753 3964 2203 4037 sermonibuS‚
2256 3963 2407 4024 fidei
2454 3964 2828 4025 catholicae
2862 3982 2984 4043 per
3014 3969 3236 4030 omnia
3269 3972 3610 4043 consoniS‚
3662 3990 3810 4034 eru-

721 4077 912 4136 diens
943 4074 1336 4147 Ecclesiam,
1388 4087 1508 4132 nec
1555 4078 1778 4132 tamen
1805 4084 1990 4130 more
2022 4061 2069 4147 ⁵)
2098 4083 2330 4128 eorum
2364 4069 2478 4145 qui
2512 4067 2989 4130 declamatorie
3023 4073 3204 4151 loqui
3240 4076 3460 4137 solent
3491 4078 3573 4137 ad
3608 4096 3812 4157 popu-

728 4185 893 4256 lum,
923 4181 1267 4241 disserens
1302 4180 1367 4239 in
1398 4178 1718 4238 Ecclesia.

818 4306 851 4344 ‹
881 4286 1192 4346 Mulieres
1220 4284 1446 4345 itidem
1477 4285 1698 4360 capita
1733 4282 1957 4341 velare
1978 4279 2170 4355 Jubet
2194 4279 2582 4356 Apostolus,
2608 4275 2657 4360 ⁶)
2684 4286 2826 4340 tum
2852 4286 3126 4360 propter
3157 4285 3580 4351 honestatem
3614 4291 3814 4353 disci·

727 4393 970 4468 plinae,
1009 4395 1147 4450 tum
1184 4396 1459 4466 propter
1491 4386 2135 4448 commendationem
2184 4382 2472 4459 alicujus
2507 4383 2946 4460 subjectionis
2990 4387 3278 4452 debitae.
3310 4392 3471 4469 Ista,
3506 4396 3640 4456 etsi
3690 4414 3817 4459 non

726 4500 809 4560 ab
858 4497 1059 4571 omni,
1110 4497 1196 4556 ab
1243 4512 1322 4556 eo
1357 4503 1579 4556 tamen
1612 4510 1744 4571 quo
1777 4497 2026 4569 nuptae
2074 4489 2498 4550 obducuntur
2545 4492 2875 4553 velamine
2905 4496 3237 4573 expedita,
3273 4500 3675 4564 muliebrem
3710 4504 3816 4565 de-

724 4606 1139 4685 pressionem
1178 4604 1531 4664 altitudine
1580 4603 1793 4662 multa
1843 4598 2361 4673 transcenderit;
2412 4604 2480 4658 et
2527 4615 2656 4659 non
2703 4603 3181 4681 quorumlibet,
3232 4606 3350 4668 sed
3401 4625 3818 4673 summorum

727 4712 1126 4773 eminentiae
1150 4710 1198 4788 ⁷)
1228 4714 1616 4784 comparata
1643 4709 1971 4776 virorum,
2004 4704 2301 4765 revelata
2336 4703 2505 4764 facie
2538 4706 2821 4781 gloriam
2846 4706 3108 4769 Domini
3141 4713 3521 4791 speculans,
3551 4715 3619 4776 in
3642 4732 3817 4777 eam-

719 4818 868 4877 dem
903 4815 1421 4875 transsormatur
1455 4814 1838 4889 imaginem,
1867 4828 1907 4871 a
1933 4811 2241 4870 claritate
2280 4810 2345 4867 in
2371 4809 2773 4885 claritatem,
2808 4817 3152 4891 tamquam
3187 4834 3224 4877 a
3254 4815 3516 4881 Domini
3542 4820 3813 4899 Spiritu.

801 5049 842 5105 ¹)
890 5049 1028 5103 Nota
1076 5049 1465 5104 testimonium
1513 5049 1583 5106 de
1620 5049 1850 5121 publico
1888 5063 1993 5103 usu
2043 5046 2223 5103 canti·
2311 5050 2434 5102 vini
2460 5046 2540 5103 id.
2569 5048 2778 5119 inepte.
2809 5079 2877 5089 -
2903 5050 2948 5115 ⁴)
2975 5050 3070 5107 Ps.
3115 5052 3318 5118 xcm,
3353 5061 3433 5113 12.
3478 5090 3543 5100 -·-
3570 5060 3615 5124 ὅ)
3641 5065 3705 5115 in
3728 5079 3819 5116 ore

728 5148 923 5188 corum
966 5132 1109 5188 infra
1151 5135 1453 5192 editorum.
1587 5140 1633 5202 ²)
1661 5146 1785 5212 typo
1811 5139 1932 5195 cod.
2069 5137 2111 5206 ⁸)
2140 5141 2223 5195 di·
2313 5148 2503 5205 89081'·
2535 5165 2600 5173 -
2625 5136 2671 5202 6)
2701 5136 2742 5190 1·
2775 5134 2898 5193 C0¹⁵·
2930 5137 3034 5202 xl»
3064 5142 3115 5195 ⁶·
3141 5170 3209 5179 -
3233 5140 3278 5209 ²)
3303 5146 3595 5202 eminentia
3619 5145 3750 5203 cod.
