4036 6117
1334 494 1807 542 EPISTOLARUM
1857 494 2044 542 ΝονΑ
2093 493 2341 542 sit-nme.
3188 481 3317 542 543

295 636 374 683 tie
409 627 473 683 et
508 623 862 684 oblivione.
903 623 1107 685 Video
1143 641 1407 699 quoque
1445 624 1511 683 in
1545 624 1766 683 anima
1800 630 1916 684 tua
1961 629 2028 683 et
2065 624 2130 682 in
2163 624 2323 683 ovili
2376 630 2488 683 tuo
2526 622 2744 699 ignem
2793 639 2925 683 non
2961 628 3231 684 strenue
3281 642 3389 685 ar-

295 732 474 791 dere.
525 732 647 791 Sed
684 732 874 791 dicis:
925 732 1038 790 Eis
1074 731 1393 790 resistere
1443 747 1571 789 non
1607 747 1905 806 possum.
1955 731 2035 790 Et
2070 732 2162 789 ita
2214 737 2501 790 mentem
2544 737 2725 791 tuam
2776 733 2970 808 ponis
3004 732 3189 791 velut
3234 731 3387 791 dor-

296 836 485 894 mias.
535 835 676 895 Non
712 836 810 894 sic
844 836 992 895 erit.
1045 834 1170 894 Sed
1203 835 1345 894 dies
1382 835 1622 893 salutis
1660 836 1723 892 in
1757 840 1821 892 te
1858 834 2188 908 splendet,
2240 836 2397 910 quia
2430 835 2607 895 Deus
2638 836 2829 911 juvat
2864 842 2929 895 te
2980 837 3045 894 in
3075 836 3253 895 omni
3290 851 3383 909 re,

297 939 474 1013 quod
525 955 644 1014 per
691 956 846 999 eum
895 940 1292 1015 incoeperis
1347 938 1508 1008 Quia
1561 954 1791 997 omnes
1842 945 2191 997 creaturas
2228 938 2571 1012 produxit,
2623 942 2688 998 et
2721 954 2836 997 eas
2890 939 2953 997 in
2988 955 3060 997 se
3094 940 3391 998 nomina-

296 1042 417 1115 vit,
455 1049 528 1101 ut
564 1043 627 1102 in
660 1043 1031 1105 novissimo
1064 1042 1172 1102 die
1208 1045 1430 1102 omnia
1467 1043 1548 1101 ad
1586 1059 1657 1101 se
1692 1042 1986 1118 colligat.
2017 1043 2245 1103 Faciat
2274 1044 2335 1102 in
2365 1049 2431 1102 te
2468 1043 2687 1117 ignem
2724 1043 3094 1103 fortissime
3129 1044 3385 1104 ardere.

1667 1246 2016 1309 LXXXIV.
2114 1315 2123 1319 ,

1411 1459 1796 1521 Hildenrico
1831 1461 2273 1536 HildeqardiS.
2306 1490 2314 1497 ·

375 1662 668 1734 Serpentis
694 1661 1067 1718 calliditatem
1099 1662 1158 1717 in
1189 1661 1606 1718 tentationibus
1633 1660 1937 1731 significat.

393 1801 786 1861 Sollicitudo
828 1810 939 1860 tua
976 1802 1334 1877 ligaturam
1387 1802 1623 1877 habet,
1675 1818 1873 1878 quam
1924 1802 2100 1862 Deus
2149 1818 2269 1879 per
2319 1803 2853 1864 misericordiam
2910 1822 3099 1867 suam
3153 1809 3391 1868 solvet.

303 1905 613 1964 Attamen
648 1906 1188 1980 contemptibiles
1222 1914 1289 1966 et
1324 1907 1585 1982 tepidos
1613 1922 1835 1966 mores
1874 1905 2050 1982 fuge,
2079 1922 2161 1966 ne
2197 1907 2263 1966 in
2289 1909 2674 1983 serpentina
2708 1910 3067 1969 dolositate
3096 1909 3236 1989 (fol.
3278 1910 3390 1991 76)

306 2010 693 2084 inveniaris,
746 2010 905 2085 quia
940 2026 1217 2086 serpens
1269 2010 1602 2070 interdum
1637 2011 1983 2084 amplexus
2032 2009 2256 2085 habet,
2295 2010 2631 2070 interdum
2666 2014 2921 2087 oscula,
2958 2018 3026 2074 et
3059 2014 3389 2075 interdum

299 2114 740 2188 direptioneS,
778 2120 978 2190 atque
1016 2114 1401 2190 frequenter
1435 2113 1633 2174 sibila
1671 2113 1855 2188 facit,
1906 2118 1982 2172 ut
2014 2114 2211 2174 turbo
2260 2114 2395 2174 ssat.
2444 2115 2523 2175 Et
2560 2115 2732 2175 inter
2763 2115 2928 2176 haec
2964 2117 3161 2178 fortis
3196 2120 3391 2179 miles

303 2234 566 2292 semper
608 2219 805 2278 cadit.
839 2218 1024 2278 Unde
1058 2217 1231 2277 inter
1265 2218 1430 2277 baec
1478 2218 1701 2277 omnia
1734 2217 2033 2278 custodit
2064 2222 2153 2292 te,
2191 2234 2397 2293 quum
2430 2220 2650 2295 gratia
2682 2219 2800 2279 Dei
2834 2236 2905 2281 se
2941 2238 2979 2280 a
3016 2228 3080 2281 te
3113 2238 3246 2282 non
3279 2224 3394 2283 ab·

301 2320 569 2394 strahit,
622 2322 740 2381 sed
773 2327 1010 2381 nutum
1058 2321 1140 2380 ad
1177 2327 1242 2381 te
1294 2321 1475 2397 facit,
1511 2327 1579 2382 et
1613 2338 1882 2381 manum
1918 2321 2001 2382 ad
2037 2327 2102 2381 te
2134 2322 2443 2398 porrigit,
2484 2323 2542 2381 si
2575 2324 2894 2383 volueriS.
2933 2323 3057 2385 Sed
3092 2331 3166 2385 tu
3199 2327 3392 2388 dicis:

300 2428 443 2488 Non
491 2444 790 2504 possum.
825 2428 906 2487 Et
955 2428 1373 2504 respondebo
1411 2427 1555 2487 tibi:
1606 2426 2132 2488 possibilitatem
2167 2426 2376 2487 habes
2425 2429 2637 2487 solem
2674 2429 3005 2505 inspicere
3038 2437 3105 2491 et
3140 2430 3390 2507 fugere:

301 2535 420 2594 sed
470 2535 663 2594 valde
697 2536 1066 2610 gloriosum
1115 2537 1220 2594 est
1267 2551 1420 2593 cum
1471 2534 1612 2593 sole
1645 2549 1829 2608 esse,
1880 2539 1948 2592 et
1981 2533 2232 2593 malum
2284 2534 2350 2593 in
2384 2535 2681 2594 tenebris
2715 2551 3005 2597 manere.
3043 2536 3169 2596 Sed
3200 2538 3394 2599 dicis:

303 2641 596 2699 Facilius
644 2647 750 2699 est
784 2646 857 2700 ut
905 2641 972 2699 in
1006 2639 1302 2700 tenebris
1351 2639 1478 2698 sim
1511 2654 1713 2714 quam
1766 2638 1831 2697 in
1862 2638 2032 2698 luce.
2067 2638 2149 2697 Et
2198 2638 2636 2714 respondebo:
2673 2639 3007 2700 Abstrahe
3045 2646 3110 2700 te
3142 2641 3225 2700 de
3261 2658 3399 2703 mo-

300 2750 486 2808 ribus
521 2748 953 2822 rusticorum,
990 2752 1057 2805 et
1090 2762 1240 2806 cum
1277 2744 1595 2820 gloriosis
1646 2744 1977 2804 militibus
2011 2760 2229 2820 mane,
2267 2750 2335 2804 et
2370 2750 2527 2804 tunc
2565 2745 2941 2804 mercedem
2977 2745 3152 2821 apud
3186 2745 3397 2806 Deum

304 2851 610 2926 habebiS,
662 2860 730 2910 et
780 2851 1193 2910 mansionem
1242 2865 1392 2908 cum
1444 2848 1795 2909 animabus
1848 2848 2206 2923 justorum.
2261 2849 2491 2909 Gratia
2548 2850 2725 2908 enim
2775 2848 2892 2907 Dei
2951 2854 3015 2907 te
3063 2853 3393 2925 expectat,

301 2962 504 3032 atque
540 2957 604 3015 in
640 2957 860 3014 sinum
895 2970 1115 3028 suum,
1144 2965 1218 3012 ut
1243 2954 1577 3027 volumen,
1609 2959 1673 3012 te
1702 2953 2021 3028 colligere
2054 2954 2217 3012 vult.
2254 2953 2437 3013 Unde
2473 2953 2539 3011 in
2575 2953 2715 3010 sole
2752 2967 3018 3027 semper
3054 2967 3394 3028 permane.

1703 3161 1990 3221 LXXXV.

1813 3371 1884 3429 N.

385 3580 493 3635 Pro
519 3579 750 3651 dyscolo
776 3593 889 3633 non
914 3577 1226 3650 rejiciendo
1251 3577 1602 3650 deprecatur.

398 3775 533 3834 Lux
585 3774 822 3834 vivens
856 3774 1040 3834 dicit:
1089 3774 1231 3833 Non
1264 3773 1479 3848 abjice
1514 3773 1700 3832 illum
1741 3772 1803 3831 in
1838 3772 1965 3832 hoc
2005 3778 2335 3850 tempore,
2370 3773 2617 3833 dicens:
2654 3774 2787 3834 Nos
2821 3790 3051 3834 omnes
3085 3778 3398 3839 nolumus

311 3885 384 3938 ut
435 3881 563 3939 iste
598 3894 801 3953 super
847 3894 969 3937 nos
1019 3877 1420 3950 dominetur,
1474 3876 1631 3952 quia
1683 3877 2095 3937 immundum
2138 3895 2262 3938 vas
2308 3884 2433 3938 est.
2484 3877 2609 3937 Sed
2657 3878 2834 3938 Deus
2884 3878 3070 3938 illum
3123 3881 3187 3940 in
3234 3883 3403 3943 obli-

311 3985 506 4042 vione
555 4000 685 4042 non
720 3982 939 4042 habet.
992 3980 1170 4041 Unde
1210 3985 1278 4039 tu
1330 3981 1394 4039 in
1429 3980 1553 4038 hac
1585 3980 1933 4041 voluntate
1968 3982 2266 4052 tabesce‚
2318 3982 2581 4058 quando
2629 3982 2805 4041 Deus
2854 3983 3103 4042 multos
3151 3985 3395 4066 diligit,

312 4106 484 4163 quos
519 4088 823 4147 homines
859 4087 1198 4162 spernunt.
1237 4085 1310 4142 Et
1354 4085 1413 4142 in
1451 4085 1779 4160 sapientia
1813 4084 1998 4144 disce
2027 4085 2352 4161 judicare,
2391 4093 2590 4163 atque
2629 4087 2692 4144 in
2730 4091 3076 4145 aeternum
3106 4089 3278 4150 vive.

1691 4297 2010 4357 LXXXVI.

1302 4506 1351 4565 Z
1358 4506 1589 4583 cizolfo
1621 4508 1933 4564 monacho
1969 4504 2406 4581 Hildeqard-iS.

391 4712 690 4783 Egregium
720 4711 1060 4767 monachum
1088 4707 1388 4765 confortat.

406 4850 612 4908 Video
662 4854 729 4906 te
761 4853 835 4908 ut
885 4846 1230 4923 pulchram
1282 4862 1593 4906 auroram
1633 4844 1697 4904 in
1745 4844 2063 4920 operibus
2112 4845 2269 4919 tuiS,
2321 4851 2387 4904 et
2432 4850 2504 4905 ut
2552 4845 2869 4906 dilectum
2922 4847 3153 4922 silium,
3204 4863 3405 4925 quem

315 4953 494 5014 Deus
545 4955 610 5013 in
660 4954 1016 5014 haeredem
1066 4953 1197 5012 sibi
1231 4954 1604 5013 constituit.
1653 4951 1733 5012 Et
1767 4952 1914 5012 ideo
1964 4957 2299 5013 tormenta
2350 4955 2463 5014 tua
2510 4968 2592 5013 ne
2641 4955 2911 5028 timeaS,
2964 4955 3277 5029 quoniam
3328 4963 3405 5017 ut

318 5075 554 5117 aurum
608 5058 673 5116 in
709 5057 977 5116 fornace
1027 5057 1372 5132 probatur,
1409 5062 1475 5115 et
1525 5062 1596 5115 ut
1631 5075 1668 5115 a
1716 5055 1987 5132 plumbo
2038 5061 2423 5132 separatur,
2476 5057 2571 5116 sic
2622 5064 2811 5133 pater
2860 5063 3016 5116 tuus
3050 5064 3115 5116 te
3163 5058 3404 5133 probat

317 5169 380 5222 et
417 5169 677 5238 purgat.
716 5163 807 5222 Tu
845 5178 1003 5237 ergo
1040 5162 1234 5221 vivus
1275 5161 1445 5237 lapis
1481 5178 1552 5221 es
1591 5162 1654 5220 in
1691 5160 2133 5221 Hierusalem.
