4036 6117
736 459 823 524 58
1885 478 1943 523 s.
2004 465 2544 523 anonumum

664 609 815 658 cum
850 596 1068 659 infixis
1096 597 1344 674 jaculis
1378 604 1807 673 peccatorum
1835 597 2096 656 animas
2129 597 2504 671 vulnerant,
2535 612 2687 656 cum
2720 596 2967 674 quibus
2993 595 3199 656 etiam
3234 585 3624 658 vulneribus
3649 603 3769 657 eas

661 702 1006 763 multoties
1056 702 1303 761 acriter
1335 705 1826 778 pertranseunt.
1862 700 2028 761 Nam
2061 706 2129 760 et
2175 700 2721 775 rationalitatem,
2759 715 2931 777 quae
2983 700 3048 759 in
3084 700 3251 775 ipsis
3298 706 3426 775 est,
3463 700 3546 760 ad
3591 701 3770 760 mala

660 813 994 880 evertunt,
1046 823 1123 866 ac
1155 821 1306 866 eam
1355 807 1531 866 sicut
1563 805 1860 881 gladium
1908 820 2059 864 cum
2099 803 2476 864 infidelibus
2525 804 2752 864 verbis
2801 808 3072 878 acuunt,
3114 809 3185 862 et
3232 803 3516 863 ludendo
3551 818 3629 862 ac
3671 802 3773 877 jo·—

664 908 898 985 cando,
949 908 1310 986 quamdam
1357 908 1759 984 elegantiam
1789 908 2078 981 elevant,
2118 907 2184 965 in
2221 922 2354 982 qua
2385 907 2726 982 elegantes
2760 922 2834 967 se
2881 906 3262 980 ostendunt,
3315 911 3384 964 et
3414 905 3515 964 sic
3561 904 3773 980 pluria

667 1015 814 1073 mos
847 1012 928 1073 ad
966 1027 1038 1070 se
1073 1010 1441 1085 trahente8‚
1479 1012 1740 1070 animas
1774 1011 2044 1071 illorum
2077 1011 2454 1085 vulnerant,
2490 1025 2641 1068 cum
2675 1025 2792 1070 eos
2826 1007 2951 1068 hoc
2985 1007 3180 1068 modo
3215 1007 3563 1067 seducunt.

2059 1213 2364 1277 cxxml.

750 1428 876 1501 Qui
908 1430 980 1486 in
1014 1428 1275 1488 saeculo
1301 1428 1600 1504 pleniter
1631 1444 1764 1486 non
1791 1433 2195 1504 pumuntur,
2232 1424 2604 1501 corporibus
2638 1427 2852 1499 exuti,
2880 1424 3152 1501 plenius
3185 1427 3691 1484 examinantur.

753 1637 903 1697 143.
954 1636 1080 1696 Sed
1114 1637 1229 1712 qui
1262 1636 1523 1696 animas
1558 1652 1718 1694 suas
1752 1634 1836 1694 ad
1868 1633 2079 1692 Deum
2126 1635 2386 1708 erigere
2418 1634 2675 1707 volunt,
2714 1633 2798 1693 ab
2847 1632 2954 1692 his
2986 1632 3402 1693 vanitatibus
3446 1648 3520 1692 se
3552 1634 3772 1693 conti-

663 1748 887 1818 neant,
923 1757 1045 1800 nec
1076 1756 1197 1800 cas
1243 1740 1353 1799 his
1385 1739 1777 1799 vulneribus
1811 1737 2189 1814 perniciose
2221 1738 2563 1797 vulnerari
2610 1732 3025 1813 permittant,
3060 1743 3128 1795 et
3158 1735 3240 1795 de
3285 1737 3585 1812 peccatis
3620 1739 3771 1797 suis

663 1847 822 1906 dum
854 1851 1157 1921 possunt,
1207 1844 1687 1920 poenitentiam
1720 1848 1943 1918 agant,
1990 1842 2306 1918 quoniam
2341 1842 2602 1901 animae
2651 1841 2943 1917 illorum,
2983 1842 3098 1917 qui
3134 1841 3200 1900 in
3233 1842 3502 1901 saeculo
3537 1844 3769 1918 poeni·

669 1948 946 2007 tentiam
977 1947 1320 2021 facienteS‚
1348 1946 1635 2022 pleniter
1661 1951 1883 2004 tamen
1908 1961 2037 2003 non
2062 1949 2457 2020 purgantur,
2485 1944 2642 2019 quia
2675 1942 3006 2018 corporali
3033 1947 3248 2001 morte
3272 1957 3773 2018 praeoccupan-

661 2058 792 2125 tur,
829 2051 1227 2126 corporibus
1261 2051 1406 2110 suis
1452 2056 1713 2124 exutae,
1752 2050 1820 2108 in
1850 2049 2084 2124 poenis
2125 2063 2295 2123 quas
2330 2051 2739 2121 meruerunt,
2781 2046 3357 2120 examinabuntur,
3392 2051 3467 2105 ut
3500 2046 3770 2121 praedi-

659 2160 842 2213 ctum
898 2160 1021 2214 est.
1075 2155 1252 2214 Haec
1301 2160 1524 2214 autem
1571 2154 1653 2213 de
1710 2152 2195 2228 poenitentium
2242 2150 2595 2210 animabus
2650 2149 3017 2226 purgandis
3063 2155 3129 2208 et
3185 2149 3528 2210 salvandis
3575 2150 3764 2212 dicta

659 2262 836 2332 sunt,
886 2263 953 2316 et
1000 2257 1222 2317 fidelia
1279 2265 1456 2332 sunt;
1508 2264 1576 2318 et
1623 2257 1836 2316 fidelis
1886 2255 1994 2315 his
2050 2255 2373 2327 attendat,
2424 2259 2491 2312 et
2523 2269 2601 2312 ea
2637 2253 2702 2314 in
2735 2254 3127 2312 memoriam
3177 2253 3387 2313 bonae
3431 2256 3764 2315 scientiae

658 2367 1033 2437 componat.
