4036 6117
1373 503 1794 551 EXPOSITIO
1841 497 2500 551 EvANcEmonuM.
3281 489 3407 550 279

361 619 545 695 quia
601 612 910 680 viriditas
960 619 1247 697 Spiritus
1282 621 1502 681 Sancti
1540 624 1604 681 in
1656 622 1799 697 ipso
1837 622 2156 695 refloruit;
2195 624 2350 699 quia
2397 623 2500 682 hic
2532 622 2708 700 filius
2739 640 2923 680 ‘meus
2974 638 3167 698 quom
3221 624 3469 697 creavi,

357 732 688 784 mortuus
736 726 990 801 fuerat,
1052 726 1365 800 quoniam
1416 726 1764 785 scientiam
1812 725 1925 784 Dei
1977 742 2105 784 non
2155 725 2471 797 habebat,
2531 733 2593 783 et
2642 728 2883 784 revixit
2937 728 3330 787 revertendo
3387 728 3468 787 ad

359 844 510 901 me;
564 833 861 906 perierat
896 830 960 888 in
1013 830 1331 889 memoria
1375 830 1700 905 justitiae,
1755 830 1911 904 quia
1960 829 2383 889 saturitatem
2428 830 2603 889 vitae
2654 846 2781 889 non
2833 828 3085 905 babuit,
3139 838 3197 890 et
3240 835 3472 892 inven-

357 938 481 990 tus
549 939 643 991 est
697 934 760 991 in
810 934 919 991 via
969 932 1291 1007 justitiae.
1333 932 1410 992 Et
1449 942 1804 1009 coeperunt
1864 932 2131 1008 epulari
2162 928 2205 1009 ¹)
2261 932 2324 990 in
2359 932 2935 1007 congratulatione
2971 932 3278 992 inventae
3324 949 3473 1007 per-

355 1035 565 1095 ditae
601 1038 771 1097 ovis,

462 1141 635 1200 Erat
687 1148 910 1199 autem
959 1141 1137 1219 filius
1186 1136 1326 1212 ejus
1361 1142 1575 1198 senior
1606 1143 1677 1197 in
1713 1157 1886 1215 aym,
1926 1140 2185 1198 scilicet
2234 1140 2347 1214 qui
2398 1139 2635 1199 bonam
2688 1140 3039 1199 scientiam
3084 1141 3148 1199 in
3198 1144 3462 1202 cultura

356 1260 715 1318 supernae
765 1245 1200 1303 haereditatis
1252 1243 1469 1302 babet.
1522 1244 1789 1303 Etcum
1820 1246 2099 1316 veniret,
2134 1244 2282 1302 vias
2332 1260 2491 1302 suas
2542 1244 3048 1320 considerand0‚
3102 1252 3161 1305 et
3192 1250 3469 1324 propin-

355 1353 614 1420 quaret
648 1362 767 1420 per
799 1346 1039 1404 bonam
1074 1346 1607 1420 conjunctionem
1657 1346 1902 1417 domui,
1943 1346 2004 1403 id
2041 1348 2145 1404 est
2179 1346 2507 1404 mansioni
2539 1347 2887 1419 virtutum,
2939 1348 3191 1407 audivit
3225 1350 3306 1408 ad
3358 1368 3469 1411 su-

355 1462 587 1521 perna
637 1447 1051 1505 ascendendo
1101 1450 1588 1523 symphoniam,
1649 1448 1904 1505 scilicet
1954 1448 2271 1521 gaudium
2320 1463 2646 1521 supernae
2694 1448 2999 1523 visioniS,
3050 1457 3110 1508 et
3163 1454 3462 1527 chorum,

356 1543 694 1609 videlicet
728 1552 1036 1610 decorem
1070 1558 1134 1609 et
1170 1552 1450 1625 gloriam
1506 1551 1572 1608 in
1605 1552 1849 1625 quibus
1882 1551 2013 1609 Deo
2052 1552 2364 1611 servitur.
2404 1552 2485 1609 Et
2522 1554 2764 1611 vocavit
2816 1569 2933 1627 per
2968 1554 3464 1615 meditationem

352 1673 590 1712 unum
623 1656 701 1712 de
737 1658 966 1721 serviS,
1019 1655 1275 1713 scilicet
1310 1656 1522 1714 solam
1560 1655 1775 1725 fide1n;
1813 1662 1874 1713 et
1922 1657 2353 1732 interroqavit
2388 1671 2509 1730 per
2545 1656 3065 1732 inquisitionem,
3104 1678 3270 1735 quae
3306 1664 3463 1721 haec

357 1765 594 1816 essent
631 1759 712 1817 de
746 1760 962 1831 gratia
996 1758 1134 1831 Dei,
1173 1775 1343 1834 quae
1381 1759 1566 1818 illurn
1604 1760 2018 1818 suscitasset.

473 1863 692 1938 Isque,
718 1862 976 1920 scilicet
1003 1863 1186 1936 fideS‚
1209 1864 1378 1921 dixit
1408 1864 1535 1937 illi,
1568 1862 2026 1937 respondendo
2055 1863 2442 1937 cogitationi
2473 1864 2706 1938 ipsius:
2737 1863 2971 1923 Frater
2997 1873 3149 1927 tuus
3175 1868 3243 1928 in
3270 1871 3455 1945 agni-

363 1965 558 2024 tione
586 1981 718 2041 qua
741 1965 949 2024 Deum
986 1966 1135 2040 scit,
1165 1968 1341 2024 venit
1378 1967 1442 2024 in
1476 1981 1553 2024 eo
1582 1966 1757 2041 quod
1788 1969 2041 2025 rectum
2071 1966 2198 2025 iter
2226 1966 2403 2038 fecit,
2432 1974 2493 2025 et
2522 1968 2751 2026 oceidit
2772 1976 2968 2044 pater
2996 1976 3148 2030 tuus
3175 1976 3461 2034 vitulum

361 2071 772 2143 saqinatwm‚
827 2069 891 2127 id
925 2074 1030 2127 est
1078 2070 1190 2128 ille
1225 2086 1263 2127 a
1299 2086 1428 2144 quo
1467 2073 1732 2130 creatus
1765 2086 1861 2137 eS,
1901 2070 2169 2130 iteravit
2216 2071 2599 2145 passionem
2646 2071 2797 2130 Filii
2831 2073 2934 2131 sui
2970 2075 3084 2149 qui
3118 2076 3462 2152 pinguedi-

356 2186 524 2228 nem
559 2171 735 2230 vitae
770 2172 1018 2246 attulit,
1055 2174 1212 2249 quia
1244 2174 1500 2231 salvum
1535 2174 1598 2231 in
1632 2174 1801 2232 bono
1838 2189 2106 2232 rumore
2141 2174 2338 2231 illum
2371 2176 2643 2249 recepit,
2680 2180 2744 2232 et
2778 2176 3194 2248 amplexatus
3229 2187 3351 2241 est.

465 2275 861 2351 Indiqnatus
911 2281 1004 2333 est
1041 2281 1286 2345 autem,
1341 2276 1600 2334 scilicet
1648 2276 2016 2334 admiratus
2065 2275 2376 2350 estquod
2417 2275 2591 2334 Deus
2626 2276 2705 2335 de
2756 2280 2938 2336 tanto
2975 2281 3148 2339 malo
3202 2285 3458 2344 tantum

363 2375 619 2433 bonum
659 2376 950 2452 fecisset,
987 2385 1048 2436 et
1097 2379 1354 2437 nolebat
1391 2382 1646 2439 intra-re
1686 2380 1750 2438 in
1787 2381 2165 2454 receptione
2214 2380 2428 2455 patris
2463 2380 2589 2453 sui,
2628 2381 2784 2455 quia
2821 2384 3296 2456 poenitentiam
3349 2405 3460 2448 ne-

361 2484 742 2542 cessariam
775 2500 902 2542 non
938 2483 1246 2558 habebat,
1283 2490 1358 2543 ut
1391 2484 1706 2559 gaudium
1743 2500 1945 2557 super
1977 2500 2128 2543 eum
2163 2485 2348 2543 velut
2383 2500 2585 2559 super
2618 2501 2746 2543 uno
2780 2493 3133 2560 peccatore
3167 2489 3373 2551 fieret.

460 2590 665 2648 Pater
706 2607 862 2664 erqo
892 2590 1078 2647 iltius
1115 2608 1431 2665 eqressuS,
1473 2589 1537 2647 in
1571 2604 1648 2647 eo
1684 2588 1859 2663 quod
1894 2588 2071 2647 Deus
2106 2588 2626 2649 admonitionem
2664 2590 2726 2647 in
2764 2590 2946 2649 illum
2984 2593 3190 2666 misit,
3244 2600 3454 2674 coepit

357 2706 593 2765 roqare
643 2692 866 2761 illum,
920 2691 1090 2748 utin
1138 2691 1309 2751 bono
1358 2698 1800 2766 permaneret.
1853 2692 1934 2750 At
1984 2692 2101 2749 ille
2165 2691 2568 2768 respondens
2610 2691 2679 2750 in
2740 2695 3258 2767 cogitationibus
3314 2700 3455 2759 suis

358 2795 541 2853 dimit
567 2798 746 2870 patri
774 2813 887 2852 suo
904 2794 1055 2853 Deo:
1079 2796 1240 2854 Ecce
1268 2801 1354 2853 tot
1382 2798 1600 2869 annis,
1628 2797 1686 2853 id
1715 2800 1819 2853 est
1847 2796 1909 2853 in
1938 2796 2272 2855 mensuris
2301 2801 2367 2854 et
2393 2796 2985 2873 moderationibus,
3010 2805 3219 2861 servio
3245 2803 3360 2864 tibi
3388 2805 3454 2865 in

362 2898 563 2956 bonis
598 2904 660 2956 et
693 2917 1036 2974 nunquam
1083 2900 1477 2957 mandatum
1525 2905 1715 2957 tuum
1757 2902 2121 2975 praeterivi
2170 2899 2334 2958 illud
2384 2900 2707 2973 negand0‚
2762 2905 2833 2962 ut
2884 2901 3090 2963 frater
3139 2922 3349 2981 meus;
3387 2917 3451 2969 et

360 3021 711 3080 nunquam
755 3004 994 3063 dedisti
1026 3006 1190 3064 mihi
1221 3005 1529 3078 haedum,
1583 3003 1842 3062 scilicet
1879 3020 2007 3062 non
2040 3004 2371 3078 permisit,
2408 3010 2479 3063 ut
2516 3004 2582 3063 in
2617 3011 2805 3082 parte
2841 3015 3268 3083 peccatorum
3304 3030 3455 3073 cum

365 3110 601 3167 amicis
647 3110 834 3181 moia,
886 3108 1198 3166 videlicet
1246 3123 1396 3165 cum
1445 3108 1837 3179 virtutibuS‚
1891 3109 2228 3184 epularer,
2285 3107 2347 3166 id
2391 3111 2494 3168 est
2527 3112 2782 3167 tanturn
2836 3126 3169 3172 rumorem
3203 3114 3283 3173 de
3341 3116 3457 3175 bo-

365 3212 476 3269 nis
547 3211 807 3270 actibus
871 3211 1036 3269 meis
1103 3210 1438 3282 haberem,
1492 3215 1564 3268 ut
1616 3210 1741 3268 iste
1809 3208 2018 3268 frater
2083 3226 2268 3269 meus
2316 3209 2397 3268 de
2446 3212 2880 3270 conversione
2938 3230 3079 3272 sua.
3120 3217 3248 3276 Sed
3275 3226 3452 3293 post-

365 3332 566 3390 quam
599 3314 775 3391 filius
809 3320 962 3372 tuus
999 3315 1124 3386 hic,
1163 3313 1277 3388 qui
1313 3329 1430 3388 per
1478 3318 1544 3371 te
1593 3319 1862 3371 creatus
1912 3318 2039 3387 est,
2076 3314 2191 3389 qui
2225 3313 2553 3371 devoravit
2606 3312 3037 3373 substantiam
3078 3336 3265 3376 suam
3299 3339 3449 3380 cum

367 3417 844 3492 meretricibu3‚
875 3418 1133 3476 scilicet
1160 3419 1273 3493 qui
1301 3423 1657 3492 praecepta
1687 3420 1798 3476 tua
1825 3417 2091 3492 abjecit,
2121 3416 2513 3491 negligendo
2544 3432 2746 3492 opera
2775 3417 2887 3476 illa
2916 3435 3085 3494 quae
3111 3419 3160 3499 ²)
3192 3422 3450 3482 animae

373 3524 590 3597 ipsius
639 3524 1023 3582 necessaria
1062 3522 1351 3595 fuerunt,
1403 3528 1470 3581 et
1502 3521 1859 3597 dissipavit
1891 3538 1969 3580 ea
2006 3538 2157 3580 cum
2218 3521 2852 3580 subsannationibus
2917 3523 3213 3584 insaniae
3263 3543 3449 3602 suae,

368 3629 572 3699 venit,
614 3629 867 3685 rectum
903 3626 1030 3684 iter
1083 3624 1356 3699 faciem,
1409 3625 1704 3685 occidisti
1753 3625 1858 3683 illi
1921 3625 2209 3682 vitulum
2258 3625 2659 3700 saqinaeum,
2709 3623 2774 3681 id
2833 3629 2937 3683 est
2986 3625 3233 3685 unxisti
3298 3643 3452 3687 eum

365 3732 678 3804 passione
713 3730 862 3788 Filii
898 3729 993 3788 tui
1033 3729 1099 3787 in
1131 3728 1530 3804 pinguedine
1563 3729 1764 3788 vitae.

459 3836 538 3893 At
587 3837 747 3910 ipse,
801 3833 1060 3892 scilicet
1105 3833 1281 3891 Deus
1330 3834 1503 3892 dixit
1539 3837 1598 3891 ei
1648 3833 1711 3890 in
1760 3833 2228 3894 admonitione:
2281 3832 2436 3906 Fili,
2490 3832 2751 3891 scilicet
2798 3832 2970 3892 bona
3019 3834 3321 3909 scientia,
3375 3843 3448 3894 tu

366 3957 625 4016 semper
660 3940 723 3996 in
776 3937 1094 3997 felicitate
1141 3955 1399 3996 mecum
1432 3957 1524 4010 ea,
1577 3943 1643 3996 et
1675 3954 1805 3995 non
1845 3937 2104 3996 deseris
2154 3952 2281 4010 me,
2319 3944 2381 3994 et
2432 3938 2654 3993 omnia
2685 3953 2834 3994 mea
2883 3943 2997 3994 tua
3031 3944 3211 4008 sunt,
3263 3939 3445 3997 vide-

365 4043 519 4102 licet
577 4043 799 4101 omnia
845 4042 1018 4100 bona
1052 4041 1282 4114 habes,
1321 4042 1478 4116 quia
1526 4056 1647 4114 ego
1697 4041 1911 4100 bonus
1962 4058 2131 4100 sum.
2183 4041 2467 4116 Epulari
2514 4045 2737 4097 autem
2774 4040 2840 4097 in
2872 4042 3445 4116 congratulatione

372 4148 735 4205 viriditatis
785 4146 1072 4222 Spiritus
1121 4145 1366 4217 Sancti,
1419 4151 1478 4202 et
1514 4146 1797 4221 qaudere
1848 4145 2196 4221 oportebat,
2237 4145 2392 4220 quia
2430 4144 2603 4202 mala
2638 4144 2911 4203 scientia
2947 4144 3025 4202 ad
3076 4145 3318 4205 bonurn
3370 4162 3444 4206 se

363 4255 800 4312 converterat.
848 4251 1129 4308 Necesse
1177 4256 1283 4307 est
1315 4250 1488 4307 enim
1525 4254 1596 4306 ut
1648 4249 1820 4306 mala
1854 4247 2134 4306 scientia
2170 4248 2250 4306 ad
2286 4249 2525 4305 bonum
2565 4247 2813 4321 redeat,
2853 4247 2965 4305 ubi
2998 4249 3218 4308 omnia
3269 4250 3441 4310 bona

364 4355 574 4428 patris
609 4354 987 4427 laudantur,
1023 4360 1089 4412 et
1124 4353 1634 4427 magnificantur
1682 4353 1747 4411 in
1796 4354 1972 4410 omni
2023 4358 2356 4422 creatura;
2410 4352 2586 4410 sicut
2619 4352 2722 4409 vir
2769 4352 3138 4426 praeliator
3178 4354 3292 4429 qui
3334 4370 3444 4414 su-

363 4462 552 4530 perat
609 4457 983 4530 inimicum,
1044 4463 1110 4515 et
1167 4456 1478 4515 inimicus
1535 4461 1765 4528 postea
1821 4455 1950 4512 erit
1999 4455 2257 4512 amicus
2318 4453 2498 4511 illius
2558 4455 2961 4512 necessitate
3017 4455 3439 4530 compulsuS‚

359 4563 674 4637 quoniam
730 4562 790 4620 ei
842 4562 1158 4621 resistere
1214 4577 1341 4621 non
1390 4560 1675 4634 poterit,
1727 4564 1793 4617 et
1853 4558 1999 4617 ideo
2049 4560 2268 4617 victus
2322 4559 2385 4617 in
2439 4558 2678 4617 militia
2727 4574 2849 4617 sua
2896 4557 3268 4619 laudandus
3316 4562 3441 4620 est.

362 4669 531 4739 Quia
577 4669 794 4743 frater
824 4674 980 4725 tuus
1012 4673 1314 4724 mortuus
1347 4671 1488 4724 erat
1525 4665 1591 4723 in
1623 4664 1922 4740 nequitia
1957 4680 2102 4736 sua,
2141 4668 2201 4721 et
2238 4665 2504 4736 revincit,
2545 4664 2611 4721 in
2645 4663 2978 4737 agnitione
3019 4662 3160 4737 Dei,
3197 4663 3444 4723 suimet

361 4774 424 4831 in
471 4773 697 4831 causis
733 4772 875 4831 suis
927 4771 1340 4844 recordatus3
1373 4773 1669 4846 perierat
1706 4770 1770 4829 in
1805 4769 2269 4828 aestimatione
2303 4768 2736 4843 deceptioniS,
2788 4774 2848 4826 et
2885 4771 3192 4827 inventus
3227 4774 3322 4826 est
3373 4768 3441 4827 in

364 4893 518 4935 vera
554 4877 721 4935 luce.

431 5080 471 5142 ¹)
504 5080 746 5151 Epulare
773 5078 890 5133 cod.
924 5109 986 5117 ν-
1014 5081 1058 5131 9)
1085 5083 1358 5148 praecepta
1387 5082 1482 5130 tua
1508 5077 1827 5146 neqliyendo
1853 5093 2015 5148 opera
2046 5075 2148 5129 illa
2175 5076 2243 5129 ab
2241 5079 2372 5143 jecit
2402 5072 2474 5128 id.
