4036 6117
731 487 860 547 532
1883 506 1935 551 s.
1989 504 2542 553 mmchnms

755 625 864 683 sol.
900 622 1122 684 51-57.
1161 617 1513 706 [Philippo
1544 623 1790 683 decano
1823 620 1868 702 ¹)
1912 626 2285 689 Coloniensi
2320 619 2797 710 Hildeqardis]
2831 626 3077 689 Patrol.
3116 630 3241 688 col.
3282 628 3598 688 243-253.

2134 820 2289 879 LIX.

1623 1006 1976 1091 Radlulfo]
2009 1012 2321 1089 Mayistro
2356 1010 2797 1088 Hildeqardis.

743 1204 1085 1275 Magistrum
1114 1212 1308 1262 monet
1336 1206 1446 1278 ipsi
1472 1208 1542 1263 ab
1572 1207 1806 1265 inflante
1833 1210 2070 1267 scientia
2102 1213 2436 1276 cavendum.
2464 1229 2698 1270 censura
2727 1213 2834 1269 sub
2860 1213 3047 1285 lepido
3073 1214 3309 1284 apologo
3340 1219 3507 1271 tecta.

760 1344 834 1404 In
881 1363 1042 1405 vera
1077 1347 1335 1406 visione
1371 1349 1678 1407 arborem
1714 1350 1877 1424 vidi,
1913 1366 2085 1426 quae
2123 1352 2187 1409 in
2222 1353 2425 1411 ramis
2460 1354 2601 1412 suis
2639 1354 2916 1413 multam
2950 1353 3363 1413 viriditatem
3398 1353 3655 1413 habuit.
3689 1353 3763 1413 Et

558 1432 573 1447 ⁹
677 1452 902 1506 aestas
936 1447 1034 1506 illi
1071 1448 1497 1508 floriditatem
1534 1451 1805 1525 infigere
1840 1453 2214 1526 videbatur,
2252 1454 2369 1512 sed
2405 1454 2517 1514 illa
2554 1456 2772 1515 taedio
2807 1454 3046 1515 affecta
3079 1455 3425 1514 floriditati
3463 1456 3767 1530 aliquan-

680 1560 824 1613 tum
875 1568 948 1612 se
991 1554 1345 1615 subtraxit.
1407 1556 1587 1616 Unde
1638 1563 1863 1616 aestas
1915 1559 2012 1617 illi
2061 1558 2249 1619 dixit:
2301 1560 2760 1622 Floriditatem
2813 1562 2931 1622 tibi
2965 1562 3126 1621 dare
3160 1563 3491 1636 volebam,
3542 1562 3663 1620 sed
3700 1568 3765 1620 tu

673 1672 820 1715 eam
856 1656 1151 1717 noluisti.
1187 1658 1268 1716 Et
1300 1665 1527 1719 aestas
1561 1660 1628 1718 in
1663 1660 1789 1721 hoc
1822 1662 2139 1722 cessavit.
2179 1663 2301 1722 Sed
2337 1680 2460 1739 ego
2496 1664 2683 1725 radix
2715 1664 2766 1743 ²)
2806 1666 2925 1726 tibi
2958 1666 3127 1725 dico:
3169 1666 3343 1726 Cave
3377 1682 3457 1724 ne
3492 1671 3768 1740 propter

677 1759 956 1818 multam
1005 1761 1426 1835 prudentiam
1462 1763 1843 1836 doctrinae,
1894 1769 2169 1842 propter
2203 1769 2415 1828 multa
2448 1772 2841 1844 argumenta
2876 1770 3078 1847 hujus
3114 1771 3392 1843 saeculi,
3428 1771 3627 1847 ignea
3659 1770 3770 1831 do·

678 1883 763 1927 na
799 1866 1090 1942 Spiritus
1126 1867 1350 1928 Sancti
1382 1869 1836 1946 derelinquas,
1874 1876 1944 1931 et
1980 1872 2044 1932 in
2077 1879 2422 1933 aeternum
2457 1874 2667 1934 vives.

2162 2080 2288 2142 Lx.

1389 2291 1459 2352 M
1464 2283 1842 2374 [aneqoldo]
1876 2289 2090 2350 abbati
2122 2292 2202 2350 de
2235 2291 2596 2370 Hirsauyia
2629 2293 3077 2371 Hildeqardis.

755 2488 998 2628 Abbgtis
1022 2488 1277 2544 animum
1305 2505 1403 2561 per
1429 2490 1752 2561 parabolam
1780 2490 2101 2552 confirmat.
2131 2496 2186 2546 et
2216 2491 2591 2562 interroganti
2618 2493 2687 2550 de
2715 2493 3008 2550 nonnullis
3034 2492 3335 2549 animabus
3371 2491 3770 2549 defunctorum

682 2590 883 2646 respon
926 2579 1000 2630 et.

767 2715 865 2774 Ad
899 2716 1298 2790 sapientiam
1332 2716 1494 2789 vidi,
1534 2723 1602 2777 et
1634 2716 1801 2777 haec
1833 2717 2041 2777 verba
2077 2718 2303 2778 audivi
2337 2723 2405 2778 et
2438 2718 2595 2778 vidi:
2632 2718 2969 2790 Quaedam
3003 2719 3206 2780 arbor
3239 2720 3304 2778 in
3337 2718 3587 2779 Libano
3627 2718 3773 2792 fuit,

677 2821 758 2880 ad
796 2836 997 2897 quam
1048 2821 1262 2880 hiems
1299 2822 1365 2880 in
1413 2822 1715 2883 moribus
1751 2823 1893 2882 suis
1943 2824 2156 2893 venit,
2206 2826 2280 2883 ut
2311 2824 2653 2883 exsiccare
2686 2830 2753 2883 et
2787 2823 3129 2884 arefacere
3163 2825 3389 2883 omnia
3423 2825 3620 2884 solet.
3656 2823 3780 2883 Ra-

677 2925 790 2983 dix
824 2931 1048 2983 autem
1095 2925 1395 3000 ejusdem
1431 2925 1694 2985 arboris
1743 2930 1965 2985 terrae
2001 2926 2094 2985 ita
2133 2926 2330 2986 infixa
2366 2930 2535 3002 erat,
2572 2927 2749 3003 quod
2785 2926 3001 2987 hiems
3033 2943 3181 2987 eam
3217 2927 3615 2986 subvertere
3648 2942 3775 2986 non

683 3029 922 3105 potuit,
977 3029 1092 3089 sed
1130 3035 1352 3088 tamen
1402 3029 1610 3106 stirps
1657 3028 1804 3105 ejus
1853 3045 1972 3105 per
2018 3028 2307 3088 hiemem
2357 3030 2775 3105 aliquantum
2824 3030 3171 3106 denigrata
3223 3028 3368 3104 fuit,
3409 3029 3570 3090 folia
3621 3045 3777 3089 vero

681 3135 898 3210 ipsius
947 3132 1327 3192 viriditates
1362 3150 1491 3193 non
1539 3134 2065 3209 dereliquerunt,
2118 3148 2240 3192 nec
2288 3134 2693 3194 ceciderunt.
2745 3134 2952 3209 Nunc,
3006 3140 3219 3208 pater,
3258 3133 3437 3193 istud
3471 3133 3554 3192 ad
3588 3138 3660 3191 te
3694 3131 3779 3191 si-

684 3242 956 3313 gnatum
1023 3239 1341 3313 intellige.
1400 3239 1615 3297 Locus
1680 3241 1901 3298 autem
1959 3237 2041 3295 de
2097 3254 2228 3312 quo
2295 3239 2566 3312 quaeris
2624 3238 2866 3297 similis
2900 3244 3002 3297 est
3060 3238 3222 3297 valli
3278 3237 3537 3313 positae
3586 3237 3778 3312 juxta

682 3359 943 3417 agrum,
995 3343 1106 3417 qui
1160 3341 1242 3400 ad
1296 3343 1709 3401 fertilitatem
1762 3341 2024 3416 tepidus
2072 3344 2198 3414 est,
2237 3357 2383 3400 cum
2424 3343 2675 3401 semine
2725 3342 3065 3416 impletur,
3119 3341 3235 3399 sed
3287 3339 3402 3415 qui
3452 3345 3681 3398 tamen
3717 3338 3778 3397 in

690 3448 800 3505 illa
849 3452 1038 3522 parte
1091 3445 1477 3520 frequenter
1526 3445 1755 3519 fulget.
1815 3443 2046 3503 Gratia
2097 3459 2255 3502 vero
2303 3444 2419 3503 Dei
2473 3446 2659 3504 illum
2717 3461 2844 3503 non
2893 3444 3290 3516 contemnit,
3345 3443 3461 3502 sed
3512 3443 3661 3518 ipse
3709 3443 3775 3500 in

691 3550 1112 3609 multitudine
1163 3549 1487 3608 calcantis
1524 3549 1884 3608 torcularis
1918 3556 2044 3622 est,
2082 3548 2255 3624 quod
2293 3550 2845 3623 circumrotatur,
2884 3564 3094 3625 usque
3128 3548 3286 3608 dum
3318 3549 3633 3623 purgatio
3671 3564 3780 3625 po-

688 3658 826 3734 puli
864 3657 928 3715 in
961 3657 1299 3731 praesenti
1334 3671 1564 3715 errore
1600 3656 1889 3728 finietur,
1920 3654 2034 3729 qui
2064 3656 2349 3730 populus
2383 3671 2513 3714 non
2547 3660 2700 3731 post
2743 3656 3008 3730 longum
3047 3658 3307 3730 tempus
3342 3653 3579 3712 melior
3606 3653 3757 3712 erit.

785 3763 1021 3822 Anima
1070 3738 1335 3837 quoque
1368 3760 1448 3819 de
1496 3777 1628 3836 qua
1665 3762 2078 3835 interrogaS,
2131 3775 2442 3834 magnum
2493 3760 2808 3819 meritum
2856 3776 3006 3819 cum
3043 3760 3293 3818 sanctis
3342 3773 3518 3817 nunc
3553 3756 3779 3830 habet,

699 3867 813 3926 sed
850 3866 1183 3941 quoddam
1219 3865 1464 3924 malum
1505 3865 1570 3923 in
1598 3864 1872 3938 judiciis
1908 3864 2052 3923 suis
2087 3864 2276 3938 prius
2311 3863 2627 3932 habebat,
2662 3864 2838 3938 quod
2873 3863 2967 3922 ita
3007 3878 3159 3922 esse
3191 3878 3322 3922 non
3355 3861 3777 3934 aestimabat,

692 3976 758 4032 et
793 3972 1008 4030 aliena
1044 3970 1382 4045 quaesivit
1419 3970 1859 4044 aliquantum,
1899 3985 1970 4027 se
2005 3967 2428 4040 vindicandO,
2468 3970 2535 4027 et
2567 3967 2651 4027 ob
2687 3967 2811 4027 hoc
2840 3984 3114 4043 magnas
3147 3983 3396 4042 poenas
3422 3983 3623 4042 passa
3657 3972 3777 4025 est.

694 4079 853 4136 Cum
891 4081 1110 4134 autem
1150 4073 1478 4148 homineS‚
1515 4073 1597 4133 ad
1634 4073 2064 4132 sanctitatem
2101 4071 2370 4145 signati,
2406 4071 2581 4130 bona
2615 4087 2819 4146 opera
2851 4088 2980 4131 non
3017 4071 3290 4146 faciunt,
3330 4087 3503 4147 quae
3537 4086 3658 4146 per
3689 4071 3781 4131 di-

678 4311 907 4375 justitia
945 4307 1050 4363 Dei
1075 4309 1307 4363 destruet
1342 4325 1454 4368 vos.
1483 4321 1512 4358 a
1553 4306 1659 4361 col.
1707 4308 1843 4359 ¹065
1868 4304 1911 4360 C
1946 4304 2014 4358 ad
2059 4308 2195 4362 1066
2283 4303 2456 4359 steria
2503 4304 2713 4368 vicina,
2760 4305 2908 4361 circa
2952 4320 3002 4360 a.
3055 4308 3214 4368 ¹¹⁴8.
3261 4306 3414 4361 haud
3454 4306 3777 4378 inopportu-

690 4392 750 4445 B.
793 4393 1082 4447 Praeterea
1138 4392 1424 4464 rumpitur
1462 4392 1592 4447 filus
1646 4390 1708 4446 in
1745 4391 1907 4446 exitu
1958 4390 2057 4447 l'ol.
2101 4395 2192 4454 50,
2287 4404 2423 4443 num
2451 4389 2518 4443 ad
2556 4390 2969 4461 componendas
3012 4390 3444 4447 controversias.

689 4477 1025 4547 amissisque
1057 4476 1297 4532 forsitan
1327 4477 1588 4548 pluribus
1618 4475 1795 4540 foliis,
1821 4477 1878 4530 in
1910 4476 2007 4532 fol.
2041 4481 2105 4532 5¹
2131 4477 2197 4530 fit
2357 4475 2400 4540 ¹)
2430 4476 2653 4530 Prolixa
2696 4476 2873 4545 igitur
2915 4475 3121 4531 incidit
3158 4493 3227 4531 ex
3268 4477 3511 4546 abrupto
3544 4475 3778 4547 epistola

690 4564 869 4618 saltus
912 4562 967 4616 in
1022 4561 1235 4617 medias
1284 4578 1372 4617 res
1418 4562 1653 4626 alienas,
1709 4579 1852 4633 quae
1903 4562 2196 4634 pertinent
2286 4561 2355 4615 ad
2374 4560 3783 4632 Philippum.scriptaantea.11⁴7,inquocreatus

689 4649 757 4702 ad
804 4647 1096 4719 epistolam
1149 4648 1234 4703 ed.
1278 4646 1540 4709 xhvln,
1598 4648 1825 4703 missam
1871 4648 1939 4702 ad
1981 4648 2197 4719 Philip·
2287 4652 2373 4702 est
2398 4647 2712 4719 episcopus.
2739 4647 3107 4716 Agnoverunt
3129 4647 3188 4701 in
3210 4663 3273 4702 ea
3293 4647 3679 4704 Bollandistae
3704 4664 3779 4704 sa·

689 4748 821 4804 pum
850 4732 1241 4788 Coloniensem
1269 4732 1561 4788 decanum.
1606 4734 1719 4788 Nec
1758 4734 2010 4805 suspicio
2037 4736 2199 4790 abest
2292 4733 2366 4788 tis
2396 4733 2754 4805 perspicuum
2783 4734 2850 4788 de
2876 4733 3112 4789 Lutheri
3147 4738 3394 4803 tempore
3425 4733 3775 4788 vaticinium.

689 4820 1063 4894 prooemium.
1114 4825 1176 4874 ut
1211 4819 1363 4889 jacet
1401 4818 1642 4882 editum.
1683 4835 1795 4874 non
1837 4819 2012 4875 fuisse
2053 4836 2201 4876 com·
2289 4820 2448 4877 Unde
2485 4835 2684 4890 operae
2712 4819 2958 4889 pretium
2985 4818 3097 4873 erit
3126 4816 3428 4872 varietates
3452 4817 3665 4873 codicis
3692 4835 3780 4871 no-

698 4906 975 4962 mentario
1015 4904 1347 4975 praefixum,
1388 4918 1515 4958 cum
1558 4903 1703 4958 nihil
1745 4920 2045 4962 commune
2071 4921 2198 4961 cum
2292 4905 2396 4960 stri
2425 4905 2565 4961 alibi
2593 4904 2881 4972 colligere.
2906 4904 3002 4958 sed
3028 4903 3239 4957 multae
3271 4902 3471 4957 insunt
3499 4911 3556 4958 et
3577 4904 3783 4971 gravis-

694 4993 950 5064 symbolo
984 4991 1210 5051 habeat.
1253 4987 1344 5043 sed
1377 5005 1508 5058 prae
1547 5004 1604 5043 se
1631 4989 1822 5060 potius
1852 4990 1994 5046 serat
2029 4993 2203 5063 quod·
2293 4994 2470 5049 simae
2498 4995 2746 5049 lacunae.
2768 4993 2899 5054 —2)
2923 4992 2986 5046 ln
3008 4991 3128 5047 cod.
3153 4992 3406 5045 radcum
3429 4991 3782 5060 compendio,

694 5079 820 5131 dam
882 5076 1331 5131 instrumentum
1398 5072 1455 5127 in
1517 5074 1826 5144 primordio
1888 5084 2202 5134 conventus
2295 5096 2397 5135 nec
2424 5077 2784 5148 cogitandum
2811 5076 2866 5131 id
2894 5077 3172 5131 resolvere
3200 5075 3258 5130 in
3285 5074 3784 5147 liudulphus-adis

698 5164 764 5216 ad
797 5164 851 5218 S.
885 5163 1199 5233 Rupertum
1231 5161 1661 5216 constabilitum
1700 5161 1986 5216 interduo
2017 5180 2201 5219 mona·
2294 5167 2446 5221 enim
2476 5167 2542 5219 de
2568 5167 2680 5219 Deo
2709 5164 3041 5232 Hildogardi
3086 5180 3189 5218 vox
3227 5163 3494 5219 solemnis
3522 5168 3623 5218 est.
