4036 6117
1261 520 1504 566 mnan
1554 517 1758 564 vrrae:
1807 515 2300 562 mam-ronuta
2352 515 2408 558 Ρ.
2462 514 2521 557 v.
3230 496 3357 555 213

1778 633 1973 697 LXII.

1050 850 1144 909 De
1187 851 1422 927 poenis
1463 849 1874 928 purqatoriis
1923 846 1995 905 ob
2046 847 2391 907 tristitiam
2441 844 2714 905 saeculi.

419 1056 527 1117 81.
567 1058 643 1117 Et
678 1057 812 1116 vidi
849 1058 1066 1117 locum
1104 1056 1368 1117 aridum
1414 1064 1483 1116 et
1529 1057 1949 1132 inaquosum,
2002 1071 2082 1115 ac
2113 1054 2457 1115 vermibus
2506 1054 2800 1130 plenum,
2851 1052 2919 1110 et
2952 1046 3246 1111 tenebris
3293 1046 3422 1107 cir-

322 1161 748 1236 cumdatum,
810 1161 873 1219 in
920 1178 1051 1237 quo
1085 1161 1347 1222 animae
1404 1162 1675 1221 illorum
1728 1165 1943 1235 erant,
1981 1160 2097 1236 qui
2153 1157 2312 1219 dum
2345 1159 2413 1218 in
2460 1155 2857 1233 corporibus
2916 1153 3059 1214 suis
3109 1151 3417 1225 fuissent,

329 1266 686 1327 tristitiam
735 1265 987 1326 saeculi
1037 1265 1166 1325 sibi
1213 1271 1646 1325 attraxerant.
1696 1265 1777 1323 Et
1810 1264 2084 1339 maligni
2135 1262 2415 1339 spiritus
2463 1260 2737 1323 easdem
2782 1259 3042 1320 animas
3088 1271 3209 1333 per
3240 1269 3423 1314 eum-

324 1370 480 1432 dem
532 1372 753 1432 locum
790 1371 1003 1447 igneis
1052 1370 1335 1446 flagellis
1371 1369 1495 1430 hac
1542 1374 1608 1429 et
1658 1369 1811 1429 illac
1869 1367 2213 1443 agitabant
2265 1366 2736 1428 vociferantes:
2791 1383 2824 1423 «ι
2861 1363 3079 1436 Quare
3111 1358 3423 1419 fiduciam

331 1478 637 1535 vestram
685 1474 753 1534 in
799 1475 1009 1535 Deum
1055 1476 1355 1534 vestrum
1391 1489 1522 1533 non
1553 1472 1913 1549 posuistis?
1950 1488 1982 1529 1>
2023 1471 2188 1541 Quia
2235 1472 2413 1530 euim
2461 1471 2529 1530 in
2559 1468 2802 1546 gaudio
2850 1465 3244 1528 coelestium
3290 1478 3425 1523 non

324 1577 701 1654 viruerant,
761 1577 892 1661 sed,
924 1577 1084 1654 quia
1131 1578 1480 1638 tristitiam
1529 1576 1782 1637 saeculi
1833 1576 1899 1634 in
1945 1574 2213 1634 defectu
2261 1573 2711 1634 saecularium
2759 1571 2891 1632 sibi
2940 1571 3417 1646 imposuerant,

326 1683 395 1742 in
442 1683 679 1744 eodem
712 1682 856 1744 loco
904 1688 1117 1758 erant3
1168 1688 1236 1742 et
1268 1683 1425 1759 quia
1474 1681 1699 1741 hocin
1749 1679 2196 1741 amaritudine
2245 1679 2549 1739 cordium
2590 1692 2869 1738 suorum
2918 1675 3236 1746 fecerant,
3274 1685 3427 1730 cru-

324 1784 552 1844 ciatus
608 1785 1106 1860 praedictorum
1163 1786 1493 1845 vermium
1541 1784 1992 1858 sustinebant3
2052 1788 2120 1843 et
2167 1783 2327 1859 quia
2375 1781 2500 1842 hoc
2557 1780 2751 1841 modo
2797 1794 3029 1839 veram
3081 1780 3150 1835 et
3199 1772 3426 1834 indefi-

323 1888 615 1948 cientem
662 1888 1146 1949 beatitudinem
1191 1889 1642 1965 neglexerant,
1694 1888 2243 1949 contrarietatem
2297 1884 2685 1946 earumdem
2733 1881 3164 1943 tenebrarum
3211 1876 3424 1952 patie-

326 1992 600 2067 bantur3
652 1999 719 2053 et
751 1994 1067 2070 quoniam
1101 1992 1207 2053 his
1258 1994 1455 2053 malis
1505 1992 1828 2068 irretitae,
1867 1992 1934 2052 in
1966 1991 2175 2051 Deum
2225 2007 2359 2051 non
2390 1988 2832 2062 confidebant,
2872 2004 2909 2047 a
2945 1980 3255 2059 malignis
3291 1978 3427 2054 spi-

332 2096 605 2171 ritibus,
645 2102 718 2156 ut
750 2096 1127 2174 praefatum
1160 2099 1287 2173 est,
1326 2095 1821 2173 affligebantur.

1775 2305 1999 2399 LX‘111.

1192 2551 1285 2611 De
1327 2551 1744 2628 poenitentia
1789 2547 1860 2607 ob
1907 2549 2252 2609 tristitiam
2298 2548 2566 2609 saeculi.

421 2757 531 2818 82.
579 2758 660 2819 Et
689 2772 810 2834 per
856 2757 1194 2818 viventem
1242 2758 1556 2833 spiritum
1603 2757 1743 2819 vidi
1789 2762 1857 2817 et
1890 2755 2184 2816 intellexi
2218 2756 2404 2816 haec.
2444 2756 2527 2815 Et
2576 2755 2820 2815 iterum
2866 2752 2948 2812 de
2981 2749 3283 2828 praefata
3330 2747 3428 2808 vi·-
3494 2744 3498 2749 ’

329 2867 530 2922 vente
582 2862 729 2921 luce
776 2861 1004 2922 audivi
1049 2877 1285 2922 vocem
1319 2862 1483 2922 mihi
1530 2860 1882 2920 dicentem:
1920 2860 2102 2919 Haec
2150 2875 2323 2936 quae
2355 2859 2546 2919 vides
2578 2874 2740 2918 vera
2773 2861 2949 2931 sunt,
2986 2857 3054 2916 et
3101 2856 3174 2915 ut
3205 2869 3284 2913 ea
3331 2852 3431 2912 vi·-

331 2965 473 3042 des,
530 2965 625 3025 ita
664 2969 841 3040 sunt,
878 2970 946 3024 et
978 2965 1176 3041 plura
1218 2966 1393 3025 sunt.
1429 2964 1846 3041 Quapropter
1893 2964 2198 3023 homines
2247 2962 2596 3023 tristitiam
2644 2960 2898 3022 saeculi
2946 2958 3076 3019 sibi
3119 2970 3431 3017 accumu-

335 3069 579 3144 lanteS,
631 3068 691 3129 si
739 3069 1068 3145 malignos
1117 3070 1398 3146 spiritus
1447 3070 1529 3130 ad
1565 3070 1747 3130 illam
1796 3057 1912 3129 6οὲ
1961 3069 2393 3129 exhortantes
2442 3081 2765 3144 superare
2817 3063 3217 3137 studuerint,
3267 3065 3334 3119 et
3369 3060 3430 3119 si
3498 3123 3501 3132 ,

337 3173 684 3234 cruciatus
731 3173 913 3232 illius
961 3171 1256 3249 effugere
1302 3172 1855 3247 desideraverint,
1893 3173 1952 3231 si
2018 3174 2085 3231 in
2135 3172 2470 3232 saeculari
2510 3171 2650 3230 vita
2684 3173 2862 3243 sunt,
2922 3167 3006 3227 ad
3054 3163 3427 3241 spiritalem

336 3277 551 3338 vitam
585 3292 658 3336 56
691 3275 1120 3353 contrahant;
1157 3282 1273 3337 aut
1307 3277 1365 3336 si
1391 3271 1437 3355 ¹)
1487 3277 1559 3336 in
1605 3275 1896 3352 spiritali
1945 3276 2458 3335 conversatione
2508 3279 2684 3349 sunt,
2734 3284 3157 3332 communem
3203 3265 3430 3326 distri-

339 3381 631 3441 ctionem
664 3380 815 3455 plus
865 3381 1066 3441 solito
1100 3381 1530 3457 adimpleant,
1558 3385 1627 3441 et
1658 3380 2077 3441 humillimae
2114 3379 2480 3440 obeditioni
2514 3393 2587 3438 se
2624 3375 3009 3454 frequenter
3042 3370 3424 3448 subjiciant,

339 3500 416 3544 ac
448 3483 835 3560 Scripturas
874 3485 1051 3561 illaS,
1082 3500 1254 3561 quae
1280 3486 1571 3545 coeleste
1606 3485 1929 3562 gaudium
1954 3484 2053 3545 eis
2081 3482 2396 3559 inferant,
2440 3481 2776 3559 frequenti
2810 3478 3034 3550 studio
3067 3475 3424 3549 ruminent;

339 3592 407 3648 et
436 3586 608 3648 haec
656 3589 879 3649 omnia
916 3606 1049 3650 non
1094 3594 1443 3666 proterve,
1480 3590 1598 3651 sed
1630 3605 1783 3651 cum
1814 3587 2260 3666 permissione
2293 3587 2739 3664 praesidentis
2785 3584 2917 3646 sibi
2942 3581 3190 3662 jndicis
3224 3580 3429 3643 adim-

345 3690 593 3767 pleant.

1760 3898 2017 3965 LXIIII.

1193 4110 1288 4172 De
1339 4111 1616 4171 tristitia
1663 4111 1911 4172 saeculi
1956 4111 2403 4190 formidolosa.

439 4317 546 4378 83.
599 4316 904 4378 Tristitia
950 4317 1126 4377 enim
1161 4318 1415 4378 saeculi
1465 4318 1781 4394 gaudium
1828 4318 1897 4379 in
1930 4318 2337 4378 coelestibus
2370 4333 2498 4378 non
2541 4316 2764 4392 habet,
2802 4322 2871 4376 et
2900 4320 3100 4377 vento
3150 4315 3264 4393 qui
3312 4331 3433 4375 nec

351 4422 417 4483 in
463 4422 829 4495 viriditate,
879 4436 1000 4481 nec
1036 4421 1100 4480 in
1137 4423 1442 4483 siccitate
1492 4423 1681 4483 utilis
1714 4428 1840 4498 est,
1878 4423 2317 4498 assimilatum
2368 4422 2684 4499 quoniam
2732 4421 2956 4483 omnia
2987 4437 3160 4498 quae
3198 4422 3431 4497 tetige-

352 4528 464 4603 rit,
520 4527 868 4602 dispergit.
904 4526 1029 4586 Sed
1061 4532 1129 4586 et
1181 4543 1514 4604 nusquam
1548 4534 1808 4589 rectum
1843 4530 2095 4589 statum
2148 4526 2427 4602 habenS,
2483 4526 2667 4587 dicit:
2716 4526 2847 4587 Nec
2895 4526 3046 4602 hoc,
3101 4542 3226 4587 nec
3269 4525 3433 4587 illud

351 4631 527 4708 quod
574 4631 642 4690 in
672 4631 807 4692 Deo
849 4647 999 4692 esse
1032 4632 1300 4708 dicitur,
1352 4633 1514 4693 sci0.
1549 4628 1630 4694 Et
1661 4633 1761 4694 sic
1808 4632 2031 4694 omnia
2066 4632 2301 4693 vitalia
2334 4631 2547 4709 ipsius
2582 4637 2917 4708 arescunt,
2953 4630 3269 4709 quoniam
3300 4632 3437 4708 spi-

351 4736 621 4796 ritualia
654 4736 1020 4811 spiramina
1054 4753 1183 4797 non
1215 4736 1436 4799 habet.
1469 4738 1653 4799 Unde
1686 4744 1755 4798 et
1789 4738 1856 4798 in
1885 4737 2212 4815 plurimas
2252 4743 2481 4812 partes
2526 4737 2747 4799 divisa
2777 4743 2904 4813 est3
2944 4738 3039 4798 ita
3070 4737 3250 4815 quod
3279 4752 3433 4798 cum

350 4855 655 4901 moerore
703 4842 925 4903 omnia
957 4841 1042 4902 ad
1091 4858 1162 4902 se
1203 4843 1481 4921 colligit,
1531 4848 1598 4906 et
1627 4844 1806 4923 quod
1854 4844 2111 4905 nullum
2160 4843 2478 4920 gaudium
2527 4844 2595 4903 in
2626 4844 2724 4904 eis
2772 4843 3019 4905 habere
3066 4843 3427 4918 desiderat,

353 4945 422 5004 et
465 4943 643 5019 quod
692 4945 981 5006 amicum
1030 4960 1180 5007 cum
1229 4947 1487 5010 laetitia
1532 4966 1664 5013 non
1712 4947 2020 5023 advocat,
2071 4953 2140 5009 et
2186 4945 2364 5025 quod
2413 4947 2756 5008 inimicum
2802 4964 2933 5007 non
2974 4946 3259 5023 mitigat3
3312 4944 3429 5005 sed

432 5194 473 5262 ¹)
497 5201 601 5250 aut
626 5197 686 5252 in
713 5194 800 5251 W.
