<?xml version="1.0" encoding="UTF-8"?>
<!DOCTYPE html PUBLIC "-//W3C//DTD XHTML 1.0 Transitional//EN"
    "http://www.w3.org/TR/xhtml1/DTD/xhtml1-transitional.dtd">
<html xmlns="http://www.w3.org/1999/xhtml" xml:lang="en" lang="en">
 <head>
  <title>
</title>
<meta http-equiv="Content-Type" content="text/html;charset=utf-8" />
  <meta name='ocr-system' content='tesseract 3.04.00' />
  <meta name='ocr-capabilities' content='ocr_page ocr_carea ocr_par ocr_line ocrx_word'/>
</head>
<body>
  <div class='ocr_page' id='page_1' title='image "analectasacrasp05pitrgoog_0606.png"; bbox 0 0 4036 6117; ppageno 0'>
   <div class='ocr_carea' id='block_1_1' title="bbox 758 463 2562 524">
    <p class='ocr_par' dir='ltr' id='par_1_1' title="bbox 758 463 2562 524">
     <span class='ocr_line' id='line_1_1' title="bbox 758 463 2562 524; baseline 0 -1"><span class='ocrx_word' id='word_1_1' title='bbox 758 463 889 524; x_wconf 75' lang='lat'>538</span> <span class='ocrx_word' id='word_1_2' title='bbox 1926 478 1978 521; x_wconf 88' lang='lat' dir='ltr'>s.</span> <span class='ocrx_word' id='word_1_3' title='bbox 2032 476 2562 524; x_wconf 72' lang='lat' dir='ltr'>n1nnnoAnnts</span> 
     </span>
    </p>
   </div>
   <div class='ocr_carea' id='block_1_2' title="bbox 1386 687 3099 914">
    <p class='ocr_par' dir='ltr' id='par_1_2' title="bbox 1386 687 3099 914">
     <span class='ocr_line' id='line_1_2' title="bbox 2095 687 2366 748; baseline 0.007 -2"><span class='ocrx_word' id='word_1_4' title='bbox 2095 687 2366 748; x_wconf 85' lang='lat' dir='ltr'>LXXIII.</span> 
     </span>
     <span class='ocr_line' id='line_1_3' title="bbox 1386 831 3099 914; baseline -0.002 -17"><span class='ocrx_word' id='word_1_5' title='bbox 1386 837 1554 897; x_wconf 84' lang='lat' dir='ltr'>Duci</span> <span class='ocrx_word' id='word_1_6' title='bbox 1591 838 1918 899; x_wconf 81' lang='lat' dir='ltr'>Matthaeo</span> <span class='ocrx_word' id='word_1_7' title='bbox 1956 839 2538 914; x_wconf 74' lang='lat' dir='ltr'>Locharinqiorum</span> <span class='ocrx_word' id='word_1_8' title='bbox 2569 831 2614 913; x_wconf 87' lang='lat'>¹)</span> <span class='ocrx_word' id='word_1_9' title='bbox 2652 835 3099 913; x_wconf 71' lang='lat' dir='ltr'>HildeyardiS.</span> 
     </span>
    </p>
   </div>
   <div class='ocr_carea' id='block_1_3' title="bbox 757 974 3428 1050">
    <p class='ocr_par' dir='ltr' id='par_1_3' title="bbox 757 974 3428 1050">
     <span class='ocr_line' id='line_1_4' title="bbox 757 974 3428 1050; baseline -0.003 -10"><span class='ocrx_word' id='word_1_10' title='bbox 757 984 1050 1041; x_wconf 80' lang='lat' dir='ltr'>Matthaeo</span> <span class='ocrx_word' id='word_1_11' title='bbox 1077 980 1301 1043; x_wconf 86' lang='lat' dir='ltr'>comiti,</span> <span class='ocrx_word' id='word_1_12' title='bbox 1332 980 1508 1036; x_wconf 86' lang='lat' dir='ltr'>etiam</span> <span class='ocrx_word' id='word_1_13' title='bbox 1535 977 1714 1050; x_wconf 89' lang='lat' dir='ltr'>patris</span> <span class='ocrx_word' id='word_1_14' title='bbox 1739 979 1865 1049; x_wconf 87' lang='lat' dir='ltr'>ejus</span> <span class='ocrx_word' id='word_1_15' title='bbox 1891 979 2168 1035; x_wconf 84' lang='lat' dir='ltr'>ventilata</span> <span class='ocrx_word' id='word_1_16' title='bbox 2196 978 2492 1041; x_wconf 84' lang='lat' dir='ltr'>memoria.</span> <span class='ocrx_word' id='word_1_17' title='bbox 2520 977 2729 1035; x_wconf 84' lang='lat' dir='ltr'>acriter</span> <span class='ocrx_word' id='word_1_18' title='bbox 2759 976 3016 1048; x_wconf 86' lang='lat' dir='ltr'>loquitur</span> <span class='ocrx_word' id='word_1_19' title='bbox 3043 974 3428 1045; x_wconf 83' lang='lat' dir='ltr'>Hildegardis.</span> 
     </span>
    </p>
   </div>
   <div class='ocr_carea' id='block_1_4' title="bbox 673 1120 3785 2249">
    <p class='ocr_par' dir='ltr' id='par_1_4' title="bbox 673 1120 3785 2249">
     <span class='ocr_line' id='line_1_5' title="bbox 762 1120 3775 1203; baseline -0.001 -17"><span class='ocrx_word' id='word_1_20' title='bbox 762 1126 1042 1203; x_wconf 79' lang='lat' dir='ltr'>Mystica</span> <span class='ocrx_word' id='word_1_21' title='bbox 1065 1123 1185 1183; x_wconf 91' lang='lat' dir='ltr'>Dei</span> <span class='ocrx_word' id='word_1_22' title='bbox 1220 1122 1469 1181; x_wconf 89' lang='lat' dir='ltr'>dicunt:</span> <span class='ocrx_word' id='word_1_23' title='bbox 1506 1122 1602 1181; x_wconf 88' lang='lat' dir='ltr'>Tu</span> <span class='ocrx_word' id='word_1_24' title='bbox 1635 1136 1709 1179; x_wconf 89' lang='lat' dir='ltr'>es</span> <span class='ocrx_word' id='word_1_25' title='bbox 1741 1121 1874 1180; x_wconf 84' lang='lat' dir='ltr'>dux</span> <span class='ocrx_word' id='word_1_26' title='bbox 1907 1121 1992 1181; x_wconf 91' lang='lat' dir='ltr'>ad</span> <span class='ocrx_word' id='word_1_27' title='bbox 2026 1121 2401 1180; x_wconf 89' lang='lat' dir='ltr'>ducendum</span> <span class='ocrx_word' id='word_1_28' title='bbox 2443 1121 2787 1197; x_wconf 89' lang='lat' dir='ltr'>populum,</span> <span class='ocrx_word' id='word_1_29' title='bbox 2826 1121 3004 1180; x_wconf 90' lang='lat' dir='ltr'>sicut</span> <span class='ocrx_word' id='word_1_30' title='bbox 3034 1120 3165 1180; x_wconf 84' lang='lat' dir='ltr'>dux</span> <span class='ocrx_word' id='word_1_31' title='bbox 3200 1122 3315 1197; x_wconf 87' lang='lat' dir='ltr'>qui</span> <span class='ocrx_word' id='word_1_32' title='bbox 3350 1122 3527 1196; x_wconf 83' lang='lat' dir='ltr'>regit</span> <span class='ocrx_word' id='word_1_33' title='bbox 3571 1138 3775 1198; x_wconf 87' lang='lat' dir='ltr'>popu·-</span> 
     </span>
     <span class='ocr_line' id='line_1_6' title="bbox 673 1216 3773 1309; baseline -0.001 -19"><span class='ocrx_word' id='word_1_34' title='bbox 673 1232 811 1290; x_wconf 92' lang='lat' dir='ltr'>lum</span> <span class='ocrx_word' id='word_1_35' title='bbox 861 1244 1082 1288; x_wconf 90' lang='lat' dir='ltr'>meum</span> <span class='ocrx_word' id='word_1_36' title='bbox 1131 1225 1363 1286; x_wconf 85' lang='lat' dir='ltr'>Israel.</span> <span class='ocrx_word' id='word_1_37' title='bbox 1415 1223 1540 1283; x_wconf 88' lang='lat' dir='ltr'>Sed</span> <span class='ocrx_word' id='word_1_38' title='bbox 1590 1239 1743 1283; x_wconf 91' lang='lat' dir='ltr'>cum</span> <span class='ocrx_word' id='word_1_39' title='bbox 1791 1219 1906 1309; x_wconf 86' lang='lat' dir='ltr'>[ad</span> <span class='ocrx_word' id='word_1_40' title='bbox 1956 1216 2371 1307; x_wconf 81' lang='lat' dir='ltr'>ungendum]</span> <span class='ocrx_word' id='word_1_41' title='bbox 2421 1226 2742 1300; x_wconf 88' lang='lat' dir='ltr'>populum</span> <span class='ocrx_word' id='word_1_42' title='bbox 2776 1241 2903 1284; x_wconf 92' lang='lat' dir='ltr'>non</span> <span class='ocrx_word' id='word_1_43' title='bbox 2954 1224 3162 1284; x_wconf 89' lang='lat' dir='ltr'>habes</span> <span class='ocrx_word' id='word_1_44' title='bbox 3213 1226 3773 1301; x_wconf 82' lang='lat' dir='ltr'>misericordiam,</span> 
     </span>
     <span class='ocr_line' id='line_1_7' title="bbox 676 1328 3778 1409; baseline 0 -15"><span class='ocrx_word' id='word_1_45' title='bbox 676 1335 801 1394; x_wconf 90' lang='lat' dir='ltr'>hoc</span> <span class='ocrx_word' id='word_1_46' title='bbox 835 1340 941 1394; x_wconf 89' lang='lat' dir='ltr'>est</span> <span class='ocrx_word' id='word_1_47' title='bbox 975 1331 1384 1392; x_wconf 86' lang='lat' dir='ltr'>sacrificium</span> <span class='ocrx_word' id='word_1_48' title='bbox 1419 1328 1662 1403; x_wconf 58' lang='lat' dir='ltr'>laudm,</span> <span class='ocrx_word' id='word_1_49' title='bbox 1692 1332 1758 1389; x_wconf 89' lang='lat' dir='ltr'>et</span> <span class='ocrx_word' id='word_1_50' title='bbox 1789 1346 1943 1391; x_wconf 90' lang='lat' dir='ltr'>cum</span> <span class='ocrx_word' id='word_1_51' title='bbox 1975 1347 2127 1391; x_wconf 90' lang='lat' dir='ltr'>eum</span> <span class='ocrx_word' id='word_1_52' title='bbox 2160 1333 2227 1391; x_wconf 92' lang='lat' dir='ltr'>in</span> <span class='ocrx_word' id='word_1_53' title='bbox 2259 1332 2498 1392; x_wconf 88' lang='lat' dir='ltr'>balneo</span> <span class='ocrx_word' id='word_1_54' title='bbox 2524 1346 2656 1391; x_wconf 87' lang='lat' dir='ltr'>non</span> <span class='ocrx_word' id='word_1_55' title='bbox 2691 1333 2901 1406; x_wconf 82' lang='lat' dir='ltr'>lavas,</span> <span class='ocrx_word' id='word_1_56' title='bbox 2942 1337 3014 1391; x_wconf 88' lang='lat' dir='ltr'>ut</span> <span class='ocrx_word' id='word_1_57' title='bbox 3039 1347 3189 1392; x_wconf 91' lang='lat' dir='ltr'>eum</span> <span class='ocrx_word' id='word_1_58' title='bbox 3225 1332 3592 1409; x_wconf 79' lang='lat' dir='ltr'>salvificeS,</span> <span class='ocrx_word' id='word_1_59' title='bbox 3631 1340 3778 1394; x_wconf 90' lang='lat' dir='ltr'>tunc</span> 
     </span>
     <span class='ocr_line' id='line_1_8' title="bbox 677 1430 3781 1516; baseline 0.001 -20"><span class='ocrx_word' id='word_1_60' title='bbox 677 1452 833 1497; x_wconf 89' lang='lat' dir='ltr'>eum</span> <span class='ocrx_word' id='word_1_61' title='bbox 868 1452 999 1495; x_wconf 91' lang='lat' dir='ltr'>non</span> <span class='ocrx_word' id='word_1_62' title='bbox 1033 1434 1248 1508; x_wconf 90' lang='lat' dir='ltr'>ducis,</span> <span class='ocrx_word' id='word_1_63' title='bbox 1295 1431 1437 1510; x_wconf 89' lang='lat' dir='ltr'>(fol.</span> <span class='ocrx_word' id='word_1_64' title='bbox 1477 1432 1586 1511; x_wconf 86' lang='lat'>71)</span> <span class='ocrx_word' id='word_1_65' title='bbox 1625 1433 1740 1491; x_wconf 88' lang='lat' dir='ltr'>sed</span> <span class='ocrx_word' id='word_1_66' title='bbox 1775 1449 1924 1493; x_wconf 92' lang='lat' dir='ltr'>eum</span> <span class='ocrx_word' id='word_1_67' title='bbox 1965 1436 2032 1493; x_wconf 91' lang='lat' dir='ltr'>in</span> <span class='ocrx_word' id='word_1_68' title='bbox 2080 1435 2689 1510; x_wconf 80' lang='lat' dir='ltr'>peregrinationem</span> <span class='ocrx_word' id='word_1_69' title='bbox 2725 1435 3039 1495; x_wconf 80' lang='lat' dir='ltr'>miseriae</span> <span class='ocrx_word' id='word_1_70' title='bbox 3085 1430 3136 1514; x_wconf 76' lang='lat'>²)</span> <span class='ocrx_word' id='word_1_71' title='bbox 3172 1435 3460 1496; x_wconf 70' lang='lat' dir='ltr'>reducis</span> <span class='ocrx_word' id='word_1_72' title='bbox 3492 1439 3596 1497; x_wconf 89' lang='lat' dir='ltr'>Tu</span> <span class='ocrx_word' id='word_1_73' title='bbox 3630 1456 3781 1516; x_wconf 84' lang='lat' dir='ltr'>quo-</span> 
     </span>
     <span class='ocr_line' id='line_1_9' title="bbox 679 1537 3781 1622; baseline 0.002 -22"><span class='ocrx_word' id='word_1_74' title='bbox 679 1557 809 1619; x_wconf 88' lang='lat' dir='ltr'>que</span> <span class='ocrx_word' id='word_1_75' title='bbox 843 1557 917 1600; x_wconf 89' lang='lat' dir='ltr'>es</span> <span class='ocrx_word' id='word_1_76' title='bbox 967 1556 1158 1600; x_wconf 90' lang='lat' dir='ltr'>mons</span> <span class='ocrx_word' id='word_1_77' title='bbox 1196 1539 1259 1597; x_wconf 91' lang='lat' dir='ltr'>in</span> <span class='ocrx_word' id='word_1_78' title='bbox 1293 1537 1874 1599; x_wconf 84' lang='lat' dir='ltr'>benedictionibus</span> <span class='ocrx_word' id='word_1_79' title='bbox 1923 1539 2239 1614; x_wconf 88' lang='lat' dir='ltr'>filiorum,</span> <span class='ocrx_word' id='word_1_80' title='bbox 2275 1544 2343 1600; x_wconf 92' lang='lat' dir='ltr'>et</span> <span class='ocrx_word' id='word_1_81' title='bbox 2374 1556 2503 1599; x_wconf 90' lang='lat' dir='ltr'>non</span> <span class='ocrx_word' id='word_1_82' title='bbox 2545 1540 2613 1599; x_wconf 91' lang='lat' dir='ltr'>in</span> <span class='ocrx_word' id='word_1_83' title='bbox 2662 1541 3123 1616; x_wconf 85' lang='lat' dir='ltr'>percussione,</span> <span class='ocrx_word' id='word_1_84' title='bbox 3162 1543 3465 1605; x_wconf 85' lang='lat' dir='ltr'>serviens</span> <span class='ocrx_word' id='word_1_85' title='bbox 3497 1537 3551 1622; x_wconf 78' lang='lat'>⁸)</span> <span class='ocrx_word' id='word_1_86' title='bbox 3602 1542 3781 1605; x_wconf 79' lang='lat' dir='ltr'>Servi</span> 
     </span>
     <span class='ocr_line' id='line_1_10' title="bbox 682 1645 3783 1722; baseline 0.002 -16"><span class='ocrx_word' id='word_1_87' title='bbox 682 1649 890 1721; x_wconf 82' lang='lat' dir='ltr'>illiuS,</span> <span class='ocrx_word' id='word_1_88' title='bbox 924 1647 988 1705; x_wconf 91' lang='lat' dir='ltr'>in</span> <span class='ocrx_word' id='word_1_89' title='bbox 1013 1661 1210 1721; x_wconf 89' lang='lat' dir='ltr'>quem</span> <span class='ocrx_word' id='word_1_90' title='bbox 1245 1660 1436 1704; x_wconf 90' lang='lat' dir='ltr'>mons</span> <span class='ocrx_word' id='word_1_91' title='bbox 1471 1645 1737 1719; x_wconf 84' lang='lat' dir='ltr'>aspicit.</span> <span class='ocrx_word' id='word_1_92' title='bbox 1773 1645 1959 1704; x_wconf 91' lang='lat' dir='ltr'>Nunc</span> <span class='ocrx_word' id='word_1_93' title='bbox 1991 1651 2219 1705; x_wconf 85' lang='lat' dir='ltr'>autem</span> <span class='ocrx_word' id='word_1_94' title='bbox 2255 1646 2624 1706; x_wconf 83' lang='lat' dir='ltr'>admonitio</span> <span class='ocrx_word' id='word_1_95' title='bbox 2650 1646 2765 1706; x_wconf 91' lang='lat' dir='ltr'>Dei</span> <span class='ocrx_word' id='word_1_96' title='bbox 2796 1653 2861 1707; x_wconf 91' lang='lat' dir='ltr'>te</span> <span class='ocrx_word' id='word_1_97' title='bbox 2891 1649 3135 1722; x_wconf 85' lang='lat' dir='ltr'>monet,</span> <span class='ocrx_word' id='word_1_98' title='bbox 3174 1654 3248 1708; x_wconf 88' lang='lat' dir='ltr'>ut</span> <span class='ocrx_word' id='word_1_99' title='bbox 3276 1649 3341 1707; x_wconf 90' lang='lat' dir='ltr'>in</span> <span class='ocrx_word' id='word_1_100' title='bbox 3375 1649 3783 1712; x_wconf 86' lang='lat' dir='ltr'>benedictio-</span> 
     </span>
     <span class='ocr_line' id='line_1_11' title="bbox 686 1751 3780 1830; baseline 0 -16"><span class='ocrx_word' id='word_1_101' title='bbox 686 1754 885 1814; x_wconf 89' lang='lat' dir='ltr'>nibus</span> <span class='ocrx_word' id='word_1_102' title='bbox 920 1756 1039 1828; x_wconf 81' lang='lat' dir='ltr'>siS,</span> <span class='ocrx_word' id='word_1_103' title='bbox 1076 1769 1159 1813; x_wconf 90' lang='lat' dir='ltr'>ne</span> <span class='ocrx_word' id='word_1_104' title='bbox 1197 1756 1265 1812; x_wconf 91' lang='lat' dir='ltr'>tu</span> <span class='ocrx_word' id='word_1_105' title='bbox 1302 1758 1369 1812; x_wconf 91' lang='lat' dir='ltr'>et</span> <span class='ocrx_word' id='word_1_106' title='bbox 1404 1751 1521 1811; x_wconf 87' lang='lat' dir='ltr'>filii</span> <span class='ocrx_word' id='word_1_107' title='bbox 1558 1751 1656 1810; x_wconf 89' lang='lat' dir='ltr'>tui</span> <span class='ocrx_word' id='word_1_108' title='bbox 1690 1751 1756 1810; x_wconf 92' lang='lat' dir='ltr'>in</span> <span class='ocrx_word' id='word_1_109' title='bbox 1789 1752 2037 1810; x_wconf 88' lang='lat' dir='ltr'>vallem</span> <span class='ocrx_word' id='word_1_110' title='bbox 2072 1752 2354 1827; x_wconf 81' lang='lat' dir='ltr'>cadatis3</span> <span class='ocrx_word' id='word_1_111' title='bbox 2393 1752 2511 1812; x_wconf 87' lang='lat' dir='ltr'>sed</span> <span class='ocrx_word' id='word_1_112' title='bbox 2548 1754 2689 1827; x_wconf 84' lang='lat' dir='ltr'>regi</span> <span class='ocrx_word' id='word_1_113' title='bbox 2722 1754 2917 1813; x_wconf 89' lang='lat' dir='ltr'>dabis</span> <span class='ocrx_word' id='word_1_114' title='bbox 2952 1756 3283 1830; x_wconf 90' lang='lat' dir='ltr'>osculum,</span> <span class='ocrx_word' id='word_1_115' title='bbox 3321 1756 3498 1815; x_wconf 88' lang='lat' dir='ltr'>sicut</span> <span class='ocrx_word' id='word_1_116' title='bbox 3533 1756 3780 1816; x_wconf 86' lang='lat' dir='ltr'>dictum</span> 
     </span>
     <span class='ocr_line' id='line_1_12' title="bbox 689 1852 3785 1936; baseline 0 -17"><span class='ocrx_word' id='word_1_117' title='bbox 689 1865 812 1919; x_wconf 88' lang='lat' dir='ltr'>est:</span> <span class='ocrx_word' id='word_1_118' title='bbox 867 1858 1216 1918; x_wconf 78' lang='lat' dir='ltr'>Osculetur</span> <span class='ocrx_word' id='word_1_119' title='bbox 1248 1875 1353 1914; x_wconf 83' lang='lat' dir='ltr'>me</span> <span class='ocrx_word' id='word_1_120' title='bbox 1388 1854 1464 1913; x_wconf 77' lang='lat' dir='ltr'>ah</span> <span class='ocrx_word' id='word_1_121' title='bbox 1511 1855 1729 1914; x_wconf 81' lang='lat' dir='ltr'>osculo</span> <span class='ocrx_word' id='word_1_122' title='bbox 1762 1858 1893 1914; x_wconf 84' lang='lat' dir='ltr'>oris</span> <span class='ocrx_word' id='word_1_123' title='bbox 1929 1859 2034 1915; x_wconf 85' lang='lat' dir='ltr'>sui</span> <span class='ocrx_word' id='word_1_124' title='bbox 2065 1852 2136 1934; x_wconf 86' lang='lat'>⁴).</span> <span class='ocrx_word' id='word_1_125' title='bbox 2189 1856 2386 1917; x_wconf 89' lang='lat' dir='ltr'>Pater</span> <span class='ocrx_word' id='word_1_126' title='bbox 2420 1860 2577 1917; x_wconf 86' lang='lat' dir='ltr'>tuus</span> <span class='ocrx_word' id='word_1_127' title='bbox 2615 1873 2804 1918; x_wconf 90' lang='lat' dir='ltr'>mons</span> <span class='ocrx_word' id='word_1_128' title='bbox 2840 1856 2988 1933; x_wconf 86' lang='lat' dir='ltr'>fuit,</span> <span class='ocrx_word' id='word_1_129' title='bbox 3025 1864 3093 1917; x_wconf 93' lang='lat' dir='ltr'>et</span> <span class='ocrx_word' id='word_1_130' title='bbox 3129 1858 3517 1936; x_wconf 88' lang='lat' dir='ltr'>frequenter</span> <span class='ocrx_word' id='word_1_131' title='bbox 3554 1861 3625 1920; x_wconf 89' lang='lat' dir='ltr'>in</span> <span class='ocrx_word' id='word_1_132' title='bbox 3656 1863 3785 1921; x_wconf 88' lang='lat' dir='ltr'>val-</span> 
     </span>
     <span class='ocr_line' id='line_1_13' title="bbox 679 1961 3781 2039; baseline 0 -14"><span class='ocrx_word' id='word_1_133' title='bbox 679 1966 812 2025; x_wconf 88' lang='lat' dir='ltr'>lem</span> <span class='ocrx_word' id='word_1_134' title='bbox 846 1963 1161 2039; x_wconf 83' lang='lat' dir='ltr'>respexit,</span> <span class='ocrx_word' id='word_1_135' title='bbox 1213 1968 1280 2020; x_wconf 90' lang='lat' dir='ltr'>et</span> <span class='ocrx_word' id='word_1_136' title='bbox 1313 1961 1620 2020; x_wconf 88' lang='lat' dir='ltr'>osculum</span> <span class='ocrx_word' id='word_1_137' title='bbox 1671 1961 1824 2037; x_wconf 83' lang='lat' dir='ltr'>regi</span> <span class='ocrx_word' id='word_1_138' title='bbox 1848 1978 1978 2019; x_wconf 90' lang='lat' dir='ltr'>non</span> <span class='ocrx_word' id='word_1_139' title='bbox 2008 1961 2215 2035; x_wconf 87' lang='lat' dir='ltr'>dedit,</span> <span class='ocrx_word' id='word_1_140' title='bbox 2271 1962 2390 2021; x_wconf 90' lang='lat' dir='ltr'>sed</span> <span class='ocrx_word' id='word_1_141' title='bbox 2426 1967 2650 2021; x_wconf 88' lang='lat' dir='ltr'>tamen</span> <span class='ocrx_word' id='word_1_142' title='bbox 2687 1963 2753 2021; x_wconf 90' lang='lat' dir='ltr'>in</span> <span class='ocrx_word' id='word_1_143' title='bbox 2786 1963 3255 2023; x_wconf 87' lang='lat' dir='ltr'>benevolentia</span> <span class='ocrx_word' id='word_1_144' title='bbox 3298 1965 3509 2025; x_wconf 87' lang='lat' dir='ltr'>vitam</span> <span class='ocrx_word' id='word_1_145' title='bbox 3550 1965 3781 2038; x_wconf 82' lang='lat' dir='ltr'>smivit‚</span> 
     </span>
     <span class='ocr_line' id='line_1_14' title="bbox 681 2064 3785 2145; baseline 0 -16"><span class='ocrx_word' id='word_1_146' title='bbox 681 2069 798 2129; x_wconf 89' lang='lat' dir='ltr'>sed</span> <span class='ocrx_word' id='word_1_147' title='bbox 833 2084 985 2128; x_wconf 84' lang='lat' dir='ltr'>curn</span> <span class='ocrx_word' id='word_1_148' title='bbox 1020 2066 1279 2126; x_wconf 88' lang='lat' dir='ltr'>modico</span> <span class='ocrx_word' id='word_1_149' title='bbox 1330 2064 1502 2123; x_wconf 90' lang='lat' dir='ltr'>bono</span> <span class='ocrx_word' id='word_1_150' title='bbox 1541 2080 1762 2140; x_wconf 89' lang='lat' dir='ltr'>opere.</span> <span class='ocrx_word' id='word_1_151' title='bbox 1799 2065 2008 2125; x_wconf 91' lang='lat' dir='ltr'>Deum</span> <span class='ocrx_word' id='word_1_152' title='bbox 2046 2068 2270 2125; x_wconf 87' lang='lat' dir='ltr'>autem</span> <span class='ocrx_word' id='word_1_153' title='bbox 2305 2082 2437 2126; x_wconf 90' lang='lat' dir='ltr'>non</span> <span class='ocrx_word' id='word_1_154' title='bbox 2469 2066 2663 2125; x_wconf 87' lang='lat' dir='ltr'>decet</span> <span class='ocrx_word' id='word_1_155' title='bbox 2708 2069 2783 2126; x_wconf 86' lang='lat' dir='ltr'>ut</span> <span class='ocrx_word' id='word_1_156' title='bbox 2817 2068 3005 2126; x_wconf 83' lang='lat' dir='ltr'>illurn</span> <span class='ocrx_word' id='word_1_157' title='bbox 3043 2070 3315 2129; x_wconf 89' lang='lat' dir='ltr'>omnino</span> <span class='ocrx_word' id='word_1_158' title='bbox 3353 2070 3418 2129; x_wconf 92' lang='lat' dir='ltr'>in</span> <span class='ocrx_word' id='word_1_159' title='bbox 3466 2070 3785 2145; x_wconf 89' lang='lat' dir='ltr'>perditio-</span> 
     </span>
     <span class='ocr_line' id='line_1_15' title="bbox 683 2171 3784 2249; baseline -0.001 -12"><span class='ocrx_word' id='word_1_160' title='bbox 683 2193 835 2238; x_wconf 86' lang='lat' dir='ltr'>nem</span> <span class='ocrx_word' id='word_1_161' title='bbox 869 2176 1116 2249; x_wconf 86' lang='lat' dir='ltr'>mittat,</span> <span class='ocrx_word' id='word_1_162' title='bbox 1156 2172 1273 2232; x_wconf 89' lang='lat' dir='ltr'>sed</span> <span class='ocrx_word' id='word_1_163' title='bbox 1310 2177 1464 2247; x_wconf 87' lang='lat' dir='ltr'>post</span> <span class='ocrx_word' id='word_1_164' title='bbox 1501 2171 1784 2230; x_wconf 89' lang='lat' dir='ltr'>multum</span> <span class='ocrx_word' id='word_1_165' title='bbox 1819 2178 2086 2249; x_wconf 81' lang='lat' dir='ltr'>ternpus</span> <span class='ocrx_word' id='word_1_166' title='bbox 2124 2173 2308 2231; x_wconf 89' lang='lat' dir='ltr'>illum</span> <span class='ocrx_word' id='word_1_167' title='bbox 2346 2172 2655 2233; x_wconf 85' lang='lat' dir='ltr'>salvabit.</span> <span class='ocrx_word' id='word_1_168' title='bbox 2692 2174 2877 2233; x_wconf 92' lang='lat' dir='ltr'>Nunc</span> <span class='ocrx_word' id='word_1_169' title='bbox 2927 2173 3170 2249; x_wconf 89' lang='lat' dir='ltr'>adjuva</span> <span class='ocrx_word' id='word_1_170' title='bbox 3222 2174 3435 2247; x_wconf 90' lang='lat' dir='ltr'>illum,</span> <span class='ocrx_word' id='word_1_171' title='bbox 3471 2180 3541 2233; x_wconf 91' lang='lat' dir='ltr'>et</span> <span class='ocrx_word' id='word_1_172' title='bbox 3576 2191 3696 2249; x_wconf 88' lang='lat' dir='ltr'>per</span> <span class='ocrx_word' id='word_1_173' title='bbox 3727 2179 3784 2233; x_wconf 89' lang='lat' dir='ltr'>te</span> 
     </span>
    </p>
   </div>
   <div class='ocr_carea' id='block_1_5' title="bbox 686 2272 3785 2460">
    <p class='ocr_par' dir='ltr' id='par_1_5' title="bbox 686 2272 3785 2460">
     <span class='ocr_line' id='line_1_16' title="bbox 686 2272 3785 2355; baseline -0.001 -15"><span class='ocrx_word' id='word_1_174' title='bbox 686 2282 926 2355; x_wconf 88' lang='lat' dir='ltr'>ipsum,</span> <span class='ocrx_word' id='word_1_175' title='bbox 980 2283 1048 2336; x_wconf 87' lang='lat' dir='ltr'>et</span> <span class='ocrx_word' id='word_1_176' title='bbox 1083 2292 1201 2353; x_wconf 87' lang='lat' dir='ltr'>per</span> <span class='ocrx_word' id='word_1_177' title='bbox 1249 2276 1439 2335; x_wconf 79' lang='lat' dir='ltr'>alios,</span> <span class='ocrx_word' id='word_1_178' title='bbox 1474 2272 1654 2333; x_wconf 89' lang='lat' dir='ltr'>Deus</span> <span class='ocrx_word' id='word_1_179' title='bbox 1701 2275 2044 2337; x_wconf 87' lang='lat' dir='ltr'>desiderat</span> <span class='ocrx_word' id='word_1_180' title='bbox 2079 2278 2165 2350; x_wconf 86' lang='lat' dir='ltr'>te,</span> <span class='ocrx_word' id='word_1_181' title='bbox 2203 2283 2269 2337; x_wconf 90' lang='lat' dir='ltr'>et</span> <span class='ocrx_word' id='word_1_182' title='bbox 2304 2283 2375 2337; x_wconf 92' lang='lat' dir='ltr'>ut</span> <span class='ocrx_word' id='word_1_183' title='bbox 2410 2283 2475 2335; x_wconf 89' lang='lat' dir='ltr'>te</span> <span class='ocrx_word' id='word_1_184' title='bbox 2512 2277 2735 2337; x_wconf 85' lang='lat' dir='ltr'>trahat</span> <span class='ocrx_word' id='word_1_185' title='bbox 2778 2278 2859 2336; x_wconf 89' lang='lat' dir='ltr'>ad</span> <span class='ocrx_word' id='word_1_186' title='bbox 2896 2293 2989 2337; x_wconf 90' lang='lat' dir='ltr'>se.</span> <span class='ocrx_word' id='word_1_187' title='bbox 3026 2277 3209 2337; x_wconf 91' lang='lat' dir='ltr'>Unde</span> <span class='ocrx_word' id='word_1_188' title='bbox 3244 2294 3468 2349; x_wconf 87' lang='lat' dir='ltr'>curre,</span> <span class='ocrx_word' id='word_1_189' title='bbox 3514 2285 3586 2338; x_wconf 91' lang='lat' dir='ltr'>et</span> <span class='ocrx_word' id='word_1_190' title='bbox 3619 2278 3785 2337; x_wconf 89' lang='lat' dir='ltr'>Deus</span> 
     </span>
     <span class='ocr_line' id='line_1_17' title="bbox 687 2383 1157 2460; baseline -0.015 -14"><span class='ocrx_word' id='word_1_191' title='bbox 687 2383 1038 2460; x_wconf 81' lang='lat' dir='ltr'>adjuvabit</span> <span class='ocrx_word' id='word_1_192' title='bbox 1073 2388 1157 2440; x_wconf 90' lang='lat' dir='ltr'>te.</span> 
     </span>
    </p>
   </div>
   <div class='ocr_carea' id='block_1_6' title="bbox 2105 2508 2372 2569">
    <p class='ocr_par' dir='ltr' id='par_1_6' title="bbox 2105 2508 2372 2569">
     <span class='ocr_line' id='line_1_18' title="bbox 2105 2508 2372 2569; baseline 0 -2"><span class='ocrx_word' id='word_1_193' title='bbox 2105 2508 2372 2569; x_wconf 84' lang='lat' dir='ltr'>LXXIV.</span> 
     </span>
    </p>
   </div>
   <div class='ocr_carea' id='block_1_7' title="bbox 1731 2660 2750 2736">
    <p class='ocr_par' dir='ltr' id='par_1_7' title="bbox 1731 2660 2750 2736">
     <span class='ocr_line' id='line_1_19' title="bbox 1731 2660 2750 2736; baseline 0 -17"><span class='ocrx_word' id='word_1_194' title='bbox 1731 2660 1788 2719; x_wconf 88' lang='lat' dir='ltr'><em>F</em></span> <span class='ocrx_word' id='word_1_195' title='bbox 1787 2661 2071 2720; x_wconf 82' lang='lat' dir='ltr'>riderico</span> <span class='ocrx_word' id='word_1_196' title='bbox 2106 2661 2272 2721; x_wconf 83' lang='lat' dir='ltr'>laico</span> <span class='ocrx_word' id='word_1_197' title='bbox 2306 2660 2750 2736; x_wconf 72' lang='lat' dir='ltr'>HildeqardiS.</span> 
     </span>
    </p>
   </div>
   <div class='ocr_carea' id='block_1_8' title="bbox 768 2804 1541 2877">
    <p class='ocr_par' dir='ltr' id='par_1_8' title="bbox 768 2804 1541 2877">
     <span class='ocr_line' id='line_1_20' title="bbox 768 2804 1541 2877; baseline -0.003 -16"><span class='ocrx_word' id='word_1_198' title='bbox 768 2805 933 2877; x_wconf 85' lang='lat' dir='ltr'>Spem</span> <span class='ocrx_word' id='word_1_199' title='bbox 962 2804 1235 2860; x_wconf 89' lang='lat' dir='ltr'>moerenti</span> <span class='ocrx_word' id='word_1_200' title='bbox 1264 2804 1541 2860; x_wconf 88' lang='lat' dir='ltr'>restituit.</span> 
     </span>
    </p>
   </div>
   <div class='ocr_carea' id='block_1_9' title="bbox 695 2941 3792 3231">
    <p class='ocr_par' dir='ltr' id='par_1_9' title="bbox 695 2941 3792 3231">
     <span class='ocr_line' id='line_1_21' title="bbox 783 2941 3791 3021; baseline -0.002 -15"><span class='ocrx_word' id='word_1_201' title='bbox 783 2947 835 3006; x_wconf 92' lang='grc' dir='ltr'>Ο</span> <span class='ocrx_word' id='word_1_202' title='bbox 868 2946 961 3005; x_wconf 84' lang='lat' dir='ltr'>fili</span> <span class='ocrx_word' id='word_1_203' title='bbox 1012 2944 1458 3021; x_wconf 84' lang='lat' dir='ltr'>correptionis</span> <span class='ocrx_word' id='word_1_204' title='bbox 1506 2943 1647 3017; x_wconf 92' lang='lat' dir='ltr'>Dei,</span> <span class='ocrx_word' id='word_1_205' title='bbox 1685 2944 1753 3002; x_wconf 89' lang='lat' dir='ltr'>et</span> <span class='ocrx_word' id='word_1_206' title='bbox 1785 2941 1912 3002; x_wconf 91' lang='lat' dir='ltr'>hoc</span> <span class='ocrx_word' id='word_1_207' title='bbox 1964 2942 2182 3015; x_wconf 90' lang='lat' dir='ltr'>modo,</span> <span class='ocrx_word' id='word_1_208' title='bbox 2219 2943 2377 3019; x_wconf 88' lang='lat' dir='ltr'>quia</span> <span class='ocrx_word' id='word_1_209' title='bbox 2411 2958 2613 3018; x_wconf 86' lang='lat' dir='ltr'>quem</span> <span class='ocrx_word' id='word_1_210' title='bbox 2648 2948 2841 3018; x_wconf 85' lang='lat' dir='ltr'>pater</span> <span class='ocrx_word' id='word_1_211' title='bbox 2887 2941 3132 3016; x_wconf 85' lang='lat' dir='ltr'>diligit,</span> <span class='ocrx_word' id='word_1_212' title='bbox 3171 2941 3364 3001; x_wconf 87' lang='lat' dir='ltr'>illum</span> <span class='ocrx_word' id='word_1_213' title='bbox 3416 2941 3791 3018; x_wconf 84' lang='lat' dir='ltr'>frequenter</span> 
     </span>
     <span class='ocr_line' id='line_1_22' title="bbox 695 3047 3792 3129; baseline -0.002 -15"><span class='ocrx_word' id='word_1_214' title='bbox 695 3051 996 3129; x_wconf 89' lang='lat' dir='ltr'>corripit.</span> <span class='ocrx_word' id='word_1_215' title='bbox 1031 3050 1215 3111; x_wconf 88' lang='lat' dir='ltr'>Unde</span> <span class='ocrx_word' id='word_1_216' title='bbox 1263 3048 1541 3127; x_wconf 88' lang='lat' dir='ltr'>provide</span> <span class='ocrx_word' id='word_1_217' title='bbox 1575 3047 1722 3123; x_wconf 89' lang='lat' dir='ltr'>tibi,</span> <span class='ocrx_word' id='word_1_218' title='bbox 1774 3053 1842 3108; x_wconf 91' lang='lat' dir='ltr'>et</span> <span class='ocrx_word' id='word_1_219' title='bbox 1877 3048 2134 3108; x_wconf 85' lang='lat' dir='ltr'>confido</span> <span class='ocrx_word' id='word_1_220' title='bbox 2169 3047 2304 3109; x_wconf 93' lang='lat' dir='ltr'>Deo</span> <span class='ocrx_word' id='word_1_221' title='bbox 2337 3048 2515 3125; x_wconf 86' lang='lat' dir='ltr'>quod</span> <span class='ocrx_word' id='word_1_222' title='bbox 2565 3053 2640 3108; x_wconf 89' lang='lat' dir='ltr'>tu</span> <span class='ocrx_word' id='word_1_223' title='bbox 2671 3065 2803 3109; x_wconf 91' lang='lat' dir='ltr'>non</span> <span class='ocrx_word' id='word_1_224' title='bbox 2838 3047 2934 3108; x_wconf 91' lang='lat' dir='ltr'>sis</span> <span class='ocrx_word' id='word_1_225' title='bbox 2969 3048 3191 3108; x_wconf 89' lang='lat' dir='ltr'>anima</span> <span class='ocrx_word' id='word_1_226' title='bbox 3234 3048 3658 3123; x_wconf 83' lang='lat' dir='ltr'>perditionis,</span> <span class='ocrx_word' id='word_1_227' title='bbox 3692 3050 3792 3108; x_wconf 77' lang='lat' dir='ltr'>At-</span> 
     </span>
     <span class='ocr_line' id='line_1_23' title="bbox 700 3150 3791 3231; baseline -0.002 -15"><span class='ocrx_word' id='word_1_228' title='bbox 700 3156 894 3217; x_wconf 90' lang='lat' dir='ltr'>tende</span> <span class='ocrx_word' id='word_1_229' title='bbox 929 3168 1196 3231; x_wconf 85' lang='lat' dir='ltr'>quoque</span> <span class='ocrx_word' id='word_1_230' title='bbox 1228 3152 1389 3229; x_wconf 85' lang='lat' dir='ltr'>quid</span> <span class='ocrx_word' id='word_1_231' title='bbox 1425 3150 1897 3212; x_wconf 88' lang='lat' dir='ltr'>misericordia</span> <span class='ocrx_word' id='word_1_232' title='bbox 1932 3153 2046 3227; x_wconf 88' lang='lat' dir='ltr'>sit,</span> <span class='ocrx_word' id='word_1_233' title='bbox 2082 3159 2157 3212; x_wconf 87' lang='lat' dir='ltr'>ut</span> <span class='ocrx_word' id='word_1_234' title='bbox 2188 3152 2442 3211; x_wconf 88' lang='lat' dir='ltr'>dictum</span> <span class='ocrx_word' id='word_1_235' title='bbox 2476 3157 2597 3211; x_wconf 89' lang='lat' dir='ltr'>est:</span> <span class='ocrx_word' id='word_1_236' title='bbox 2632 3151 3155 3212; x_wconf 82' lang='lat' dir='ltr'>Misericordiam</span> <span class='ocrx_word' id='word_1_237' title='bbox 3180 3153 3321 3209; x_wconf 81' lang='lat' dir='ltr'>volo</span> <span class='ocrx_word' id='word_1_238' title='bbox 3346 3161 3407 3210; x_wconf 85' lang='lat' dir='ltr'>et</span> <span class='ocrx_word' id='word_1_239' title='bbox 3435 3169 3571 3211; x_wconf 82' lang='lat' dir='ltr'>non</span> <span class='ocrx_word' id='word_1_240' title='bbox 3605 3152 3791 3211; x_wconf 82' lang='lat' dir='ltr'>sacri-</span> 
     </span>
    </p>
   </div>
   <div class='ocr_carea' id='block_1_10' title="bbox 696 3256 3790 3341">
    <p class='ocr_par' dir='ltr' id='par_1_10' title="bbox 696 3256 3790 3341">
     <span class='ocr_line' id='line_1_24' title="bbox 696 3256 3790 3341; baseline -0.002 -20"><span class='ocrx_word' id='word_1_241' title='bbox 696 3263 915 3341; x_wconf 81' lang='lat' dir='ltr'>ficium</span> <span class='ocrx_word' id='word_1_242' title='bbox 947 3256 1019 3340; x_wconf 82' lang='lat'>⁵).</span> <span class='ocrx_word' id='word_1_243' title='bbox 1054 3260 1240 3320; x_wconf 91' lang='lat' dir='ltr'>Nunc</span> <span class='ocrx_word' id='word_1_244' title='bbox 1274 3259 1432 3319; x_wconf 88' lang='lat' dir='ltr'>filiis</span> <span class='ocrx_word' id='word_1_245' title='bbox 1466 3259 1582 3318; x_wconf 91' lang='lat' dir='ltr'>Dei</span> <span class='ocrx_word' id='word_1_246' title='bbox 1617 3273 1843 3335; x_wconf 85' lang='lat' dir='ltr'>parce,</span> <span class='ocrx_word' id='word_1_247' title='bbox 1881 3263 2215 3334; x_wconf 78' lang='lat' dir='ltr'>quatenus</span> <span class='ocrx_word' id='word_1_248' title='bbox 2250 3257 2374 3317; x_wconf 90' lang='lat' dir='ltr'>tibi</span> <span class='ocrx_word' id='word_1_249' title='bbox 2410 3258 2537 3333; x_wconf 88' lang='lat' dir='ltr'>ipsi</span> <span class='ocrx_word' id='word_1_250' title='bbox 2563 3264 2629 3317; x_wconf 94' lang='lat' dir='ltr'>et</span> <span class='ocrx_word' id='word_1_251' title='bbox 2663 3258 2841 3317; x_wconf 87' lang='lat' dir='ltr'>natis</span> <span class='ocrx_word' id='word_1_252' title='bbox 2869 3257 3004 3316; x_wconf 84' lang='lat' dir='ltr'>tuis</span> <span class='ocrx_word' id='word_1_253' title='bbox 3054 3257 3540 3318; x_wconf 86' lang='lat' dir='ltr'>beatitudinem</span> <span class='ocrx_word' id='word_1_254' title='bbox 3578 3258 3790 3333; x_wconf 84' lang='lat' dir='ltr'>acqui-</span> 
     </span>
    </p>
   </div>
   <div class='ocr_carea' id='block_1_11' title="bbox 702 3363 3791 3528">
    <p class='ocr_par' dir='ltr' id='par_1_11' title="bbox 702 3363 3791 3528">
     <span class='ocr_line' id='line_1_25' title="bbox 702 3363 3791 3441; baseline 0 -19"><span class='ocrx_word' id='word_1_255' title='bbox 702 3380 833 3424; x_wconf 81' lang='lat' dir='ltr'>ras,</span> <span class='ocrx_word' id='word_1_256' title='bbox 868 3364 1144 3440; x_wconf 84' lang='lat' dir='ltr'>Porrige</span> <span class='ocrx_word' id='word_1_257' title='bbox 1175 3379 1337 3440; x_wconf 84' lang='lat' dir='ltr'>ergo</span> <span class='ocrx_word' id='word_1_258' title='bbox 1371 3364 1671 3440; x_wconf 89' lang='lat' dir='ltr'>ejusdem</span> <span class='ocrx_word' id='word_1_259' title='bbox 1705 3363 1863 3424; x_wconf 88' lang='lat' dir='ltr'>filiis</span> <span class='ocrx_word' id='word_1_260' title='bbox 1891 3364 2006 3423; x_wconf 91' lang='lat' dir='ltr'>Dei</span> <span class='ocrx_word' id='word_1_261' title='bbox 2042 3379 2313 3424; x_wconf 89' lang='lat' dir='ltr'>manum</span> <span class='ocrx_word' id='word_1_262' title='bbox 2356 3371 2539 3425; x_wconf 90' lang='lat' dir='ltr'>tuam</span> <span class='ocrx_word' id='word_1_263' title='bbox 2576 3365 2644 3424; x_wconf 92' lang='lat' dir='ltr'>in</span> <span class='ocrx_word' id='word_1_264' title='bbox 2677 3364 3036 3441; x_wconf 90' lang='lat' dir='ltr'>adjutorio,</span> <span class='ocrx_word' id='word_1_265' title='bbox 3076 3365 3167 3425; x_wconf 86' lang='lat' dir='ltr'>ita</span> <span class='ocrx_word' id='word_1_266' title='bbox 3200 3366 3379 3441; x_wconf 88' lang='lat' dir='ltr'>quod</span> <span class='ocrx_word' id='word_1_267' title='bbox 3413 3366 3622 3426; x_wconf 89' lang='lat' dir='ltr'>etiam</span> <span class='ocrx_word' id='word_1_268' title='bbox 3657 3381 3791 3440; x_wconf 81' lang='lat' dir='ltr'>gra-</span> 
     </span>
     <span class='ocr_line' id='line_1_26' title="bbox 703 3467 1501 3528; baseline -0.001 0"><span class='ocrx_word' id='word_1_269' title='bbox 703 3469 798 3528; x_wconf 90' lang='lat' dir='ltr'>tia</span> <span class='ocrx_word' id='word_1_270' title='bbox 832 3467 946 3527; x_wconf 84' lang='lat' dir='ltr'>Dei</span> <span class='ocrx_word' id='word_1_271' title='bbox 981 3468 1104 3528; x_wconf 91' lang='lat' dir='ltr'>tibi</span> <span class='ocrx_word' id='word_1_272' title='bbox 1141 3485 1272 3528; x_wconf 92' lang='lat' dir='ltr'>non</span> <span class='ocrx_word' id='word_1_273' title='bbox 1304 3468 1501 3528; x_wconf 87' lang='lat' dir='ltr'>desit.</span> 
     </span>
    </p>
   </div>
   <div class='ocr_carea' id='block_1_12' title="bbox 1640 3622 2862 3858">
    <p class='ocr_par' dir='ltr' id='par_1_12' title="bbox 1640 3622 2862 3858">
     <span class='ocr_line' id='line_1_27' title="bbox 2129 3622 2365 3682; baseline -0.004 -1"><span class='ocrx_word' id='word_1_274' title='bbox 2129 3622 2365 3682; x_wconf 87' lang='lat' dir='ltr'>LXXV.</span> 
     </span>
     <span class='ocr_line' id='line_1_28' title="bbox 1640 3775 2862 3858; baseline -0.001 -17"><span class='ocrx_word' id='word_1_275' title='bbox 1640 3782 1902 3858; x_wconf 73' lang='lat' dir='ltr'>Huqom·</span> <span class='ocrx_word' id='word_1_276' title='bbox 1938 3781 2016 3839; x_wconf 83' lang='lat' dir='ltr'>de</span> <span class='ocrx_word' id='word_1_277' title='bbox 2059 3780 2304 3840; x_wconf 76' lang='lat' dir='ltr'>Coleun</span> <span class='ocrx_word' id='word_1_278' title='bbox 2336 3775 2383 3858; x_wconf 77' lang='lat'>⁶)</span> <span class='ocrx_word' id='word_1_279' title='bbox 2420 3779 2862 3857; x_wconf 73' lang='lat' dir='ltr'>HildeyardiS.</span> 
     </span>
    </p>
   </div>
   <div class='ocr_carea' id='block_1_13' title="bbox 784 3925 1997 3998">
    <p class='ocr_par' dir='ltr' id='par_1_13' title="bbox 784 3925 1997 3998">
     <span class='ocr_line' id='line_1_29' title="bbox 784 3925 1997 3998; baseline 0.001 -18"><span class='ocrx_word' id='word_1_280' title='bbox 784 3925 1037 3981; x_wconf 81' lang='lat' dir='ltr'>Fratrem</span> <span class='ocrx_word' id='word_1_281' title='bbox 1065 3940 1195 3981; x_wconf 89' lang='lat' dir='ltr'>cum</span> <span class='ocrx_word' id='word_1_282' title='bbox 1224 3925 1400 3982; x_wconf 89' lang='lat' dir='ltr'>fratre</span> <span class='ocrx_word' id='word_1_283' title='bbox 1429 3926 1784 3983; x_wconf 85' lang='lat' dir='ltr'>reconciliari</span> <span class='ocrx_word' id='word_1_284' title='bbox 1812 3926 1997 3998; x_wconf 88' lang='lat' dir='ltr'>jubet.</span> 
     </span>
    </p>
   </div>
   <div class='ocr_carea' id='block_1_14' title="bbox 797 4064 3791 4143">
    <p class='ocr_par' dir='ltr' id='par_1_14' title="bbox 797 4064 3791 4143">
     <span class='ocr_line' id='line_1_30' title="bbox 797 4064 3791 4143; baseline 0.002 -19"><span class='ocrx_word' id='word_1_285' title='bbox 797 4064 1097 4126; x_wconf 86' lang='lat' dir='ltr'>Ecclesia</span> <span class='ocrx_word' id='word_1_286' title='bbox 1133 4082 1333 4143; x_wconf 87' lang='lat' dir='ltr'>saepe</span> <span class='ocrx_word' id='word_1_287' title='bbox 1382 4068 1720 4128; x_wconf 87' lang='lat' dir='ltr'>mirabilia</span> <span class='ocrx_word' id='word_1_288' title='bbox 1754 4072 2008 4142; x_wconf 89' lang='lat' dir='ltr'>narrat,</span> <span class='ocrx_word' id='word_1_289' title='bbox 2045 4071 2113 4125; x_wconf 91' lang='lat' dir='ltr'>et</span> <span class='ocrx_word' id='word_1_290' title='bbox 2161 4064 2334 4123; x_wconf 90' lang='lat' dir='ltr'>unde</span> <span class='ocrx_word' id='word_1_291' title='bbox 2370 4065 2705 4125; x_wconf 90' lang='lat' dir='ltr'>interdum</span> <span class='ocrx_word' id='word_1_292' title='bbox 2743 4082 2946 4143; x_wconf 89' lang='lat' dir='ltr'>super</span> <span class='ocrx_word' id='word_1_293' title='bbox 2987 4069 3344 4129; x_wconf 88' lang='lat' dir='ltr'>veritatem</span> <span class='ocrx_word' id='word_1_294' title='bbox 3394 4070 3459 4129; x_wconf 91' lang='lat' dir='ltr'>in</span> <span class='ocrx_word' id='word_1_295' title='bbox 3495 4071 3791 4133; x_wconf 84' lang='lat' dir='ltr'>irrisione</span> 
     </span>
    </p>
   </div>
   <div class='ocr_carea' id='block_1_15' title="bbox 713 4251 3792 5271">
    <p class='ocr_par' dir='ltr' id='par_1_15' title="bbox 713 4251 3792 5271">
     <span class='ocr_line' id='line_1_31' title="bbox 784 4251 3790 4324; baseline 0.001 -15"><span class='ocrx_word' id='word_1_296' title='bbox 784 4251 827 4318; x_wconf 87' lang='lat'>¹)</span> <span class='ocrx_word' id='word_1_297' title='bbox 843 4252 1074 4309; x_wconf 86' lang='lat' dir='ltr'>Utinam</span> <span class='ocrx_word' id='word_1_298' title='bbox 1097 4270 1281 4311; x_wconf 88' lang='lat' dir='ltr'>comes</span> <span class='ocrx_word' id='word_1_299' title='bbox 1295 4255 1621 4312; x_wconf 84' lang='lat' dir='ltr'>Matthaeus</span> <span class='ocrx_word' id='word_1_300' title='bbox 1638 4252 2038 4324; x_wconf 75' lang='lat' dir='ltr'>diligentiores</span> <span class='ocrx_word' id='word_1_301' title='bbox 2056 4267 2210 4324; x_wconf 86' lang='lat' dir='ltr'>prae·</span> <span class='ocrx_word' id='word_1_302' title='bbox 2300 4265 2432 4307; x_wconf 89' lang='lat' dir='ltr'>mon</span> <span class='ocrx_word' id='word_1_303' title='bbox 2461 4252 2620 4307; x_wconf 77' lang='lat' dir='ltr'>suavi</span> <span class='ocrx_word' id='word_1_304' title='bbox 2650 4252 2941 4309; x_wconf 83' lang='lat' dir='ltr'>amicitiae</span> <span class='ocrx_word' id='word_1_305' title='bbox 2961 4255 3372 4311; x_wconf 88' lang='lat' dir='ltr'>consuetudine</span> <span class='ocrx_word' id='word_1_306' title='bbox 3392 4272 3522 4312; x_wconf 87' lang='lat' dir='ltr'>cum</span> <span class='ocrx_word' id='word_1_307' title='bbox 3552 4258 3653 4313; x_wconf 89' lang='lat' dir='ltr'>SS.</span> <span class='ocrx_word' id='word_1_308' title='bbox 3676 4257 3790 4312; x_wconf 84' lang='lat' dir='ltr'>Ber·</span> 
     </span>
     <span class='ocr_line' id='line_1_32' title="bbox 713 4336 3792 4407; baseline 0.002 -16"><span class='ocrx_word' id='word_1_309' title='bbox 713 4336 908 4392; x_wconf 86' lang='lat' dir='ltr'>buerit</span> <span class='ocrx_word' id='word_1_310' title='bbox 946 4353 1110 4394; x_wconf 86' lang='lat' dir='ltr'>aures</span> <span class='ocrx_word' id='word_1_311' title='bbox 1147 4340 1406 4403; x_wconf 83' lang='lat' dir='ltr'>monitis,</span> <span class='ocrx_word' id='word_1_312' title='bbox 1448 4355 1561 4396; x_wconf 91' lang='lat' dir='ltr'>non</span> <span class='ocrx_word' id='word_1_313' title='bbox 1599 4341 1782 4396; x_wconf 86' lang='lat' dir='ltr'>solum</span> <span class='ocrx_word' id='word_1_314' title='bbox 1824 4336 2213 4407; x_wconf 85' lang='lat' dir='ltr'>Hildegardis,</span> <span class='ocrx_word' id='word_1_315' title='bbox 2301 4337 2474 4391; x_wconf 87' lang='lat' dir='ltr'>nardo</span> <span class='ocrx_word' id='word_1_316' title='bbox 2500 4341 2558 4391; x_wconf 90' lang='lat' dir='ltr'>et</span> <span class='ocrx_word' id='word_1_317' title='bbox 2584 4337 2861 4394; x_wconf 87' lang='lat' dir='ltr'>Norherto</span> <span class='ocrx_word' id='word_1_318' title='bbox 2891 4338 3204 4396; x_wconf 78' lang='lat' dir='ltr'>fruebatur.</span> <span class='ocrx_word' id='word_1_319' title='bbox 3234 4340 3515 4398; x_wconf 81' lang='lat' dir='ltr'>Matthaei</span> <span class='ocrx_word' id='word_1_320' title='bbox 3542 4359 3687 4399; x_wconf 77' lang='lat' dir='ltr'>uxor</span> <span class='ocrx_word' id='word_1_321' title='bbox 3709 4358 3792 4397; x_wconf 87' lang='lat' dir='ltr'>no-</span> 
     </span>
     <span class='ocr_line' id='line_1_33' title="bbox 714 4420 3792 4496; baseline 0.003 -20"><span class='ocrx_word' id='word_1_322' title='bbox 714 4422 809 4477; x_wconf 89' lang='lat' dir='ltr'>sed</span> <span class='ocrx_word' id='word_1_323' title='bbox 849 4422 976 4494; x_wconf 89' lang='lat' dir='ltr'>piae</span> <span class='ocrx_word' id='word_1_324' title='bbox 1016 4426 1216 4482; x_wconf 85' lang='lat' dir='ltr'>matris</span> <span class='ocrx_word' id='word_1_325' title='bbox 1253 4425 1562 4488; x_wconf 82' lang='lat' dir='ltr'>Adeleidis.</span> <span class='ocrx_word' id='word_1_326' title='bbox 1604 4441 1748 4496; x_wconf 89' lang='lat' dir='ltr'>quae</span> <span class='ocrx_word' id='word_1_327' title='bbox 1774 4441 1805 4479; x_wconf 89' lang='lat' dir='ltr'>a</span> <span class='ocrx_word' id='word_1_328' title='bbox 1842 4424 1900 4480; x_wconf 90' lang='lat' dir='ltr'>S.</span> <span class='ocrx_word' id='word_1_329' title='bbox 1930 4421 2214 4479; x_wconf 84' lang='lat' dir='ltr'>Bernardo</span> <span class='ocrx_word' id='word_1_330' title='bbox 2301 4420 2456 4476; x_wconf 89' lang='lat' dir='ltr'>mine</span> <span class='ocrx_word' id='word_1_331' title='bbox 2482 4421 2711 4486; x_wconf 85' lang='lat' dir='ltr'>Bertha‚</span> <span class='ocrx_word' id='word_1_332' title='bbox 2736 4424 2821 4478; x_wconf 86' lang='lat' dir='ltr'>vel</span> <span class='ocrx_word' id='word_1_333' title='bbox 2844 4424 3069 4488; x_wconf 87' lang='lat' dir='ltr'>Judith,</span> <span class='ocrx_word' id='word_1_334' title='bbox 3096 4440 3273 4496; x_wconf 85' lang='lat' dir='ltr'>quum</span> <span class='ocrx_word' id='word_1_335' title='bbox 3302 4442 3460 4482; x_wconf 88' lang='lat' dir='ltr'>soror</span> <span class='ocrx_word' id='word_1_336' title='bbox 3480 4427 3657 4485; x_wconf 89' lang='lat' dir='ltr'>fuerit</span> <span class='ocrx_word' id='word_1_337' title='bbox 3680 4430 3792 4484; x_wconf 79' lang='lat' dir='ltr'>Fre-</span> 
     </span>
     <span class='ocr_line' id='line_1_34' title="bbox 714 4506 3789 4582; baseline 0.001 -19"><span class='ocrx_word' id='word_1_338' title='bbox 714 4524 785 4563; x_wconf 82' lang='lat' dir='ltr'>ex</span> <span class='ocrx_word' id='word_1_339' title='bbox 811 4508 1013 4563; x_wconf 87' lang='lat' dir='ltr'>multis</span> <span class='ocrx_word' id='word_1_340' title='bbox 1043 4510 1433 4581; x_wconf 82' lang='lat' dir='ltr'>voluptatibus</span> <span class='ocrx_word' id='word_1_341' title='bbox 1460 4510 1670 4567; x_wconf 84' lang='lat' dir='ltr'>saeculi</span> <span class='ocrx_word' id='word_1_342' title='bbox 1698 4514 1911 4582; x_wconf 88' lang='lat' dir='ltr'>erepta,</span> <span class='ocrx_word' id='word_1_343' title='bbox 1941 4514 2068 4581; x_wconf 90' lang='lat' dir='ltr'>post</span> <span class='ocrx_word' id='word_1_344' title='bbox 2093 4508 2215 4564; x_wconf 90' lang='lat' dir='ltr'>obi·</span> <span class='ocrx_word' id='word_1_345' title='bbox 2301 4506 2479 4563; x_wconf 88' lang='lat' dir='ltr'>derici</span> <span class='ocrx_word' id='word_1_346' title='bbox 2509 4508 2886 4580; x_wconf 85' lang='lat' dir='ltr'>imperatoris.</span> <span class='ocrx_word' id='word_1_347' title='bbox 2917 4510 3097 4566; x_wconf 86' lang='lat' dir='ltr'>invita</span> <span class='ocrx_word' id='word_1_348' title='bbox 3129 4510 3365 4567; x_wconf 85' lang='lat' dir='ltr'>fortasse</span> <span class='ocrx_word' id='word_1_349' title='bbox 3391 4527 3621 4568; x_wconf 81' lang='lat' dir='ltr'>causam</span> <span class='ocrx_word' id='word_1_350' title='bbox 3648 4511 3789 4568; x_wconf 88' lang='lat' dir='ltr'>dedit</span> 
     </span>
     <span class='ocr_line' id='line_1_35' title="bbox 719 4593 3791 4670; baseline 0.001 -19"><span class='ocrx_word' id='word_1_351' title='bbox 719 4602 842 4651; x_wconf 91' lang='lat' dir='ltr'>tum</span> <span class='ocrx_word' id='word_1_352' title='bbox 882 4596 1112 4652; x_wconf 88' lang='lat' dir='ltr'>comitis</span> <span class='ocrx_word' id='word_1_353' title='bbox 1150 4596 1401 4653; x_wconf 89' lang='lat' dir='ltr'>Simonis</span> <span class='ocrx_word' id='word_1_354' title='bbox 1438 4595 1719 4667; x_wconf 85' lang='lat' dir='ltr'>conjugis,</span> <span class='ocrx_word' id='word_1_355' title='bbox 1759 4612 1808 4652; x_wconf 85' lang='lat' dir='ltr'>a.</span> <span class='ocrx_word' id='word_1_356' title='bbox 1855 4599 2015 4657; x_wconf 79' lang='grc'><strong>1139,</strong></span> <span class='ocrx_word' id='word_1_357' title='bbox 2057 4611 2115 4650; x_wconf 89' lang='lat' dir='ltr'>se</span> <span class='ocrx_word' id='word_1_358' title='bbox 2155 4593 2215 4649; x_wconf 92' lang='lat' dir='ltr'>in</span> <span class='ocrx_word' id='word_1_359' title='bbox 2303 4594 2509 4651; x_wconf 88' lang='lat' dir='ltr'>marito</span> <span class='ocrx_word' id='word_1_360' title='bbox 2524 4595 2912 4668; x_wconf 83' lang='lat' dir='ltr'>superbiendi,</span> <span class='ocrx_word' id='word_1_361' title='bbox 2935 4602 3120 4652; x_wconf 86' lang='lat' dir='ltr'>ettam</span> <span class='ocrx_word' id='word_1_362' title='bbox 3137 4595 3519 4654; x_wconf 80' lang='lat' dir='ltr'>ecclesiastica</span> <span class='ocrx_word' id='word_1_363' title='bbox 3535 4613 3704 4670; x_wconf 86' lang='lat' dir='ltr'>quam</span> <span class='ocrx_word' id='word_1_364' title='bbox 3723 4596 3791 4654; x_wconf 88' lang='lat' dir='ltr'>ci-</span> 
     </span>
     <span class='ocr_line' id='line_1_36' title="bbox 715 4679 3789 4758; baseline 0.002 -20"><span class='ocrx_word' id='word_1_365' title='bbox 715 4684 1123 4740; x_wconf 88' lang='lat' dir='ltr'>monasterium</span> <span class='ocrx_word' id='word_1_366' title='bbox 1150 4684 1525 4741; x_wconf 85' lang='lat' dir='ltr'>Tardomonte</span> <span class='ocrx_word' id='word_1_367' title='bbox 1552 4703 1722 4757; x_wconf 89' lang='lat' dir='ltr'>prope</span> <span class='ocrx_word' id='word_1_368' title='bbox 1747 4684 2044 4741; x_wconf 83' lang='lat' dir='ltr'>Divionem</span> <span class='ocrx_word' id='word_1_369' title='bbox 2072 4700 2221 4740; x_wconf 88' lang='lat' dir='ltr'>rece·</span> <span class='ocrx_word' id='word_1_370' title='bbox 2308 4679 2443 4735; x_wconf 85' lang='lat' dir='ltr'>vilia</span> <span class='ocrx_word' id='word_1_371' title='bbox 2459 4681 2589 4751; x_wconf 81' lang='lat' dir='ltr'>jura</span> <span class='ocrx_word' id='word_1_372' title='bbox 2612 4681 2923 4753; x_wconf 78' lang='lat' dir='ltr'>praefracte</span> <span class='ocrx_word' id='word_1_373' title='bbox 2947 4683 3339 4741; x_wconf 86' lang='lat' dir='ltr'>conculcandi.</span> <span class='ocrx_word' id='word_1_374' title='bbox 3366 4683 3641 4758; x_wconf 87' lang='lat' dir='ltr'>Suspicor</span> <span class='ocrx_word' id='word_1_375' title='bbox 3658 4701 3789 4744; x_wconf 78' lang='lat' dir='ltr'>eam-</span> 
     </span>
     <span class='ocr_line' id='line_1_37' title="bbox 719 4766 3788 4844; baseline -0 -18"><span class='ocrx_word' id='word_1_376' title='bbox 719 4771 825 4843; x_wconf 83' lang='lat' dir='ltr'>pit.</span> <span class='ocrx_word' id='word_1_377' title='bbox 876 4769 953 4825; x_wconf 79' lang='lat' dir='ltr'>At</span> <span class='ocrx_word' id='word_1_378' title='bbox 1001 4770 1186 4841; x_wconf 86' lang='lat' dir='ltr'>ruptis</span> <span class='ocrx_word' id='word_1_379' title='bbox 1237 4770 1522 4841; x_wconf 86' lang='lat' dir='ltr'>repagulis</span> <span class='ocrx_word' id='word_1_380' title='bbox 1574 4769 1809 4825; x_wconf 87' lang='lat' dir='ltr'>fortasse</span> <span class='ocrx_word' id='word_1_381' title='bbox 1861 4767 2178 4824; x_wconf 80' lang='lat' dir='ltr'>laxioribus</span> <span class='ocrx_word' id='word_1_382' title='bbox 2203 4809 2218 4830; x_wconf 88' lang='lat'>,</span> <span class='ocrx_word' id='word_1_383' title='bbox 2306 4766 2431 4821; x_wconf 89' lang='lat' dir='ltr'>dem</span> <span class='ocrx_word' id='word_1_384' title='bbox 2460 4782 2580 4823; x_wconf 89' lang='lat' dir='ltr'>esse</span> <span class='ocrx_word' id='word_1_385' title='bbox 2604 4766 2894 4831; x_wconf 70' lang='lat' dir='ltr'>Ber-tham,</span> <span class='ocrx_word' id='word_1_386' title='bbox 2923 4768 3014 4824; x_wconf 89' lang='lat' dir='ltr'>cui</span> <span class='ocrx_word' id='word_1_387' title='bbox 3051 4768 3291 4840; x_wconf 89' lang='lat' dir='ltr'>epistola</span> <span class='ocrx_word' id='word_1_388' title='bbox 3323 4769 3508 4825; x_wconf 85' lang='lat' dir='ltr'>LXXI</span> <span class='ocrx_word' id='word_1_389' title='bbox 3544 4772 3788 4844; x_wconf 86' lang='lat' dir='ltr'>superius</span> 
     </span>
     <span class='ocr_line' id='line_1_38' title="bbox 718 4849 3788 4926; baseline 0.001 -15"><span class='ocrx_word' id='word_1_390' title='bbox 718 4857 1043 4912; x_wconf 83' lang='lat' dir='ltr'>Matthaeus</span> <span class='ocrx_word' id='word_1_391' title='bbox 1072 4854 1150 4910; x_wconf 87' lang='lat' dir='ltr'>ita</span> <span class='ocrx_word' id='word_1_392' title='bbox 1179 4871 1237 4911; x_wconf 89' lang='lat' dir='ltr'>se</span> <span class='ocrx_word' id='word_1_393' title='bbox 1264 4855 1631 4926; x_wconf 81' lang='lat' dir='ltr'>praecipitem</span> <span class='ocrx_word' id='word_1_394' title='bbox 1661 4871 1760 4925; x_wconf 88' lang='lat' dir='ltr'>per</span> <span class='ocrx_word' id='word_1_395' title='bbox 1797 4854 1920 4909; x_wconf 84' lang='lat' dir='ltr'>avia</span> <span class='ocrx_word' id='word_1_396' title='bbox 1947 4854 2127 4917; x_wconf 87' lang='lat' dir='ltr'>dedit,</span> <span class='ocrx_word' id='word_1_397' title='bbox 2156 4860 2221 4910; x_wconf 87' lang='lat' dir='ltr'>ut</span> <span class='ocrx_word' id='word_1_398' title='bbox 2305 4849 2491 4906; x_wconf 90' lang='lat' dir='ltr'>datur.</span> <span class='ocrx_word' id='word_1_399' title='bbox 2513 4852 3788 4926; x_wconf 68' lang='lat' dir='ltr'>——²)Inpereyrinationemisericordiaecod.-</span> 
     </span>
     <span class='ocr_line' id='line_1_39' title="bbox 722 4934 3791 5013; baseline -0.001 -14"><span class='ocrx_word' id='word_1_400' title='bbox 722 4945 895 5000; x_wconf 88' lang='lat' dir='ltr'>semel</span> <span class='ocrx_word' id='word_1_401' title='bbox 936 4949 994 4999; x_wconf 86' lang='lat' dir='ltr'>et</span> <span class='ocrx_word' id='word_1_402' title='bbox 1034 4942 1244 4997; x_wconf 77' lang='lat' dir='ltr'>iteruin</span> <span class='ocrx_word' id='word_1_403' title='bbox 1287 4940 1346 4995; x_wconf 89' lang='lat' dir='ltr'>in</span> <span class='ocrx_word' id='word_1_404' title='bbox 1387 4941 1547 4996; x_wconf 86' lang='lat' dir='ltr'>brevi</span> <span class='ocrx_word' id='word_1_405' title='bbox 1578 4947 1832 5011; x_wconf 86' lang='lat' dir='ltr'>tempore</span> <span class='ocrx_word' id='word_1_406' title='bbox 1869 4955 1918 4996; x_wconf 85' lang='lat' dir='ltr'>a.</span> <span class='ocrx_word' id='word_1_407' title='bbox 1967 4944 2105 4996; x_wconf 72' lang='lat'>11⁴2</span> <span class='ocrx_word' id='word_1_408' title='bbox 2149 4940 2221 4995; x_wconf 87' lang='lat' dir='ltr'>ab</span> <span class='ocrx_word' id='word_1_409' title='bbox 2303 4934 2349 4998; x_wconf 78' lang='lat'>³)</span> <span class='ocrx_word' id='word_1_410' title='bbox 2376 4935 2628 4991; x_wconf 68' lang='lat' dir='ltr'>Ser-viem</span> <span class='ocrx_word' id='word_1_411' title='bbox 2654 4938 2857 5006; x_wconf 81' lang='lat' dir='ltr'>gallice</span> <span class='ocrx_word' id='word_1_412' title='bbox 2878 4939 3125 5013; x_wconf 62' lang='lat' dir='ltr'>sergent,</span> <span class='ocrx_word' id='word_1_413' title='bbox 3151 4954 3265 5010; x_wconf 85' lang='lat' dir='ltr'>quo</span> <span class='ocrx_word' id='word_1_414' title='bbox 3294 4957 3463 4997; x_wconf 88' lang='lat' dir='ltr'>sensu</span> <span class='ocrx_word' id='word_1_415' title='bbox 3485 4943 3791 4999; x_wconf 59' lang='lat' dir='ltr'>Ludos-icus</span> 
     </span>
     <span class='ocr_line' id='line_1_40' title="bbox 716 5021 3790 5099; baseline 0 -17"><span class='ocrx_word' id='word_1_416' title='bbox 716 5027 973 5096; x_wconf 86' lang='lat' dir='ltr'>Eugenio</span> <span class='ocrx_word' id='word_1_417' title='bbox 995 5027 1077 5081; x_wconf 87' lang='lat'>111</span> <span class='ocrx_word' id='word_1_418' title='bbox 1102 5025 1342 5081; x_wconf 83' lang='lat' dir='ltr'>fulmina</span> <span class='ocrx_word' id='word_1_419' title='bbox 1370 5026 1566 5082; x_wconf 87' lang='lat' dir='ltr'>tulerit</span> <span class='ocrx_word' id='word_1_420' title='bbox 1587 5025 2215 5090; x_wconf 84' lang='lat' dir='ltr'>excommunicationis,</span> <span class='ocrx_word' id='word_1_421' title='bbox 2308 5038 2404 5077; x_wconf 84' lang='lat' dir='ltr'>rex</span> <span class='ocrx_word' id='word_1_422' title='bbox 2434 5021 2623 5076; x_wconf 90' lang='lat' dir='ltr'>dicere</span> <span class='ocrx_word' id='word_1_423' title='bbox 2649 5039 2707 5078; x_wconf 90' lang='lat' dir='ltr'>se</span> <span class='ocrx_word' id='word_1_424' title='bbox 2733 5023 3013 5092; x_wconf 84' lang='lat' dir='ltr'>gestiebat</span> <span class='ocrx_word' id='word_1_425' title='bbox 3048 5025 3097 5080; x_wconf 84' lang='lat' dir='ltr'>le</span> <span class='ocrx_word' id='word_1_426' title='bbox 3124 5024 3350 5099; x_wconf 63' lang='lat' dir='ltr'>Sei-qen!</span> <span class='ocrx_word' id='word_1_427' title='bbox 3386 5029 3462 5082; x_wconf 71' lang='lat' dir='ltr'>du</span> <span class='ocrx_word' id='word_1_428' title='bbox 3490 5027 3693 5083; x_wconf 72' lang='lat' dir='ltr'>Christ.</span> <span class='ocrx_word' id='word_1_429' title='bbox 3732 5057 3790 5066; x_wconf 89' lang='lat'>—</span> 
     </span>
     <span class='ocr_line' id='line_1_41' title="bbox 722 5107 3789 5182; baseline -0.001 -14"><span class='ocrx_word' id='word_1_430' title='bbox 722 5131 786 5169; x_wconf 88' lang='lat' dir='ltr'>ac</span> <span class='ocrx_word' id='word_1_431' title='bbox 828 5115 1053 5182; x_wconf 88' lang='lat' dir='ltr'>longum</span> <span class='ocrx_word' id='word_1_432' title='bbox 1082 5117 1139 5167; x_wconf 87' lang='lat' dir='ltr'>et</span> <span class='ocrx_word' id='word_1_433' title='bbox 1166 5118 1327 5169; x_wconf 81' lang='lat' dir='ltr'>atrox</span> <span class='ocrx_word' id='word_1_434' title='bbox 1367 5114 1581 5168; x_wconf 87' lang='lat' dir='ltr'>bellum</span> <span class='ocrx_word' id='word_1_435' title='bbox 1623 5126 1752 5167; x_wconf 87' lang='lat' dir='ltr'>cum</span> <span class='ocrx_word' id='word_1_436' title='bbox 1795 5110 2060 5182; x_wconf 88' lang='lat' dir='ltr'>episcopo</span> <span class='ocrx_word' id='word_1_437' title='bbox 2105 5112 2221 5166; x_wconf 84' lang='lat' dir='ltr'>Me·</span> <span class='ocrx_word' id='word_1_438' title='bbox 2304 5108 2348 5174; x_wconf 82' lang='lat'>⁴)</span> <span class='ocrx_word' id='word_1_439' title='bbox 2387 5107 2549 5168; x_wconf 83' lang='lat' dir='ltr'>Cant.</span> <span class='ocrx_word' id='word_1_440' title='bbox 2593 5109 2634 5164; x_wconf 88' lang='grc' dir='ltr'>Ι.</span> <span class='ocrx_word' id='word_1_441' title='bbox 2689 5114 2739 5171; x_wconf 89' lang='grc'>1,</span> <span class='ocrx_word' id='word_1_442' title='bbox 2781 5139 2845 5149; x_wconf 87' lang='lat'>——</span> <span class='ocrx_word' id='word_1_443' title='bbox 2894 5111 2937 5174; x_wconf 82' lang='lat'>⁵)</span> <span class='ocrx_word' id='word_1_444' title='bbox 2981 5109 3169 5164; x_wconf 84' lang='lat' dir='ltr'>Matth</span> <span class='ocrx_word' id='word_1_445' title='bbox 3206 5110 3340 5173; x_wconf 84' lang='lat' dir='ltr'>xn.</span> <span class='ocrx_word' id='word_1_446' title='bbox 3385 5117 3433 5166; x_wconf 87' lang='lat'>7.</span> <span class='ocrx_word' id='word_1_447' title='bbox 3478 5143 3546 5151; x_wconf 92' lang='lat'><strong>—</strong></span> <span class='ocrx_word' id='word_1_448' title='bbox 3572 5113 3618 5177; x_wconf 71' lang='grc' dir='ltr'>ο)</span> <span class='ocrx_word' id='word_1_449' title='bbox 3655 5110 3789 5177; x_wconf 86' lang='lat' dir='ltr'>Quid</span> 
     </span>
     <span class='ocr_line' id='line_1_42' title="bbox 726 5196 3784 5271; baseline -0.001 -18"><span class='ocrx_word' id='word_1_450' title='bbox 726 5199 868 5253; x_wconf 79' lang='lat' dir='ltr'>tensi</span> <span class='ocrx_word' id='word_1_451' title='bbox 897 5206 954 5254; x_wconf 84' lang='lat' dir='ltr'>ct</span> <span class='ocrx_word' id='word_1_452' title='bbox 980 5197 1111 5252; x_wconf 88' lang='lat' dir='ltr'>aliis</span> <span class='ocrx_word' id='word_1_453' title='bbox 1139 5198 1495 5254; x_wconf 82' lang='lat' dir='ltr'>sustinuerit.</span> <span class='ocrx_word' id='word_1_454' title='bbox 1522 5198 1788 5271; x_wconf 86' lang='lat' dir='ltr'>Optimus</span> <span class='ocrx_word' id='word_1_455' title='bbox 1807 5198 1929 5268; x_wconf 79' lang='lat' dir='ltr'>ejus</span> <span class='ocrx_word' id='word_1_456' title='bbox 1954 5202 2113 5268; x_wconf 82' lang='lat' dir='ltr'>pater</span> <span class='ocrx_word' id='word_1_457' title='bbox 2133 5197 2216 5253; x_wconf 90' lang='lat' dir='ltr'>Si·</span> <span class='ocrx_word' id='word_1_458' title='bbox 2306 5197 2354 5253; x_wconf 91' lang='lat' dir='ltr'>si</span> <span class='ocrx_word' id='word_1_459' title='bbox 2381 5197 2615 5269; x_wconf 84' lang='lat' dir='ltr'>Ilugoni</span> <span class='ocrx_word' id='word_1_460' title='bbox 2636 5197 2993 5254; x_wconf 81' lang='lat' dir='ltr'>Coloniensi?</span> <span class='ocrx_word' id='word_1_461' title='bbox 3018 5196 3251 5254; x_wconf 89' lang='lat' dir='ltr'>Colonia</span> <span class='ocrx_word' id='word_1_462' title='bbox 3275 5197 3597 5268; x_wconf 82' lang='lat' dir='ltr'>germanice</span> <span class='ocrx_word' id='word_1_463' title='bbox 3620 5197 3784 5253; x_wconf 69' lang='lat' dir='ltr'>Coela.</span> 
     </span>
    </p>
   </div>
  </div>
 </body>
</html>
