4036 6117
777 486 909 552 94⁴2
1922 505 1975 551 s.
2037 506 2596 554 mnnscsnms

704 621 834 682 bus
869 624 1195 700 scripturn
1229 629 1353 683 est:
1393 623 1554 683 Oves
1602 625 1674 683 in
1708 625 1978 703 inferno
2012 629 2216 703 positi
2249 633 2427 701 sunt3
2477 621 2523 703 ¹)
2560 632 2628 686 et
2661 632 2815 686 sunt
2863 641 3034 701 quos
3066 641 3353 685 acumen
3410 625 3649 700 ingenii
3677 624 3760 684 tal-

706 728 852 788 lens
909 729 977 789 in
1026 730 1336 789 tenebras
1397 729 1766 804 injustitiae
1821 730 2174 806 demergit,
2227 733 2413 792 velut
2462 739 2529 791 et
2577 732 2815 792 oculus
2863 732 3069 791 nimio
3117 733 3285 791 solis
3339 733 3593 791 lumine
3637 732 3763 789 iniu-

711 850 852 910 ωε,
911 835 1315 896 obscuratur
1362 835 1586 909 potius
1644 850 1842 910 quam
1892 836 2228 896 clarescit.
2280 837 2405 896 Sed
2454 837 2807 896 dicendum
2856 837 3014 911 quia
3064 836 3240 896 sicut
3287 834 3484 895 aliud
3533 833 3763 906 simplex

709 938 1110 1013 ignorantia,
1164 938 1343 997 aliud
1394 939 1687 997 caecitas
1736 938 1974 997 merito
2025 940 2459 999 obstinationi
2513 940 2789 1009 inflicta,
2844 941 2935 998 ita
2969 942 3036 999 et
3084 939 3189 999 his
3235 940 3356 1015 qui
3412 936 3767 1012 simpliciter

712 1043 1053 1118 ignorant,
1113 1048 1179 1101 et
1230 1047 1478 1114 errant,
1530 1058 2027 1117 nonnumquam
2074 1049 2190 1102 aut
2239 1060 2358 1118 per
2408 1045 2736 1103 internam
2788 1044 3288 1118 aspirationem,
3351 1048 3478 1102 aut
3521 1056 3635 1116 per
3676 1039 3771 1098 ira-

711 1151 973 1206 ternam
1030 1147 1573 1206 ammonitionem
1629 1146 1854 1206 divina
1911 1149 2223 1208 subvenit
2281 1150 2658 1210 clementia.
2718 1150 2856 1210 Hos
2903 1166 3064 1210 vero
3121 1166 3292 1226 quos
3344 1149 3572 1208 inanis
3627 1147 3771 1206 inflat

716 1249 1021 1323 scientia,
1072 1256 1138 1308 et
1171 1250 1285 1325 qui
1334 1252 1566 1310 contra
1615 1250 1967 1310 consilium
2003 1251 2412 1328 Scripturae,
2464 1269 2628 1313 suae
2677 1253 3054 1313 innituntur
3101 1253 3533 1328 prudentiae,
3583 1251 3770 1309 distri-

718 1358 828 1412 cto
868 1351 1045 1412 Deus
1093 1352 1400 1413 deterens
1443 1353 1720 1429 judicic,
1775 1356 1840 1414 in
1875 1357 2235 1432 reprobum
2281 1358 2679 1433 plerumque
2730 1356 2936 1417 tradit
2984 1373 3277 1430 sensum,
3331 1360 3413 1416 ut
3450 1355 3687 1414 faciant
3719 1370 3776 1413 ea

672 1513 676 1517 .
719 1472 893 1531 quae
939 1471 1073 1515 non
1105 1458 1533 1526 conveniunt,
1586 1459 1760 1518 sicut
1807 1461 1900 1518 ait
1934 1460 2280 1536 propheta:
2335 1461 2681 1538 Sapientes
2724 1467 2796 1519 ut
2831 1462 3084 1538 faciant
3131 1461 3332 1520 mala.
3367 1458 3426 1539 ²)
3463 1458 3696 1548 Debis
3731 1465 3780 1516 et

718 1554 1060 1618 Dominus:
1114 1560 1326 1621 Sinite
1384 1563 1558 1636 ilice,
1609 1565 1783 1622 caeci
1842 1569 1995 1622 sunt
2047 1565 2245 1623 duces
2301 1582 2664 1625 caecorum.
2720 1565 2964 1624 Caecus
3011 1570 3233 1624 autem
3291 1568 3349 1624 si
3402 1580 3595 1625 caeco
3623 1563 3781 1622 duca-

721 1669 867 1722 tum
906 1662 1242 1740 praebeat,
1275 1647 1513 1725 &nonne
1560 1665 1743 1724 ambo
1777 1668 1849 1725 in
1897 1668 2153 1744 foveam
2201 1669 2483 1729 cadunt?
2511 1662 2561 1747 ⁸)
2614 1667 3010 1743 Hujusmodi
3058 1669 3357 1744 loquitur
3402 1668 3637 1727 Isaias:
3690 1665 3782 1722 Vae

719 1769 837 1844 qui
885 1770 1213 1844 sapientes
1262 1772 1418 1828 estis
1453 1772 1520 1829 in
1572 1772 1778 1830 oculis
1827 1773 2085 1844 vestris,
2138 1778 2199 1829 et
2251 1789 2471 1831 coram
2517 1773 2927 1849 vosmetipsis
2969 1773 3364 1849 prudentes,
3413 1768 3466 1851 ⁴)
3518 1771 3586 1831 in
3629 1771 3783 1846 cujus

722 1868 1174 1931 devotationis
1244 1872 1504 1933 foveam
1561 1889 1643 1932 ne
1705 1874 1999 1934 incidant
2061 1874 2406 1950 discipuli,
2466 1877 2793 1951 magister
2849 1880 3215 1949 ammonet,
3275 1875 3551 1934 dicens:
3610 1874 3785 1934 Nolite

726 1993 864 2040 esse
908 1978 1276 2055 prudentes
1325 1979 1506 2056 apud
1545 1984 1787 2039 vosmet
1838 1982 2034 2056 ipsos.
2069 1973 2116 2057 ⁵)
2168 1980 2337 2051 Quia
2384 1996 2544 2040 vero
2593 1986 2661 2039 et
2694 1980 3057 2042 secundum
3108 1979 3578 2054 Evangelium,
3626 1981 3689 2036 in
3706 1973 3789 2049 ju·-

726 2080 978 2141 dicium
1026 2082 1345 2142 Dominus
1392 2085 1569 2142 venit
1622 2086 1694 2159 in
1743 2087 1919 2144 hunc
1965 2084 2317 2157 mundum,
2370 2093 2441 2143 ut
2492 2086 2607 2161 qui
2655 2101 2793 2145 non
2839 2084 3066 2143 vident
3116 2082 3412 2155 videant,
3470 2086 3533 2140 et
3583 2083 3685 2158 qui
3721 2080 3790 2137 ri-

726 2182 911 2257 dent,
962 2189 1137 2246 caeci
1183 2188 1368 2266 fiant3
1415 2181 1463 2264 ⁶)
1514 2190 1581 2247 et
1622 2187 1813 2263 juxta
1860 2188 2253 2263 Apostolum
2305 2187 2714 2262 repudianda
2772 2193 2929 2247 sunt
2975 2203 3054 2246 ea
3089 2201 3259 2261 quae
3308 2191 3476 2245 sunt
3526 2185 3790 2259 parvulo-
3900 2179 3903 2254 ’Ἴ

732 2303 903 2365 rum,
952 2291 1270 2366 quoniam
1317 2294 1528 2351 omnis
1575 2294 1689 2369 qui
1725 2292 1913 2351 lactis
1962 2298 2058 2351 est
2092 2294 2461 2368 particeps,
2513 2310 2754 2368 expers
2789 2298 2885 2349 est
2935 2292 3252 2350 sermonis
3282 2287 3635 2362 justitiae,
3674 2305 3791 2364 pcr-
3904 2321 3905 2338 κ

730 2397 926 2457 vulus
959 2401 1141 2457 enim
1172 2405 1292 2473 est;
1326 2395 1375 2477 ⁷)
1412 2403 1479 2457 et
1529 2399 1683 2458 item
1722 2397 2090 2458 secundum
2122 2398 2452 2471 eumdem,
2506 2413 2634 2456 non
2664 2402 2771 2455 est
2804 2395 3196 2473 sapiendum
3243 2395 3610 2470 plusquam
3640 2407 3792 2466 opor·

733 2500 859 2575 tet,
913 2499 1030 2560 sed
1088 2501 1483 2575 sapiendum
1531 2503 1612 2562 ad
1648 2502 2184 2579 temperantiam,
2237 2502 2401 2562 illud
2448 2501 2625 2564 inter
2672 2501 2839 2561 haec
2889 2501 3240 2560 tenendum
3291 2507 3401 2560 est
3452 2500 3789 2569 consilium²

681 2613 686 2619 ’
733 2605 912 2680 quod
957 2605 1278 2667 Dominus
1330 2607 1396 2667 in
1437 2607 1798 2683 Evangelio
1850 2608 2109 2679 tribuit,
2161 2606 2410 2666 dicens:
2450 2607 2668 2669 Estote
2712 2607 3081 2683 prudentes
3130 2607 3296 2665 sicut
3349 2610 3713 2681 serpentes,
3750 2610 3792 2660 et

736 2710 1068 2787 simplices
1119 2713 1284 2770 sicut
1336 2710 1688 2784 columbae,
1737 2706 1788 2790 ⁸)
1825 2716 1891 2769 et
1926 2711 2310 2786 Apostolus:
2372 2710 2521 2769 Volo
2562 2728 2669 2769 vos
2712 2711 3081 2787 prudentes
3128 2711 3201 2768 in
3249 2707 3434 2779 bon0,
3475 2716 3540 2767 et
3591 2707 3796 2784 simpli-

738 2833 844 2874 ces
877 2817 948 2873 in
993 2814 1190 2890 male,
1225 2809 1275 2893 ⁹)
1311 2821 1379 2874 et
1427 2830 1714 2875 rursum:
1767 2815 1985 2874 Nolite
2036 2815 2209 2893 effici
2254 2816 2453 2891 pueri
2504 2814 2823 2886 sensibus,
2887 2814 3001 2873 sed
3047 2813 3311 2872 malitia
3354 2813 3633 2889 parvuli
3676 2820 3798 2869 esto-

738 2923 825 2978 te:
859 2913 904 2996 ¹)
957 2919 1134 2979 sicut
1166 2935 1324 2994 ergo
1375 2920 1540 2978 nulli
1572 2919 1778 2979 Deum
1814 2919 1879 2978 in
1913 2920 2197 2977 veritate
2231 2919 2580 2994 quaerenti
2629 2917 3096 2993 desipiendum
3153 2922 3279 2990 est,
3333 2917 3429 2975 ita
3474 2932 3598 2975 nec
3639 2913 3798 2973 alicui

730 3020 871 3097 jam
904 3022 1160 3099 aliquid
1207 3023 1543 3083 invenisse
1593 3024 1696 3083 vel
1731 3023 2076 3098 accepisse
2127 3038 2197 3082 se
2232 3022 2610 3098 confidenti,
2664 3023 2799 3083 alte
2836 3021 3253 3099 sapiendum,
3306 3020 3428 3081 sed
3469 3018 3797 3083 timendum

736 3141 1004 3202 semper
1051 3130 1118 3188 et
1162 3126 1528 3189 humilibus
1575 3127 2158 3202 consentiendum,
2219 3128 2379 3204 quia
2435 3129 2610 3188 Deus
2660 3126 2958 3208 superbis
3008 3129 3299 3196 resistit,
3357 3134 3418 3186 et
3474 3123 3798 3188 humilibus

742 3229 852 3291 dat
885 3233 1189 3308 qratiam.
1223 3227 1275 3310 ²)

2223 3474 2357 3535 XII.

839 3720 1282 3783 considerans
1325 3735 1508 3794 ergo,
1560 3719 1651 3778 fili
1700 3718 2123 3791 charissime,
2175 3718 2241 3775 et
2275 3716 2451 3792 quod
2503 3718 2816 3792 ignorans
2867 3716 3309 3793 ignorabitur,
3362 3715 3546 3791 quod
3603 3710 3807 3771 multae

752 3828 1018 3889 litterae
1067 3826 1404 3904 quondam
1452 3824 1533 3885 ad
1582 3824 1912 3884 insaniam
1960 3827 2363 3898 provocant,
2425 3827 2656 3896 satage
2706 3824 2778 3883 ut
2826 3822 2893 3881 in
2948 3821 3075 3880 hac
3123 3824 3259 3880 tam
3301 3819 3682 3895 periculosa
3724 3811 3807 3871 vis

749 3938 1046 4007 cautum,
1098 3949 1227 3992 non
1263 3947 1597 4006 securum,
1652 3929 2078 4002 mediocrem,
2130 3943 2263 3986 non
2307 3926 2630 3986 terminos
2665 3944 2701 3986 a
2735 3926 3042 4002 patribus
3093 3926 3350 4002 positos
3384 3924 3806 3986 excedentem,

754 4035 820 4096 id
866 4038 973 4096 est
1003 4052 1216 4113 neque
1267 4036 1347 4096 ad
1382 4037 1746 4107 dexteram,
1798 4048 2012 4109 neque
2049 4030 2132 4091 ad
2180 4030 2526 4090 sinistram
2559 4030 3005 4091 declinantem
3041 4030 3368 4089 viatorem
3404 4035 3470 4088 te
3509 4024 3807 4086 exhibeas.

750 4137 834 4199 Et
863 4156 1025 4200 cave
1062 4141 1392 4215 ignorare,
1443 4156 1525 4199 ne
1560 4138 1912 4215 ignoreris3
1964 4141 2032 4195 et
2063 4135 2465 4210 pertimesce
2507 4134 2766 4204 extolli,
2816 4150 2898 4194 ne
2933 4133 3336 4209 reproberis;
3388 4148 3515 4191 nec
3552 4137 3804 4204 unquam

755 4247 823 4300 te
870 4243 975 4301 vel
1011 4243 1320 4301 remissio
1368 4242 1667 4301 desidiae
1718 4240 2008 4311 hebetet,
2062 4252 2185 4296 nec
2234 4237 2511 4297 ambitio
2560 4237 2814 4311 gloriae
2863 4244 2929 4297 te
2977 4236 3216 4307 elevet,
3269 4236 3343 4294 ut
3376 4234 3641 4293 sincere
3686 4238 3806 4287 cum

759 4345 875 4404 illo
924 4362 1123 4421 quem
1180 4346 1511 4404 invenerit
1554 4344 1731 4403 Deus
1767 4341 2134 4401 secundum
2182 4356 2299 4400 cor
2346 4357 2564 4414 suum,
2618 4341 2840 4417 possis
2889 4341 3133 4400 dicere:
3198 4339 3501 4411 Domine,
3569 4352 3696 4395 non
3737 4334 3810 4389 est

757 4453 1126 4513 exaltatum
1163 4472 1270 4513 cor
1303 4470 1546 4525 meum,
1598 4469 1809 4528 neque
1844 4451 2004 4509 elati
2039 4453 2192 4508 sunt
2239 4449 2412 4507 oculi
2460 4452 2613 4508 mei.
2646 4441 2695 4527 ³)
2746 4450 2844 4509 Ita
2881 4449 3053 4508 inter
3095 4454 3234 4507 tam
3280 4446 3594 4520 dispares
3627 4442 3690 4499 et
3729 4448 3815 4510 pe-

761 4558 997 4618 riculis
1053 4558 1373 4618 obnoxios
1422 4557 1601 4615 vitae
1659 4554 1857 4631 hujus
1907 4551 2251 4625 affractuS‚
2289 4557 2365 4612 ut
2413 4553 2613 4628 vulgo
2662 4553 2932 4627 dicitur,
2994 4551 3212 4611 medio
3262 4549 3647 4610 tutissimus
3693 4540 3813 4607 ibis,

759 4663 921 4738 quia
970 4664 1187 4723 virtus
1221 4668 1326 4722 est
1374 4660 1665 4721 medium
1713 4659 2058 4731 vitiorum,
2109 4659 2176 4716 et
2210 4656 2523 4731 utrinque
2569 4657 2938 4717 reductum.
2990 4657 3073 4716 Ut
3104 4670 3265 4731 ergo
3300 4653 3383 4713 ad
3432 4652 3742 4711 bonorem
3768 4641 3819 4699 et

761 4766 1046 4843 gloriam
1095 4765 1348 4826 datoris
1383 4764 1582 4838 sciaS,
1634 4761 1701 4823 et
1738 4761 1821 4822 ad
1855 4762 2141 4821 salutem
2194 4759 2441 4819 habeas
2476 4775 2648 4835 quae
2698 4764 2853 4819 sunt
2886 4764 2952 4819 et
2993 4756 3437 4818 communiter
3484 4769 3634 4813 cum
3669 4742 3813 4809 omni

842 4985 885 5051 ¹)
926 4985 1016 5042 Ps.
1060 4983 1321 5045 XLvm.
1368 4986 1450 5038 15.
1483 4983 1619 5043 -η
1645 4981 1848 5035 serem.
1880 4978 1982 5040 lv,
2011 4981 2098 5032 22.
2130 5007 2198 5017 .-
2363 4964 2445 5017 ¹³·
2479 4994 2543 5004 ·-·
2569 4961 2616 5029 ⁸)
2642 4962 2847 5019 Matth.
2877 4962 2954 5025 Χ.
2987 4965 3071 5017 ¹9.
3113 4990 3180 4999 -·-
3204 4959 3250 5022 ⁹)
3275 4959 3436 5013 Rom.
3480 4953 3639 5015 XVI.
3669 4953 3815 5006 ¹⁹·-·

771 5071 819 5135 ⁸)
845 5069 1052 5127 nauh.
1082 5069 1213 5132 xv,
1241 5072 1423 5125 1⁴.--
1466 5066 1606 5131 ⁴)1s.
1655 5064 1867 5129 umal.
1913 5096 1980 5106 -
2030 5066 2075 5128 ⁵)
2102 5064 2263 5119 Rom.
2360 5049 2404 5114 ¹)
2442 5050 2566 5106 Cor.
2612 5051 2769 5114 xlv,
2814 5054 2901 5106 2⁰.
3054 5051 3101 5117 ²)
3144 5049 3260 5104 sac.
3308 5044 3410 5107 lv.
3459 5047 3512 5100 6·
3561 5073 3626 5083 -·
3667 5034 3815 5100 ’1¹¹2

774 5158 909 5225 XII,
945 5165 1023 5217 16.
1076 5193 1141 5201 --·
1177 5161 1225 5225 ⁶)
1249 5161 1408 5217 Joan.
1454 5157 1557 5221 lx.
1601 5160 1686 5211 39.
1740 5186 1803 5196 ·--
1849 5154 1894 5216 ⁷)
1941 5150 2119 5208 Hebr.
2163 5150 2237 5212 V,
2362 5140 2592 5204 CXXX.
2629 5146 2675 5195 ¹.
