4036 6117
759 465 887 524 258
1918 487 1968 530 s.
2024 487 2555 533 amoenamus

2136 802 2336 909 VI.

1465 1039 1540 1096 In
1597 1039 1940 1099 Dominica
1987 1041 2173 1117 infra
2219 1047 2514 1101 octavam
2564 1042 2998 1119 Epiphaniae.

2208 1250 2252 1309 1.

777 1454 935 1513 Cum
983 1456 1201 1532 factus
1237 1461 1431 1526 esset,
1466 1451 1511 1534 ¹)
1566 1457 1630 1516 id
1664 1460 1769 1517 est
1813 1458 2028 1533 JesuS,
2081 1474 2232 1518 cum
2280 1465 2554 1536 peracta
2606 1458 2893 1520 fuissent
2937 1461 3260 1521 miracula
3294 1459 3772 1521 incarnationis

686 1556 967 1631 Christi,
1019 1576 1347 1618 annorum
1384 1560 1753 1634 duodecim,
1806 1561 2068 1620 scilicet
2102 1563 2167 1620 in
2214 1562 2567 1623 duodecim
2598 1562 2970 1639 prophetie,
3023 1565 3117 1623 ita
3149 1563 3325 1639 quod
3361 1563 3460 1622 illi
3493 1560 3773 1639 prophe·

684 1661 847 1720 tiam
897 1678 1088 1721 suam
1122 1663 1645 1740 compleverant3
1698 1665 2206 1725 ascendentibus
2241 1668 2379 1726 illis
2403 1713 2419 1740 ,
2469 1666 2786 1727 videlicet
2835 1666 3144 1727 fidelibus
3178 1666 3294 1742 qui
3327 1681 3480 1725 eum
3517 1664 3775 1724 nuntia-

678 1764 839 1824 bant
889 1764 1187 1826 futurum
1234 1782 1387 1827 esse
1435 1767 1793 1842 hominem;
1845 1771 2395 1847 Hierosolymam,
2449 1771 2513 1832 id
2564 1778 2671 1831 est
2720 1771 2786 1830 in
2839 1787 3075 1847 pacem
3125 1769 3634 1847 redemptionis,
3691 1765 3773 1826 ad

678 1885 881 1945 quam
930 1872 1377 1946 aspiciebant,
1431 1875 1796 1934 secundum
1844 1877 2393 1935 consuetudinem
2426 1877 2563 1935 diei
2609 1878 2790 1954 festi,
2826 1876 3085 1935 scilicet
3127 1876 3315 1951 J’uxta
3346 1873 3774 1951 praenuntia-

677 1972 928 2032 tionem
976 1974 1341 2034 clarissimi
1399 1977 1799 2053 splendoriS,
1849 1994 1981 2054 quo
2012 1976 2064 2057 ²)
2100 1978 2308 2037 Filius
2341 1979 2457 2038 Dei
2509 1979 2705 2039 bomo
2743 1979 2961 2039 factus
3010 1981 3137 2053 est;
3173 1980 3809 2054 consummatisque‘

674 2076 938 2152 diebus,
989 2079 1303 2139 videlicet
1337 2096 1490 2139 cum
1538 2082 1759 2141 omnia
1793 2083 1984 2158 signa
2035 2099 2206 2159 quae
2239 2083 2320 2142 de
2371 2083 2638 2144 Christo
2674 2084 3148 2159 praenuntiare
3194 2083 3589 2156 debuerant,
3627 2096 3771 2158 per-

675 2180 1028 2256 fecissent,
1081 2202 1231 2242 cum
1264 2185 1595 2258 redirent,
1650 2186 1742 2244 ita
1768 2187 1944 2262 quod
1981 2193 2138 2247 tunc
2173 2187 2631 2262 prophetando
2667 2189 2735 2246 in
2768 2188 3224 2247 incarnatione
3249 2185 3515 2247 Domini
3551 2202 3769 2245 cessa-

676 2284 865 2361 bant,
916 2290 1237 2346 remansit
1279 2308 1454 2365 puer
1501 2289 1693 2350 Jesus
1741 2292 1813 2349 in
1861 2291 2322 2365 Hierusalem,
2375 2294 2532 2369 quia
2583 2292 2726 2367 ipse
2779 2292 3166 2352 incarnatus
3214 2296 3535 2367 operatus
3567 2290 3769 2350 estin

675 2396 1150 2471 redemptione,
1187 2404 1250 2456 et
1284 2417 1418 2458 non
1467 2407 1902 2476 coqnoverunt
1947 2408 2264 2477 parentes
2313 2400 2479 2476 ejus,
2530 2402 2690 2479 quia
2736 2401 3056 2461 Judaicus
3100 2401 3390 2478 populus
3441 2402 3510 2461 in
3548 2406 3769 2460 vetere

676 2498 846 2572 Lege
880 2500 1223 2559 nesciebat
1256 2516 1410 2561 eum
1442 2502 1682 2561 Filium
1715 2502 1832 2562 Dei
1868 2504 1935 2563 in
1969 2504 2383 2565 humanitate
2417 2522 2588 2566 esse.

762 2605 1244 2666 Existimantes
1292 2614 1538 2683 autem,
1579 2609 1645 2668 in
1692 2611 2213 2685 cogitationibus
2247 2612 2389 2671 suis
2437 2611 2563 2671 hac
2597 2619 2664 2672 et
2703 2613 2855 2673 illac
2888 2612 3245 2685 versando,
3292 2612 3487 2670 illum
3527 2626 3668 2668 esse
3700 2609 3767 2666 in

677 2714 1015 2786 comitatu,
1068 2713 1226 2787 quia
1260 2728 1410 2772 eum
1447 2714 1597 2773 aliis
1631 2714 1881 2773 sanctis
1931 2715 2220 2774 similem
2259 2731 2411 2775 esse
2458 2718 2805 2792 putabant,
2840 2724 3165 2776 venerunt
3216 2719 3347 2775 iter
3392 2715 3567 2788 diei,
3620 2727 3766 2771 cum

675 2834 827 2875 eum
880 2817 945 2875 in
977 2816 1434 2892 profunditate
1482 2818 1963 2894 prophetarum
1997 2819 2431 2895 quaerebant,
2468 2827 2528 2879 et
2566 2820 2988 2898 requirebant
3036 2837 3188 2878 eum
3221 2821 3401 2877 inter
3442 2823 3763 2893 coynatos,

681 2921 743 2980 id
778 2927 883 2981 est
934 2921 997 2980 in
1033 2920 1314 2979 scientia
1349 2937 1495 2994 sua,
1530 2928 1593 2980 et
1625 2927 1831 2996 notos,
1884 2923 2147 2981 scilicet
2182 2924 2246 2982 in
2296 2924 2640 2984 intellectu
2675 2940 2817 2983 su0.
2857 2925 2939 2983 Et
2974 2940 3105 2981 non
3153 2922 3577 2979 invenientes
3618 2934 3763 2977 eum

678 3029 743 3087 in
777 3026 912 3088 ulla
963 3026 1399 3087 similitudine
1436 3026 1569 3086 illis
1620 3027 1930 3102 similem,
1967 3031 2249 3105 reqressi
2285 3036 2437 3088 sunt
2473 3032 2544 3089 in
2580 3028 3022 3102 Hierusalem,
3076 3026 3335 3086 scilicet
3369 3021 3764 3099 redemptio-

675 3147 825 3190 nem
859 3132 1068 3208 pacis,
1105 3134 1523 3208 requirentes
1557 3149 1732 3205 eum,
1770 3132 2133 3191 scrutando
2167 3133 2327 3208 quid
2364 3134 2429 3192 in
2467 3134 2579 3192 illo
2615 3138 2970 3208 appareret
3005 3132 3070 3190 in
3107 3127 3530 3207 philosophis
3566 3133 3634 3186 et
3666 3141 3763 3185 sa-

671 3236 1029 3309 pientibus.

760 3341 841 3401 Et
891 3343 1146 3418 factum
1181 3347 1314 3414 est,
1371 3341 1464 3399 ita
1511 3340 1688 3415 quod
1739 3342 2056 3417 contigit,
2106 3350 2248 3417 post
2298 3341 2623 3414 triduum,
2663 3339 2725 3399 id
2773 3347 2878 3399 est
2912 3344 3065 3414 post
3111 3337 3565 3398 ostensionem
3616 3349 3759 3411 pro-

666 3443 1058 3519 phetarum,
1120 3444 1522 3518 sapientium
1570 3451 1637 3502 et
1695 3445 2159 3519 prudentium,
2214 3449 2613 3504 invenerunt
2675 3445 2872 3502 illum
2920 3447 2991 3503 in
3050 3444 3317 3520 templo,
3376 3441 3643 3499 scilicet
3697 3436 3758 3494 in

664 3547 919 3621 apertis
953 3547 1164 3620 signis
1199 3551 1266 3605 et
1301 3546 1366 3604 in
1401 3560 1692 3620 superna
1740 3548 2132 3620 sanctitate,
2184 3548 2522 3605 sedentem
2573 3548 2644 3603 in
2676 3547 2892 3604 medio
2939 3547 3299 3619 doctorum,
3344 3542 3662 3602 videlicet
3694 3540 3755 3599 in

665 3649 918 3725 majore
966 3650 1272 3709 doctrina
1320 3656 1830 3724 praeceptorum
1877 3650 2131 3724 PatriS,
2183 3653 2567 3710 audientem
2600 3651 2752 3709 illos
2805 3651 2869 3709 in
2919 3650 3420 3725 redargutione,
3473 3665 3611 3724 qua
3642 3661 3753 3706 eos

663 3753 1011 3828 arguebat,
1061 3760 1124 3811 et
1160 3755 1677 3831 interroqantem
1704 3771 1832 3829 eos,
1870 3755 2025 3830 quis
2072 3770 2304 3813 eorum
2336 3754 2511 3813 Deus
2559 3760 2763 3814 esset.
2819 3753 3177 3832 Stupebant
3227 3761 3451 3813 autem
3498 3769 3749 3821 omnes,

661 3859 753 3918 ita
804 3863 875 3917 ut
924 3857 1256 3916 humanus
1306 3856 1684 3918 intellectus
1743 3863 2084 3926 tremeret,
2139 3862 2253 3934 qui
2301 3877 2452 3917 eum
2501 3856 2854 3917 audiebant
2907 3859 2972 3916 in
3023 3872 3194 3916 novo
3246 3855 3501 3931 auditu,
3557 3873 3749 3933 super

654 3981 852 4040 super
878 3962 1268 4039 prudentia,
1306 3961 1567 4021 scilicet
1604 3962 1938 4037 incognita
1974 3962 2327 4036 sapientia,
2372 3968 2434 4019 et
2468 3965 2801 4039 responsis
2836 3958 2979 4034 ejus
3017 3959 3098 4019 ad
3133 3974 3491 4035 perversas
3539 3957 3749 4034 inqui-

656 4067 955 4126 sitiones
992 4067 1074 4126 Et
1107 4066 1407 4124 videntes
1440 4081 1673 4125 omnes
1707 4066 2057 4124 scientiam
2092 4058 2139 4141 ³)
2170 4064 2689 4141 Scripturarum‚
2728 4067 3041 4124 admirati
3074 4069 3253 4137 sunt,
3284 4064 3378 4122 ita
3411 4062 3591 4138 quod
3624 4075 3748 4122 non

655 4174 1016 4247 potuerunt
1053 4171 1118 4229 in
1152 4170 1497 4229 miraculis
1533 4171 1685 4230 istis
1719 4186 1848 4230 non
1877 4165 1923 4248 ⁴)
1958 4169 2246 4245 pleniter
2279 4169 2620 4229 admirari.

742 4277 822 4335 Et
873 4277 1045 4335 discit
1081 4284 1298 4334 mater
1346 4273 1513 4348 ejus,
1552 4274 1616 4334 id
1665 4281 1772 4335 est
1803 4280 1998 4333 vetus
2033 4274 2162 4332 Lex
2196 4274 2276 4333 ad
2330 4275 2535 4333 illum:
2577 4273 2733 4346 Fili,
2790 4274 3175 4332 incarnatus
3210 4272 3277 4330 in
3310 4269 3739 4337 humanitate,

653 4382 815 4458 quid
861 4382 1082 4457 fecisti
1130 4378 1312 4438 nobis
1364 4381 1492 4438 sic?
1540 4379 1706 4449 Quia
1753 4377 1867 4437 diu
1916 4379 2420 4454 expectavimus
2467 4383 2533 4436 et
2583 4376 2977 4452 praestolati
3028 4391 3284 4434 sumuS.
3342 4375 3504 4433 Ecce
3552 4377 3742 4448 pater

650 4496 827 4561 tuus,
865 4488 979 4562 qui
1030 4491 1136 4545 est
1170 4485 1531 4560 Abraham,
1567 4491 1629 4543 et
1665 4502 1808 4561 eqo,
1861 4485 2123 4543 scilicet
2158 4489 2351 4542 vetus
2401 4483 2554 4556 Lex,
2592 4482 2889 4540 dolentes
2925 4482 2994 4540 in
3024 4480 3260 4540 multis
3293 4476 3647 4537 desideriis
3676 4477 3739 4531 et

648 4591 1017 4664 doloribuS,
1054 4590 1527 4667 quaerebamus
1563 4598 1646 4663 te,
1685 4592 1757 4649 ut
1789 4589 2113 4664 scriptum
2148 4593 2271 4646 est.
2315 4606 2345 4644 (t
2370 4587 2634 4646 Utinam
2668 4586 3089 4661 dirumperes
3123 4586 3345 4644 coelos
3379 4589 3446 4642 et
3477 4582 3737 4641 descen·-

651 4694 873 4754 deresl
916 4689 961 4770 ⁵)
997 4713 1027 4749 n

737 4800 818 4858 Et
870 4800 962 4856 ait
1015 4797 1099 4855 ad
1148 4798 1297 4856 illos
1352 4797 1737 4856 incarnatus
1784 4795 1901 4856 Dei
1951 4796 2182 4855 Filius:
2224 4795 2397 4867 Quid
2431 4801 2520 4853 est
2557 4795 2728 4871 quod
2764 4812 2863 4853 me
2896 4793 3308 4870 quaerebatis
3341 4783 3732 4850 dubitando?

646 4903 1047 4964 Nesciebatis
1097 4905 1377 4962 arietem
1431 4903 1496 4960 in
1545 4902 1757 4977 spinis
1808 4901 2234 4977 pendentem,
2286 4907 2352 4960 et
2388 4901 2627 4959 rubum
2660 4916 2857 4975 quem
2893 4900 3152 4975 Moyses
3202 4896 3403 4956 vidit?
3446 4903 3514 4955 et
3561 4896 3726 4955 sicut

715 5070 758 5134 ¹)
795 5071 928 5125 Luc.
975 5070 1049 5131 11,
1090 5072 1158 5121 42
1184 5073 1269 5123 52.
1312 5068 1471 5124 Jesus
1505 5069 1777 5124 miracula
1815 5069 1962 5129 cod..
2013 5084 2147 5124 voco
2292 5073 2423 5122 tiam
2452 5066 2527 5121 ib.
2562 5098 2628 5106 -—
2655 5066 2698 5131 ⁴)
2726 5083 2836 5122 non
2860 5082 2970 5122 om.
3006 5066 3079 5121 id.
3112 5096 3179 5106 —
3201 5067 3243 5132 ⁵)
3276 5064 3344 5119 ts.
3376 5062 3576 5124 LXIV,
3610 5068 3653 5116 1.

644 5159 1001 5229 transposita.
1037 5190 1096 5196 -
1115 5160 1159 5220 2)
1187 5157 1333 5227 quod
1357 5156 1510 5226 filius
1539 5154 1640 5208 Dei
1666 5154 1787 5208 cod.
1830 5185 1891 5192 —
1918 5153 1961 5218 ³)
1984 5157 2149 5208 scien·
