4036 6117
1332 506 1569 555 mnan
1625 506 1822 552 vrrffl:
1876 501 2344 550 msnx'ronun
3229 480 3312 540 57

286 604 317 683 i
357 626 534 705 quod
590 627 903 687 volumus
943 625 1263 685 faciemus
1302 644 1360 686 ».
1410 625 1489 683 Et
1534 625 1648 684 isti
1698 623 2000 682 homines
2052 621 2132 679 ad
2186 621 2478 694 ineptam
2529 616 2854 675 laetitiam
2906 614 3281 686 hortantur,
3319 619 3387 671 et

277 733 380 790 eis
418 738 491 791 ut
522 733 963 792 constitutam
993 731 1328 806 justitiam
1362 723 1406 807 ¹)
1444 734 1893 802 contemnant,
1930 725 2356 801 persuadent.

1731 935 1945 995 CXXI.
2014 926 2021 932 ’

1306 1146 1399 1206 De
1444 1164 1660 1222 poena
1706 1147 1973 1221 ineptae
2025 1143 2339 1203 laetitiae.

356 1350 515 1413 140.
564 1352 646 1413 Et
671 1352 809 1413 vidi
844 1351 1152 1428 paludem
1188 1367 1465 1427 magnae
1500 1351 1899 1425 latitudiniS,
1928 1349 2009 1409 de
2043 1366 2173 1425 qua
2202 1348 2589 1408 teterrimus
2625 1346 2847 1406 fumus
2881 1344 3370 1421 egrediebatur,

267 1456 382 1531 qui
416 1470 494 1515 se
530 1454 770 1515 deinde
812 1471 1017 1531 supra
1048 1454 1351 1515 eamdem
1384 1446 1696 1531 paludem
1742 1455 1925 1513 velut
1959 1453 2202 1513 nebula
2248 1450 2685 1528 expandebat.
2719 1450 2794 1509 In
2828 1447 3060 1508 eadem
3109 1461 3376 1524 quoque

271 1555 514 1631 palude
550 1558 911 1618 multitudo
944 1558 1354 1619 minutorum
1385 1558 1716 1617 vermium
1751 1557 2183 1617 scaturiebat.
2224 1556 2500 1615 Animae
2534 1552 3187 1630 autemssorporibus
3221 1567 3377 1610 exu-

270 1667 396 1725 tae.
434 1661 711 1721 illorum
745 1662 1004 1721 scilicet
1038 1662 1152 1737 qui
1192 1663 1256 1721 in
1291 1663 1559 1721 saeculo
1596 1662 1678 1721 ad
1713 1662 2005 1736 ineptam
2040 1661 2366 1721 laetitiam
2394 1675 2466 1718 se
2501 1658 2970 1732 dilataverant,
3002 1658 3068 1716 in
3100 1656 3226 1716 hac
3262 1673 3375 1732 pa-

267 1762 415 1822 lude
446 1770 669 1837 erant;
708 1764 801 1823 ita
832 1765 1037 1824 etiam
1070 1763 1247 1841 quod
1281 1781 1318 1823 a
1355 1763 1536 1823 furno
1571 1764 1717 1839 eJus
1767 1763 2259 1838 affligebantur,
2297 1767 2364 1821 et
2396 1761 2572 1838 quod
2606 1778 2644 1819 a
2678 1760 2920 1820 nebula
2966 1758 3114 1834 ejus
3147 1758 3370 1833 oppri-

272 1866 649 1940 mebantur,
686 1873 755 1925 et
785 1866 960 1942 quod
996 1884 1033 1926 a
1067 1867 1409 1926 vermibus
1444 1868 1627 1926 illius
1663 1867 2167 1942 torquebantur.
2205 1865 2372 1936 Quia
2404 1864 2579 1922 enim
2616 1864 2907 1937 ineptam
2943 1861 3272 1921 laetitiam
3307 1860 3374 1918 in

266 1969 668 2044 corporibus
702 1969 869 2043 suis,
904 1968 1063 2028 dum
1098 1968 1165 2028 in
1198 1970 1466 2029 saeculo
1504 1969 1811 2044 fuissent,
1864 1968 2260 2041 habuerant,
2301 1968 2365 2025 in
2412 1965 2653 2041 palude
2688 1965 2818 2024 ista
2868 1963 3365 2037 mergebantur;

266 2068 328 2130 et
359 2073 521 2148 quia
558 2073 775 2146 legem
806 2072 924 2132 Dei
957 2081 1232 2149 propter
1266 2073 1448 2133 illam
1480 2074 1930 2149 neglexerant,
1970 2072 2226 2130 fumum
2262 2071 2444 2130 illius
2477 2069 2924 2146 patiebantur3
2953 2074 3022 2126 et
3054 2068 3372 2143 quoniam

269 2177 681 2251 impietatem
716 2175 783 2234 in
814 2192 893 2236 ea
925 2177 1315 2252 dilexerant,
1351 2196 1388 2237 a
1423 2178 1665 2238 nebula
1709 2178 1924 2253 ipsius
1972 2175 2517 2248 obtenebrantur,
2555 2179 2622 2233 et
2670 2172 2985 2250 quoniam
3019 2171 3086 2231 in
3131 2170 3364 2233 eadem

269 2280 519 2339 laetitia
557 2280 822 2342 inutilia
853 2282 1060 2342 verba
1092 2282 1532 2358 protulerant,
1567 2300 1606 2342 a
1640 2282 1982 2342 vermibus
2014 2280 2162 2356 ejus
2189 2278 2642 2340 laedebantur.
2672 2276 2754 2338 Et
2786 2275 2946 2352 vidi,
2974 2282 3041 2336 et
3076 2274 3369 2335 intelle-xi

279 2384 452 2443 haec.

1694 2595 1937 2657 CXXII.

1200 2805 1294 2865 De
1337 2806 1754 2882 poenitentia
1800 2806 2067 2880 ineptae
2118 2802 2433 2863 laetitiae.

352 3012 500 3075 141.
540 3014 625 3074 Et
658 3012 741 3073 de
774 3013 1076 3090 praefata
1108 3014 1373 3073 vivente
1406 3013 1554 3072 luce
1587 3029 1822 3073 vocem
1857 3014 2100 3073 iterum
2134 3010 2300 3071 mihi
2330 3009 2662 3071 dicentem
2697 3007 2943 3069 audivi:
2980 3006 3160 3068 Haec
3193 3022 3364 3085 quae

269 3119 465 3192 vide3‚
502 3133 674 3178 vera
708 3125 886 3192 sunt,
923 3124 990 3178 et
1024 3123 1097 3177 ut
1128 3133 1207 3176 ea
1239 3118 1452 3191 videa,
1492 3118 1584 3176 ita
1618 3123 1797 3190 sunt,
1834 3122 1902 3176 et
1935 3116 2130 3192 plura
2163 3120 2338 3174 sunt.

343 3219 463 3281 Sed
498 3221 834 3297 homineS‚
872 3223 986 3298 qui
1022 3223 1088 3281 in
1122 3223 1344 3298 inepta
1378 3222 1634 3281 laetitia
1667 3221 2085 3296 delinquunt,
2117 3220 2176 3277 si
2211 3218 2543 3292 malignos
2578 3217 2883 3292 spirituS‚
2912 3232 3029 3275 eos
3066 3217 3148 3275 ad
3183 3231 3360 3274 eam-

268 3325 406 3385 dem
439 3327 776 3387 laetitiam
802 3326 1253 3402 exhortantes,
1285 3342 1628 3402 superare,
1659 3332 1725 3385 et
1752 3324 2084 3401 supplicia
2116 3323 2262 3399 ejus
2295 3321 2588 3396 effugere
2614 3318 3042 3393 contendunt,
3075 3318 3359 3393 flagellis

266 3445 333 3489 ac
356 3431 638 3506 jejuniis
682 3446 952 3489 carnem
986 3447 1179 3490 suam
1227 3431 1711 3505 constringant,
1751 3428 2120 3489 secundum
2167 3425 2345 3503 quod
2378 3425 2648 3485 modum
2695 3423 2955 3499 peccati
2989 3427 3056 3481 et
3089 3421 3360 3481 modum

266 3532 381 3590 sibi
417 3531 874 3608 praesidentis
900 3532 1149 3608 judicis
1183 3535 1250 3592 in
1282 3548 1355 3592 se
1405 3532 1760 3592 senserint.
1796 3532 2026 3606 Inepta
2060 3529 2238 3589 enim
2285 3527 2545 3588 laetitia
2585 3527 2941 3585 veritatem
2982 3541 3114 3584 non
3146 3530 3350 3599 amat,

264 3638 323 3690 et
349 3650 545 3693 omne
593 3633 770 3710 quod
803 3650 954 3693 eam
1000 3634 1311 3709 delectat,
1350 3636 1629 3711 perficit.
1666 3635 1832 3695 Nam
1877 3649 2158 3710 pravam
2190 3632 2603 3692 voluntatem
2645 3644 2838 3688 suam
2885 3627 3192 3687 nocivam
3223 3643 3357 3687 non

266 3750 401 3795 esse
446 3738 641 3812 dicit,
676 3744 743 3797 et
793 3739 858 3798 in
892 3739 1209 3815 operibus
1259 3740 1402 3800 suis
1435 3739 1642 3799 Deum
1690 3739 1927 3813 nescit,
1965 3753 2046 3798 ac
2078 3738 2375 3812 linguam
2408 3750 2602 3796 suam
2644 3739 2877 3794 contra
2909 3732 3117 3792 Deum
3151 3735 3351 3795 acuit.

1664 3947 1937 4008 CXXIII.

1201 4158 1403 4219 Verba
1444 4160 1691 4236 psalmi
1739 4159 1819 4218 de
1868 4159 2099 4236 inepta
2149 4157 2426 4216 laetitia.

347 4365 492 4426 142.
522 4364 710 4425 Sicut
736 4364 1062 4441 scriptum
1089 4372 1214 4426 est:
1253 4366 1414 4427 Filii
1446 4370 1802 4438 hominem,
1839 4367 2070 4425 dentes
2106 4382 2336 4424 eorum
2369 4381 2559 4422 arma
2591 4367 2653 4420 et
2690 4362 2993 4438 sayittae,
3030 4365 3091 4418 et
3128 4360 3359 4437 linqua

272 4486 479 4528 eorum
508 4471 775 4548 yladius
823 4477 1076 4531 acutus.
1115 4467 1168 4549 ²)
1219 4470 1402 4542 Quod
1450 4471 1654 4530 etiam
1703 4470 1802 4529 sic
1853 4467 2357 4544 intelligendum
2403 4472 2527 4526 est.
2580 4464 2732 4524 Filii
2787 4465 3035 4539 carniS,
3087 4465 3202 4540 qui
3252 4480 3355 4524 se-

271 4572 538 4632 cundum
571 4587 843 4632 carnem
877 4573 944 4632 in
976 4575 1272 4650 peccatis
1303 4575 1515 4634 exorti
1552 4579 1730 4647 sunt,
1776 4572 2112 4649 quoddam
2146 4573 2636 4631 firmamentum
2673 4568 2740 4627 in
2772 4584 2972 4628 carne
3009 4585 3132 4627 sua
3165 4570 3351 4629 velut

269 4677 480 4738 dentes
516 4679 787 4752 habent,
825 4680 1001 4755 quod
1052 4678 1300 4739 duritia
1336 4686 1567 4740 contra
1599 4678 2005 4737 desiderium
2044 4678 2305 4736 animae
2337 4680 2460 4734 est.
2512 4675 2676 4734 Nam
2712 4674 2887 4733 sicut
2928 4673 3200 4749 quidam
3235 4673 3351 4733 ho-

273 4782 461 4841 mines
495 4788 731 4842 contra
779 4783 949 4843 alios
983 4790 1350 4857 armantur,
1389 4801 1468 4842 ne
1502 4784 1957 4856 vulnerentur,
1995 4781 2088 4840 ita
2124 4796 2279 4840 caro
2328 4795 2480 4839 cum
2523 4776 2829 4855 squalida
2880 4776 3136 4836 laetitia
3171 4782 3351 4837 tena-

271 4886 418 4943 citer
449 4893 515 4945 et
564 4886 811 4961 injuste
861 4893 1143 4962 armata,
1180 4888 1508 4947 voluntati
1558 4902 1636 4946 ac
1671 4886 1967 4946 laetitiae
2016 4886 2278 4944 animae
2322 4884 2602 4956 resistit,
2654 4887 2721 4941 et
2769 4879 3095 4939 maledica
3143 4880 3350 4940 verba

274 4997 482 5051 contra
514 4990 723 5051 Deum
756 5007 835 5051 ac
869 4999 1102 5052 contra
1137 4993 1424 5052 salutem
1457 4992 1718 5051 animae
1745 5005 1907 5050 suae
1940 4990 2125 5049 velut
2152 5003 2521 5047 venenosas
2557 4986 2842 5060 sagittas
2869 4983 3138 5057 emittit,
3177 4998 3348 5058 quae

338 5135 377 5202 ιὶ
400 5139 666 5196 laetitiam
688 5137 755 5194 A.
787 5169 853 5178 -
880 5139 926 5204 2)
955 5138 1043 5194 Ps.
1079 5137 1226 5199 LVI.
1256 5141 1306 5193 5.

3114 5221 3150 5260 vn
