4036 6117
1169 490 1405 541 mmm
1451 493 1956 545 courosrun
2003 497 2456 548 memmium
3166 487 3295 553 477

270 600 359 660 De
382 602 567 661 cordis
593 604 800 662 dolore.
1897 614 1977 670 De
2005 616 2290 679 virilibus.

267 690 355 747 De
380 692 593 762 splenis
619 693 827 748 dolore.
1263 729 1270 736 -
1895 701 1975 756 De
2002 702 2147 757 ostei
2177 703 2490 762 inflatione.

260 776 348 833 De
372 778 662 833 stomacho
688 784 744 832 et
771 778 894 848 ejus
923 777 1320 848 indigestione.
1895 790 1976 844 De
2003 788 2268 848 dissuria.

262 862 349 918 De
375 861 658 918 cuticulae
685 862 1013 920 extensione
1039 870 1140 920 aut
1167 873 1421 938 ruptura.
1898 875 1978 930 De
2005 875 2265 946 podagra.

261 955 350 1010 De
376 955 630 1016 renibus.
660 959 716 1009 et
741 968 917 1024 quare
943 953 1054 1009 duo
1082 957 1248 1010 sunt?
1895 959 1972 1015 De
2001 960 2212 1017 fistula.

263 1042 349 1097 De
377 1055 573 1096 renum
600 1040 809 1096 dolore.
1891 1045 2077 1111 Quare
2104 1051 2494 1106 menstruum?

264 1128 349 1184 De
376 1127 578 1200 yliaca.
1899 1135 1980 1190 De
2007 1142 2305 1209 conceptu.

359 1271 452 1329 De
492 1271 659 1329 Evae
711 1271 1154 1345 corruptione.
1205 1269 1448 1330 Omnes
1485 1274 1707 1330 autem
1757 1289 1966 1335 venae
2016 1278 2322 1340 mulieris
2372 1283 2672 1359 integrae
2719 1289 2786 1348 et
2820 1305 3021 1349 sanae
3064 1307 3369 1368 perman-

260 1374 540 1445 sissent,
595 1374 652 1432 si
687 1373 819 1434 Eva
858 1374 922 1432 in
971 1375 1164 1449 pleno
1216 1381 1515 1451 ternpore
1563 1377 1868 1438 Paradisi
1917 1384 2355 1462 perstitisset;
2410 1404 2562 1450 eum
2612 1393 2785 1453 enirn
2835 1395 2948 1456 illa
2981 1396 3365 1477 Serpentem

260 1477 741 1537 consentiendo
790 1480 851 1537 ei
890 1478 1312 1553 inspexisset,
1363 1482 1553 1540 visus
1601 1482 1747 1557 ejus
1782 1501 1914 1560 quo
1964 1488 2286 1550 coelestia
2338 1493 2528 1569 vidit,
2567 1497 2903 1560 extinctus
2936 1505 3062 1579 est3
3115 1511 3366 1572 etcum

259 1597 420 1641 eum
455 1582 522 1644 in
557 1598 889 1642 consensu
939 1583 1218 1655 audivit,
1259 1585 1525 1645 auditus
1559 1587 1704 1663 ejus
1753 1606 1885 1665 quo
1920 1593 2243 1654 coelestia
2277 1597 2561 1670 audivit,
2608 1603 2967 1667 obstrusus
3001 1611 3127 1685 est;
3166 1617 3368 1688 atque

258 1687 334 1745 in
366 1695 567 1761 gustu
617 1688 795 1762 pomi
846 1688 1161 1763 splendor
1209 1690 1323 1766 qui
1362 1690 1424 1747 in
1463 1691 1575 1750 illa
1612 1691 1903 1768 lucebat,
1942 1695 2344 1760 obscuratus
2379 1709 2502 1764 est.

357 1793 450 1852 De
484 1794 636 1852 Eva.
688 1792 908 1852 Prima
942 1793 1117 1852 enim
1155 1800 1372 1853 mater
1422 1794 1693 1854 humani
1742 1801 2007 1870 generis
2044 1804 2264 1876 posita
2299 1810 2445 1868 erat
2479 1810 2560 1868 ad
2596 1812 3106 1875 similitudinem
3143 1818 3371 1879 aethe-

260 1897 387 1969 riS,
440 1896 597 1971 quia
646 1901 718 1955 ut
754 1896 986 1956 aether
1036 1897 1269 1957 stellas
1324 1898 1617 1972 integras
1670 1900 1734 1959 in
1770 1917 1842 1960 se
1892 1908 2210 1983 continet,
2248 1910 2347 1969 sic
2385 1913 2531 1987 ipsa
2569 1915 2828 1992 integra
2875 1921 2941 1979 et
2975 1921 3365 1998 incorrupta

261 1998 409 2057 sine
454 1998 684 2057 dolore
735 2015 944 2074 genus
980 1999 1343 2060 humanum
1400 2003 1466 2060 in
1501 2018 1570 2061 se
1604 2003 1915 2080 habebat,
1975 2025 2127 2070 cum
2163 2012 2224 2071 ei
2258 2014 2513 2077 dictum
2550 2023 2670 2080 est:
2714 2021 2996 2084 Crescite
3027 2031 3093 2084 et
3138 2026 3371 2086 multi-

256 2106 638 2182 plicamini.
690 2107 769 2166 Et
802 2105 927 2166 hoc
965 2107 1030 2166 in
1063 2108 1260 2183 pleno
1294 2108 1525 2169 dolore
1560 2108 1651 2168 fit.

338 2253 420 2307 De
447 2258 632 2323 partu.
1890 2258 1971 2317 De
1999 2261 2227 2332 frigoris
2258 2273 2720 2343 temperamento.

262 2337 348 2392 De
377 2336 740 2394 fecunditate.
1889 2347 1971 2403 De
1997 2353 2230 2408 aestatis
2258 2354 2316 2410 in
2348 2360 2594 2429 tempore
2620 2360 2879 2422 ciborum
2904 2360 3258 2422 diversitate.

264 2423 348 2478 De
376 2424 648 2479 menstrui
675 2424 919 2482 defectu.
1892 2433 1974 2489 De
2002 2436 2341 2497 minutione.

258 2506 344 2562 De
372 2510 646 2565 menstrui
677 2510 1016 2567 retentione.
1897 2521 1976 2575 De
2003 2522 2343 2582 minutionis
2368 2525 2723 2587 diversitate.

263 2597 348 2651 De
374 2598 633 2653 calvaria.
1894 2608 2133 2674 Quando
2157 2610 2481 2668 minuatur?

259 2683 344 2737 De
371 2688 644 2756 conceptu
671 2689 729 2739 et
754 2690 938 2755 partu.
1897 2694 1977 2749 De
2002 2696 2307 2752 mulierum
2336 2699 2674 2757 minutione.

257 2768 343 2823 De
371 2767 607 2823 infantis
638 2770 957 2825 teneritate.
1897 2779 1980 2836 De
2005 2780 2183 2837 veniS.

264 2856 431 2922 Quod
460 2858 627 2912 homo
654 2874 768 2914 non
796 2864 973 2914 natat.
1899 2866 1980 2921 De
2005 2868 2435 2927 scarificatione.

262 2943 347 2998 De
375 2945 665 3003 uberibus.
1123 3011 1130 3015 ,
1181 2943 1184 2946 “
1897 2951 1977 3007 De
2003 2953 2221 3009 cruoris
2246 2951 2589 3012 differentia.

262 3030 411 3086 Item
438 3034 506 3089 de
532 3038 894 3108 conceptu'ct
921 3035 1084 3093 lacte.
1898 3036 1979 3093 De
2004 3037 2345 3101 minutionis
2371 3041 2542 3099 dieta.

261 3116 346 3172 De
371 3120 695 3176 menstruis.
1895 3124 2134 3191 Quando
2160 3127 2485 3183 minuatur?

263 3205 348 3260 De
373 3204 705 3273 digestione.
1211 3266 1214 3271 ,
1896 3211 1977 3266 De
2003 3212 2436 3270 scarificatione.

261 3288 348 3344 De
373 3290 677 3359 egestione.
1894 3299 1976 3353 De
2000 3297 2324 3354 minutione
2350 3299 2527 3354 bruti.

267 3376 352 3431 De
375 3377 665 3446 sanguine.
1896 3383 1977 3438 De
2002 3382 2251 3440 cocturis
2278 3383 2665 3452 (ustionibus).

271 3463 350 3518 De
377 3462 745 3520 nutrimento.
1901 3466 1982 3524 De
2008 3468 2388 3526 excreatione.

270 3551 352 3606 De
377 3549 580 3607 esurie.
1899 3553 1980 3610 De
2005 3553 2226 3611 animae
2254 3554 2401 3625 igne.

270 3638 351 3693 De
377 3636 496 3693 siti.
1901 3640 1983 3697 De
2007 3641 2204 3698 saliva.

257 3720 350 3781 De
375 3724 738 3782 dormitione.
1900 3727 1981 3784 De
2007 3725 2285 3784 stomachi
2313 3727 2649 3801 frigiditate.

276 3813 356 3868 De
382 3813 700 3868 nocturnali
731 3811 852 3870 siti.
1900 3812 1985 3870 De
2009 3831 2194 3871 carne.

271 3900 353 3955 De
377 3899 617 3971 paralysi
651 3898 1000 3968 fatigatione.
1907 3901 1987 3958 De
2011 3902 2393 3958 emunctione.

274 3984 355 4039 De
378 3984 730 4054 quotidiana.
1905 3988 1987 4043 De
2011 3986 2232 4045 cerebri
2255 3992 2315 4043 et
2333 3987 2544 4044 salivae
2563 3992 2623 4044 et
2640 3988 3025 4049 emunctionis
3044 3993 3401 4065 purgatione.

270 4073 352 4128 De
381 4071 624 4128 tertiana
649 4078 707 4127 et
730 4078 1025 4142 quartana.
1804 4078 1814 4089 ‘
1907 4073 1987 4129 De
2012 4072 2445 4129 sternutatione.

274 4161 355 4217 De
381 4159 726 4216 comestione
752 4166 810 4213 et
836 4158 984 4214 cibo.
1905 4160 1987 4215 De
2014 4157 2308 4227 sanguinis
2334 4157 2491 4214 fluxu
2518 4172 2549 4212 a
2578 4156 2832 4217 naribus.

276 4248 356 4304 De
383 4245 639 4319 prandio,
1906 4246 1986 4301 De
2013 4258 2208 4300 corzza
2234 4241 2472 4311 (cerebri
2500 4242 2899 4313 aegritudine).

277 4334 359 4389 De
384 4338 551 4405 potus
577 4331 929 4388 diversitate.
1906 4328 1987 4385 De
2012 4327 2361 4400 potionibus·

282 4418 426 4473 ltem
453 4418 523 4472 de
549 4416 841 4487 sanguine.
1908 4416 1988 4471 De
2015 4414 2281 4488 paralysi·

277 4506 359 4561 De
386 4504 645 4561 ciborum
672 4500 994 4559 differentia
1025 4502 1083 4559 in
1110 4501 1317 4559 hieme.
1907 4501 1987 4556 De
2011 4499 2187 4556 dieta.

365 4653 462 4715 De
498 4651 679 4712 Adae
716 4652 1046 4710 creatione
1083 4655 1143 4708 et
1183 4649 1355 4708 Evae
1387 4651 1810 4727 formatione.
1848 4647 2013 4707 Cum
2048 4661 2208 4721 ergo
2242 4644 2422 4705 Deus
2457 4644 2665 4705 Adam
2701 4649 2980 4723 creavit,
3031 4651 3241 4715 Adam
3280 4653 3377 4721 di-

274 4756 636 4818 lectionem
670 4768 977 4828 magnam
1013 4753 1080 4811 in
1115 4767 1354 4827 sopore
1390 4751 1701 4824 habebat,
1741 4767 1892 4811 cum
1924 4751 2102 4809 Deus
2138 4765 2447 4826 soporem
2486 4750 2549 4808 in
2584 4750 2807 4825 ipsum
2844 4754 3049 4816 misit.
3085 4756 3165 4821 Et
3195 4756 3372 4823 Deus

282 4860 441 4921 fecit
476 4858 760 4918 formam
794 4857 877 4917 ad
911 4856 1333 4917 dilectionem
1367 4856 1520 4931 viri,
1558 4862 1626 4916 et
1662 4858 1760 4916 sic
1798 4856 2043 4914 femina
2078 4855 2350 4914 dilectio
2385 4856 2515 4915 viri
2550 4858 2675 4916 est.
2703 4856 2784 4917 Et
2821 4874 2971 4919 mox
3008 4876 3160 4921 cum
3190 4862 3377 4927 femi-

278 4984 368 5030 na
403 4966 690 5029 formata
722 4968 848 5041 est,
887 4966 1205 5025 virtutem
1259 4965 1441 5025 illam
1479 4964 1840 5025 creationis
1887 4963 2065 5023 Deus
2101 4964 2247 5023 viro
2282 4963 2487 5039 dedit,
2527 4971 2599 5025 ut
2632 4965 2996 5025 dilectione
3029 4981 3174 5039 sua,
3212 4982 3383 5042 quae

283 5073 532 5134 femina
567 5080 693 5148 est,
747 5073 921 5133 filios
955 5075 1362 5147 procrearet.
1402 5071 1566 5131 Cum
1601 5071 1781 5132 enirn
1813 5071 2018 5131 Adam
2060 5071 2351 5146 inspexit
2379 5072 2609 5148 Evam,
2664 5075 2846 5133 totus
2887 5074 3216 5149 sapientia
3265 5075 3384 5141 im-

279 5179 505 5255 pletus
539 5180 665 5253 est,
703 5178 859 5254 quia
899 5181 1179 5237 matrem
1226 5192 1347 5253 per
1395 5193 1595 5252 quam
1632 5177 1809 5237 filios
1856 5192 2214 5253 procreare
2250 5177 2568 5249 debebat,
2609 5178 2914 5253 inspexit.
2953 5179 3115 5240 Cum
3152 5187 3377 5245 autem
