4036 6117
694 449 826 512 542
1809 465 1863 514 s.
1926 463 2468 513 nunsoAnms

615 601 738 663 per
772 594 836 646 te
867 586 937 645 in
971 585 1296 662 sanguine
1329 585 1548 660 vituli,
1584 590 1651 644 et
1686 585 1754 645 in
1788 586 2185 662 symphonia
2222 583 2741 646 resurrectionis
2776 588 2951 645 tuae.
2985 583 3066 644 Et
3097 583 3275 643 unde
3310 582 3495 659 quod
3538 582 3730 641 multi

627 707 667 751 a
698 689 832 751 Deo
868 690 1099 765 fugere
1134 691 1511 764 voluerunt,
1551 689 1862 749 voluntas
1896 690 2016 750 filii
2051 691 2155 750 sui
2191 706 2307 751 eos
2342 690 2422 750 ad
2460 705 2533 750 se
2566 690 2807 759 traxit,
2844 690 3001 765 quia
3026 690 3203 748 Deus
3237 705 3370 748 non
3402 694 3515 748 est
3552 704 3734 747 ama-

627 801 737 857 tor
783 796 1181 873 perditionis
1215 796 1414 858 ovilis
1464 796 1593 870 sui,
1631 795 1807 872 quod
1860 797 1924 855 in
1958 797 2283 872 sanguine
2332 812 2455 856 suo
2499 795 2685 856 lavit.
2734 795 2815 854 Et
2848 796 2970 855 tibi
3019 794 3192 855 dico:
3229 794 3442 869 Surge
3486 793 3727 861 citius.

626 905 697 959 et
742 899 919 961 Deus
966 903 1033 962 te
1083 900 1442 978 suscipiet,
1494 899 1759 975 quando
1809 902 2085 976 peccata
2120 907 2235 960 tua
2282 900 2432 976 plus
2472 901 2536 960 in
2586 899 2914 973 stultitia,
2967 915 3171 975 quam
3222 901 3288 958 in
3325 897 3594 958 malitia
3645 896 3732 954 la·

630 1009 923 1066 tuerunt.

2048 1154 2313 1215 LXXXI.

1344 1323 1631 1383 Berthae
1664 1325 1932 1400 reqinae
1968 1321 2373 1383 Graecorum
2403 1316 2449 1401 ¹)
2486 1311 3001 1405 [Hildeqardis]

708 1482 974 1538 Tutelam
1002 1479 1255 1537 divinam
1282 1480 1582 1551 allegorice
1606 1478 1905 1544 describit,
1933 1496 1997 1537 ac
2026 1486 2155 1536 vota
2181 1497 2283 1552 pro
2308 1481 2501 1537 sobole
2526 1479 2680 1550 regia
2706 1479 2884 1536 addit.

724 1615 1104 1692 Exspiratio
1136 1617 1425 1692 Spiritus
1458 1618 1575 1679 Dei
1610 1619 1793 1679 dicit:
1831 1619 2117 1679 Ranium
2148 1616 2226 1698 ¹¹),
2273 1636 2474 1696 quem
2507 1618 2682 1679 Deus
2717 1619 2968 1695 diligit,
3022 1619 3211 1679 illum
3246 1619 3314 1677 in
3364 1617 3591 1676 hieme
3643 1622 3733 1675 te·

641 1717 763 1792 git,
812 1724 881 1778 et
911 1718 1329 1781 viriditatem
1379 1721 1562 1781 noris
1599 1722 1664 1781 in
1713 1728 1972 1783 aestate
2005 1723 2086 1782 de
2137 1723 2251 1783 illo
2286 1723 2617 1798 perducit,
2657 1728 2858 1799 atque
2890 1721 3345 1797 pestilentiam
3380 1720 3737 1791 nodorum,

636 1836 1009 1910 perquam
1045 1840 1355 1885 arescere
1400 1831 1625 1901 potest
1642 1825 1676 1902 ,“
1695 1826 1778 1886 de
1814 1826 1945 1887 isto
1991 1827 2189 1887 tollit.
2226 1827 2306 1886 Et
2341 1826 2559 1887 rivulo
2594 1842 2807 1901 aquae
2840 1826 2956 1901 qui
2995 1826 3061 1884 in
3094 1825 3365 1885 Oriente
3398 1824 3479 1883 de
3516 1822 3739 1896 lapide

639 1927 880 2002 oritur,
919 1928 1145 1988 ablata
1178 1937 1284 1991 est
1317 1946 1554 2007 spuma
1589 1931 1875 1992 aliarum
1911 1948 2262 2008 aquarum,
2298 1933 2457 2007 quia
2489 1932 2814 1991 velociter
2847 1932 3091 2005 currit,
3127 1936 3195 1990 et
3228 1930 3552 2006 quoniam
3588 1928 3740 1986 aliis

639 2030 839 2105 aquis
889 2032 1123 2092 utilior
1152 2041 1289 2109 est,
1343 2034 1500 2110 quia
1535 2034 1599 2094 in
1647 2051 1726 2095 eo
1759 2036 1943 2097 nulla
1988 2036 2274 2112 putredo
2309 2044 2433 2096 est.
2486 2036 2593 2095 Sic
2628 2035 2764 2095 illis
2814 2034 3197 2094 hominibus
3234 2033 3546 2107 contigit,
3602 2031 3744 2106 qui-

637 2131 767 2193 hus
815 2132 992 2195 Deus
1040 2137 1215 2197 diem
1266 2139 1738 2213 prosperitatis
1787 2140 2130 2215 concedit,
2182 2146 2250 2200 et
2305 2140 2693 2200 rutilantem
2750 2154 3064 2200 auroram
3100 2138 3399 2212 honoriS,
3449 2144 3520 2196 et
3571 2152 3740 2212 quos

636 2237 1033 2313 principalis
1082 2246 1323 2300 ventus
1357 2241 1711 2318 Aquilonis
1760 2258 1913 2302 cum
1947 2243 2256 2319 squalido
2306 2243 2466 2304 flatu
2516 2243 3003 2303 inimicantium
3053 2242 3398 2301 hominum
3444 2258 3584 2300 non
3632 2257 3742 2314 op-

640 2343 896 2419 primit.
945 2344 1100 2406 Ideo
1135 2347 1362 2421 aspice
1409 2348 1493 2407 ad
1529 2348 1749 2425 illum,
1802 2349 1919 2424 qui
1951 2355 2018 2409 te
2052 2349 2300 2425 tetigit,
2338 2354 2407 2410 et
2438 2349 2554 2426 qui
2586 2349 2668 2408 de
2702 2348 2902 2409 corde
2938 2347 3080 2426 (fol.
3119 2347 3232 2428 75)
3276 2353 3391 2407 tuo
3427 2347 3745 2407 holocau-

640 2449 823 2506 stum
870 2449 1136 2524 quaerit
1183 2465 1262 2511 ac
1311 2467 1553 2512 munus
1585 2458 2099 2529 praeceptorum
2151 2468 2447 2513 suorum.
2498 2452 2597 2513 Ad
2647 2452 2835 2512 illum
2872 2468 3033 2528 ergo
3068 2452 3329 2525 anhela,
3366 2455 3433 2509 et
3467 2450 3588 2508 det
3621 2448 3741 2507 tibi

619 2550 964 2622 gaudium
1014 2554 1266 2614 sobolis
1301 2554 1668 2616 secundum
1716 2557 2132 2618 voluntatem
2165 2561 2383 2632 tuam,
2434 2558 2503 2617 et
2535 2556 2902 2616 secundum
2952 2555 3343 2631 petitionem
3377 2550 3745 2611 necessita-

643 2653 736 2713 tis
771 2656 943 2716 tuae.
979 2658 1222 2719 Vivens
1247 2662 1425 2720 enim
1452 2662 1689 2723 oculus
1721 2660 1804 2723 ad
1843 2669 1908 2724 te
1942 2662 2247 2736 respicit,
2276 2667 2343 2721 et
2369 2664 2434 2723 te
2461 2661 2711 2721 habere
2735 2662 2903 2735 vult,
2953 2667 3022 2721 et
3055 2660 3122 2720 in
3148 2664 3495 2719 aeternum
3531 2657 3741 2716 vives.

2038 2851 2334 2912 LXXXII.

2154 3026 2226 3087 N.

725 3178 806 3236 De
834 3178 992 3236 rudis
1020 3180 1273 3238 hominis
1300 3181 1618 3253 ignorantia
1644 3183 1879 3254 ejusque
1907 3181 2273 3238 matrimonio
2300 3180 2412 3238 rite
2438 3179 2794 3238 instituendo
2821 3179 2958 3250 agit.

739 3315 1109 3394 Unicuique
1157 3319 1447 3393 homini,
1513 3322 1630 3399 qui
1687 3328 1996 3381 terrenus
2046 3328 2184 3392 est,
2240 3321 2322 3380 de
2380 3322 2647 3381 terrena
2696 3318 2981 3379 materia
3029 3320 3256 3393 natuS,
3319 3317 3735 3391 impossibile

652 3424 757 3478 est
807 3421 1127 3482 coelestia
1157 3424 1494 3499 inspiciat,
1547 3426 1676 3485 nisi
1728 3432 2048 3502 quantum
2090 3425 2155 3485 in
2202 3425 2329 3485 fide
2372 3440 2612 3501 capere
2660 3425 2898 3501 possit.
2948 3423 3130 3484 Unde
3180 3423 3263 3483 ab
3299 3424 3429 3482 isto
3479 3423 3741 3482 homine

653 3524 832 3585 Deus
882 3529 1130 3588 nullam
1168 3531 1520 3591 scientiam
1567 3533 1855 3608 quaerit,
1892 3548 2092 3609 quam
2143 3531 2318 3591 idem
2353 3531 2552 3593 homo
2603 3547 2725 3591 nec
2758 3546 2799 3590 a
2848 3547 2920 3590 se
2955 3531 3131 3606 ipso,
3165 3544 3289 3589 nec
3321 3529 3407 3588 ab
3442 3529 3572 3588 alia
3614 3529 3741 3587 ulla

655 3634 923 3691 terrena
972 3648 1178 3693 causa
1212 3651 1603 3709 comparare
1650 3638 1853 3712 valet,
1893 3637 2157 3696 scilicet
2203 3651 2325 3696 nec
2368 3634 2697 3695 audiendo
2746 3651 2868 3694 nec
2916 3633 3221 3693 videndo.
3272 3649 3395 3692 nec
3428 3634 3561 3692 alio
3614 3632 3744 3690 ullo

657 3738 1001 3810 comperto
1034 3739 1508 3812 experimento,
1545 3738 1670 3798 Sed
1705 3745 1928 3799 tamen
1963 3741 2166 3800 istum
2201 3740 2509 3800 eumdem
2545 3739 2882 3800 hominem
2914 3738 2997 3798 de
3034 3744 3216 3798 recto
3266 3739 3519 3797 semine
3552 3737 3741 3796 video

655 3842 913 3914 ortum,
965 3846 1032 3900 et
1063 3842 1144 3901 de
1194 3843 1411 3903 aliena
1445 3844 1642 3904 sorde
1675 3843 2093 3920 aliquantum
2128 3844 2550 3904 sorditatum.
2585 3843 2665 3903 Et
2702 3844 2848 3903 ideo
2883 3842 2966 3902 de
2999 3843 3260 3902 occulta
3295 3847 3363 3900 et
3396 3858 3525 3901 non
3559 3857 3745 3900 vera-

657 3942 831 4002 citer
875 3952 1148 4021 experta
1182 3964 1387 4008 causa
1433 3948 1579 4025 ipse
1607 3947 2008 4026 judicandus
2059 3963 2188 4007 non
2221 3953 2356 4022 est,
2409 3945 2525 4006 sed
2561 3947 2629 4006 in
2679 3945 2919 4006 timore
2953 3950 3021 4004 et
3069 3944 3135 4003 in
3168 3960 3396 4003 amore
3426 3943 3545 4001 Dei
3579 3950 3648 4002 et
3681 3943 3739 4000 in

661 4055 845 4110 recta
891 4053 1356 4129 conjunctione
1404 4071 1524 4131 per
1572 4055 1912 4115 licentiam
1944 4053 2284 4114 Ecclesiae
2318 4069 2470 4113 cum
2504 4059 2691 4114 costa
2748 4053 2879 4112 sibi
2927 4051 3240 4127 adjuncta
3296 4052 3510 4124 vivat,
3573 4051 3740 4109 sicut

660 4154 839 4217 Deus
873 4160 956 4219 ab
992 4161 1179 4222 initio
1215 4164 1585 4224 constituit.

2044 4331 2370 4392 LXXXIII.

1400 4505 1768 4582 Maniqoldo
1799 4501 2010 4563 abbati
2043 4501 2122 4561 de
2158 4500 2535 4576 Hirsauyia,
2574 4499 2992 4576 Hildeyardis

735 4665 1016 4721 Abbatem
1042 4680 1260 4739 semper
1285 4667 1712 4731 colluctantem,
1745 4682 1816 4722 ne
1843 4664 2100 4721 animum
2126 4661 2419 4736 spondeat.
2448 4660 2715 4718 sustinet.

755 4808 807 4868 Ο
853 4815 1047 4886 pater
1078 4815 1144 4869 et
1196 4809 1552 4870 mitissime
1589 4808 1818 4883 frater,
1868 4806 2063 4868 video
2099 4806 2165 4865 in
2212 4811 2278 4865 te
2312 4805 2608 4882 aliquam
2642 4821 2916 4865 causam
2953 4803 3253 4864 inutilem
3306 4802 3371 4861 in
3409 4800 3738 4877 fatigatio-

745 4979 788 5045 ¹)
823 4980 1052 5043 Bertha,
1086 4980 1234 5051 apud
1259 4981 1502 5036 Graecos
1529 4979 1711 5043 Irene,
1741 4994 1896 5036 soror
1931 4978 2164 5033 Gertru-
2255 4963 2749 5047 stantinopolitani
2775 4974 3057 5032 Manuelis
3080 4939 3371 5029 Comneni.
3396 4975 3528 5036 —²)
3560 4972 3737 5028 Etiam

673 5066 788 5130 dis.
822 5083 966 5138 quae
1004 5068 1118 5125 fuit
1167 5085 1310 5125 uxor
1359 5065 1725 5141 Imperatoris
1768 5065 2008 5123 Conradi
2057 5067 2165 5130 111,
2254 5079 2345 5119 me
2389 5063 2537 5132 sugit
2582 5061 2842 5125 Bauium,
2888 5060 3222 5115 arbusculus
3258 5059 3358 5129 qui
3400 5059 3486 5113 vel
3513 5056 3735 5128 cangio,

673 5151 793 5224 ipsa
819 5153 1000 5226 prima
1028 5155 1139 5211 suit
1169 5173 1330 5221 uxor,
1367 5172 1414 5212 a.
1454 5158 1608 5219 11⁴4,
1641 5151 2001 5228 imperatoris
2029 5151 2164 5208 Con-
2260 5157 2321 5207 ut
2350 5149 2496 5224 apud
2524 5166 2610 5204 mc
2638 5154 2846 5212 exstat,
2876 5147 3105 5218 ignotus
3129 5151 3233 5203 cst.
