4036 6117
722 459 859 525 534
1879 478 1934 528 s.
1996 478 2553 527 nrtnsoAams

649 601 972 676 volvitur,
1008 607 1074 661 et
1106 599 1495 675 diligentius
1528 599 1985 677 distribuitur,
2021 606 2091 662 et
2123 602 2453 663 lutulento
2476 598 2523 681 ¹)
2553 602 2708 663 flmo
2744 602 3132 678 involvitur,
3163 606 3238 662 ut
3266 601 3559 662 fructum
3594 600 3755 661 mul·

652 708 796 763 tum
837 704 1096 764 afferat.
1150 705 1290 765 Hoc
1325 711 1429 766 est
1462 707 1809 782 patientia,
1847 720 2020 782 quae
2058 706 2523 767 humiditatem
2558 710 2626 767 et
2657 706 3069 767 viriditatem
3124 708 3189 766 in
3223 708 3534 767 omnibus
3570 707 3757 765 bonis

650 813 970 887 operibns
1011 813 1206 889 facit,
1257 815 1451 891 cujus
1503 815 2012 875 tabernaculum
2060 815 2305 875 durum
2351 821 2419 876 et
2467 831 2780 891 asperum
2831 823 2959 891 est,
3006 816 3123 876 sed
3171 833 3412 893 magna
3462 810 3761 892 praemia

651 912 788 985 dat,
826 920 892 973 et
941 917 1260 975 coelestis
1298 917 1480 991 regni
1528 918 1802 993 januam
1837 918 2074 993 aperit.
2125 917 2311 977 Nunc
2347 919 2547 978 istam
2592 919 2673 978 ad
2709 921 2774 979 te
2825 919 3037 992 trahe,
3075 926 3140 977 et
3176 919 3463 978 observa
3516 925 3585 976 te
3618 913 3761 974 dili-

651 1021 920 1093 gentius
968 1020 1053 1080 ab
1086 1020 1399 1096 hyacinto
1446 1024 1516 1082 et
1562 1022 1824 1096 berillo,
1879 1022 1995 1097 qui
2049 1023 2113 1081 in
2164 1021 2425 1098 fulgore
2472 1038 2601 1082 non
2649 1022 3025 1094 fulminant,
3078 1022 3194 1081 sed
3230 1040 3267 1081 a
3317 1017 3759 1094 floribusqui

654 1122 1069 1182 viriditatem
1120 1125 1188 1183 in
1220 1124 1590 1185 virtutibus
1639 1140 1770 1184 non
1804 1124 2075 1200 habent,
2125 1130 2195 1186 et
2226 1126 2340 1202 qui
2378 1125 2573 1187 facile
2622 1126 2891 1200 cadunt,
2937 1126 3051 1201 qui
3086 1131 3152 1185 te
3185 1140 3305 1200 per
3350 1122 3756 1183 discordiam

656 1227 1148 1288 inobedientiae
1196 1229 1348 1305 plus
1380 1235 1629 1304 amant,
1666 1244 1867 1305 quam
1921 1245 2040 1303 per
2073 1231 2578 1304 poenitentiam.
2614 1230 2829 1290 Locus
2864 1231 2990 1289 iste
3027 1231 3093 1288 in
3127 1245 3259 1304 quo
3294 1229 3589 1299 habitaS,
3627 1226 3756 1285 Deo

658 1330 905 1404 placet;
934 1331 1107 1391 unde
1132 1332 1524 1408 patientiam
1550 1333 1939 1409 osculando,
1971 1334 2436 1409 amplectendo
2465 1334 2657 1408 habe,
2685 1340 2753 1393 et
2779 1349 2932 1393 eum
2955 1349 3084 1393 non
3111 1332 3398 1405 dimitte,
3426 1332 3587 1407 quia
3618 1345 3761 1405 pos-

664 1433 1059 1494 sibilitatem
1095 1434 1436 1496 hominum
1471 1437 1748 1497 vulnera
1798 1444 2065 1519 tergere
2097 1438 2330 1513 habea,
2368 1455 2502 1515 qua
2550 1438 2822 1499 saecula
2869 1438 2939 1497 in
2971 1438 3232 1497 coelum
3268 1449 3661 1511 praeparas,
3696 1439 3759 1492 et

662 1538 730 1596 in
763 1544 1106 1599 aeternum
1140 1540 1352 1600 vives.

2097 1707 2310 1770 LXIV.

1477 1897 1705 1960 Abbati
1737 1899 1817 1959 de
1853 1907 2079 1961 sancto
2114 1900 2364 1961 Nabore
2395 1898 2448 1980 ²)
2488 1901 2935 1978 Hildeqardis.

738 2082 826 2139 Ad
854 2083 1183 2155 patiendum
1211 2084 1270 2141 in
1294 2083 1508 2143 christi
1535 2089 1794 2159 exemplo
1820 2087 2105 2144 hortatur.

757 2223 1120 2283 Hortorum
1151 2225 1636 2300 pigmentarios
1668 2232 1981 2286 auctores
2013 2233 2084 2286 et
2115 2226 2584 2287 consiliatores
2616 2225 2770 2286 boni
2805 2226 3069 2285 consilii
3100 2225 3347 2284 habere
3381 2224 3609 2297 debeS,
3648 2222 3755 2299 qui

663 2326 1057 2403 diligentius
1090 2334 1450 2404 praecepta
1483 2328 1653 2404 legis
1686 2329 2031 2405 colligant,
2083 2345 2212 2389 non
2249 2330 2654 2405 aspicientes
2704 2337 2883 2390 retro
2918 2330 3024 2389 sui
3058 2336 3382 2399 aratrum,
3421 2328 3538 2387 sed
3570 2326 3758 2386 victi·

670 2448 846 2492 marn
882 2450 1109 2494 coram
1145 2450 1218 2494 se
1266 2442 1718 2511 praesentem,
1763 2438 1832 2496 et
1861 2436 2181 2511 divinam,
2220 2453 2422 2514 quam
2452 2437 2754 2497 Ecclesia
2790 2438 3011 2509 habet,
3069 2451 3201 2497 non
3249 2437 3402 2495 ficta
3435 2435 3761 2509 significa·

669 2536 873 2609 tione,
927 2538 1045 2597 sed
1078 2538 1228 2598 Filii
1276 2538 1416 2616 Dei,
1455 2540 1550 2599 ita
1596 2541 1774 2617 quod
1824 2542 1969 2617 ipse
2001 2542 2070 2602 in
2116 2542 2431 2618 passione
2477 2558 2599 2602 sua
2632 2542 2846 2602 doluit
2879 2546 2946 2602 et
2985 2542 3363 2617 passionem
3411 2540 3662 2599 docuit.
3696 2537 3757 2597 Si

669 2654 803 2698 non
837 2640 1154 2701 habueris
1204 2642 1459 2717 lignum
1492 2643 1892 2719 pomiferum
1929 2647 1999 2705 et
2029 2646 2265 2705 vitalia
2300 2646 2364 2705 in
2398 2645 2802 2705 discretione
2852 2650 3362 2720 praeceptorum
3395 2641 3511 2699 Dei
3550 2641 3618 2699 in
3651 2640 3761 2698 ho-

671 2743 990 2818 minibus,
1027 2751 1183 2804 tunc
1217 2746 1451 2806 recede
1485 2748 1566 2807 ad
1602 2748 1736 2808 alia
1770 2750 2131 2824 pigmenta.
2168 2749 2426 2811 Adhibe
2463 2749 2599 2810 illis
2649 2748 3050 2825 adjutorium
3091 2748 3157 2807 in
3197 2745 3506 2806 omnibus
3540 2758 3763 2803 neces-

675 2849 879 2909 sariis
915 2851 1086 2927 istis,
1121 2869 1254 2912 non
1289 2854 1388 2912 sic
1422 2859 1495 2912 ut
1528 2853 1705 2913 diem
1745 2855 1807 2913 in
1843 2860 1908 2914 te
1943 2855 2349 2927 abscondas,
2387 2861 2456 2915 et
2488 2858 2747 2915 noctem
2779 2862 2843 2914 te
2880 2853 3113 2925 faciaS,
3144 2868 3223 2911 ne
3255 2851 3573 2910 Dominus
3609 2854 3757 2907 tuus

675 2958 744 3016 te
776 2956 1087 3032 inculpet.
1114 2958 1206 3016 De
1242 2958 1604 3019 schismat0
1630 2958 1970 3018 Ecclesiae
2005 2975 2135 3018 non
2164 2959 2355 3035 jubet
2381 2973 2484 3019 me
2508 2956 2829 3019 Dominus
2859 2958 3064 3033 loqui,
3095 2955 3206 3015 sed
3244 2954 3538 3030 gladium
3567 2967 3758 3009 suum

672 3060 920 3130 vibrat,
956 3067 1026 3121 et
1057 3077 1286 3122 arcum
1323 3079 1515 3123 suum
1553 3064 1787 3139 tendit,
1825 3063 2001 3140 qued
2041 3064 2105 3123 in
2138 3062 2437 3125 bonitate
2469 3064 2795 3124 bonorum
2830 3066 2955 3123 est.
2991 3063 3064 3121 In
3103 3065 3445 3120 aeternum
3490 3058 3698 3116 viveS.

770 3209 880 3271 fol.
917 3211 1140 3272 59-62.
1182 3215 1679 3291 Coreyreqalioni
1715 3214 1795 3272 de
1834 3215 2052 3275 Monte
2086 3211 2256 3273 beati
2290 3211 2580 3273 Disibodi
2617 3211 3059 3289 HildeqardiS.
3095 3208 3341 3269 Patrol.
3377 3207 3528 3268 374.

769 3313 882 3376 fol.
919 3315 1023 3377 63.
1063 3318 1447 3395 Mayuntino
1482 3320 1986 3396 Archiepiscopo
2017 3311 2068 3398 ²)
2105 3318 2546 3395 Hildeqardis.
2584 3317 2830 3376 Patrol.
2870 3317 2993 3376 col.
3030 3316 3178 3376 157.

768 3415 995 3480 Abbati
1030 3421 1341 3484 Nothario
1370 3418 1417 3501 ⁴)
1451 3424 1531 3483 de
1565 3414 1804 3507 [Ebra]
1841 3423 2285 3500 Hildeqardis.
2323 3421 2602 3491 Ibidem,
2639 3422 2762 3482 col.
2798 3421 2949 3483 359.

2135 3633 2310 3692 LXV.

1424 3830 1633 3889 Odoni
1672 3830 2130 3890 Suessionensi
2162 3830 2475 3904 maqistro
2504 3822 2552 3906 ⁸)
2590 3826 3030 3905 Hildeqardis.

759 4013 1023 4084 Elogium
1048 4011 1263 4070 odonis
1291 4013 1384 4069 vix
1414 4013 1739 4085 incoeptum
1765 4012 2149 4086 abrumpitur.

767 4150 843 4210 In
875 4166 1035 4212 vera
1073 4153 1329 4212 visione
1377 4153 1851 4229 mysteriorum
1883 4149 1999 4211 Dei
2052 4150 2298 4224 scribo,
2335 4150 2621 4210 videndo
2655 4157 2721 4210 et
2755 4148 3082 4210 audiendo
3115 4154 3182 4208 et
3218 4147 3488 4208 sciendo
3526 4148 3591 4207 in
3626 4163 3746 4208 uno

687 4254 905 4315 modo,
944 4257 1038 4316 Tu
1072 4263 1317 4332 autem,
1353 4276 1391 4318 o
1425 4259 1645 4333 homo,
1685 4255 1928 4318 similis
1961 4271 2037 4315 es
2070 4254 2251 4329 nubi,
2288 4267 2460 4330 quae
2494 4254 2918 4331 progreditur
2950 4261 3016 4313 et
3051 4254 3453 4329 regreditur,
3490 4259 3555 4313 et
3589 4268 3747 4331 quae

687 4357 756 4416 in
789 4357 914 4417 hac
948 4368 1229 4436 utraque
1277 4365 1465 4440 parte
1499 4361 1986 4439 aliquantulum
2038 4359 2257 4419 lucida
2291 4363 2418 4432 est,
2454 4364 2521 4418 et
2553 4374 2672 4435 per
2704 4374 2903 4435 quam
2939 4366 3250 4418 tamen...

762 4549 806 4614 ί)
844 4521 1117 4606 luculento
1153 4565 1341 4623 apogr.
1382 4548 1542 4622 quasi
1581 4552 1851 4620 perpetuo
1877 4560 2082 4602 errore.
2114 4574 2182 4584 -
2271 4541 2371 4598 ubi
2405 4541 2679 4612 dirigitur
2703 4543 2769 4597 ad
2800 4543 3054 4612 ignotum
3090 4543 3449 4598 monachum.
3479 4540 3565 4596 Ab
3595 4539 3751 4595 initio

686 4637 734 4701 ²)
759 4634 1009 4691 Obscura
1039 4636 1098 4690 in
1123 4636 1243 4692 cod.
1266 4637 1542 4709 scriptura
1567 4633 1893 4691 amanuensi
1925 4632 2042 4688 visa
2071 4634 2180 4694 est,
2273 4646 2399 4701 pars
2435 4630 2618 4686 media
2660 4635 2976 4691 truncatur,
3016 4645 3159 4702 quae
3202 4636 3384 4682 tamen
3429 4628 3616 4681 nescio
3649 4643 3752 4695 qno

691 4736 796 4777 nec
833 4720 1012 4788 magis
1050 4722 1340 4794 perspicua
1380 4724 1652 4795 epistolae
1685 4719 2092 4789 intelligentia,
2117 4748 2184 4760 --
2266 4716 2397 4787 jure
2421 4714 2763 4787 postliminii
2795 4724 3088 4772 revocatur
3117 4712 3259 4768 infra
3293 4713 3349 4767 in
3377 4712 3474 4767 sol.
3513 4712 3633 4768 cod.
3669 4716 3748 4774 66.

686 4807 733 4874 ⁸)
762 4808 824 4863 ln
852 4807 975 4865 edd.
1012 4813 1241 4865 vocatur
1269 4809 1574 4872 Arnoldns,
1614 4809 1714 4878 qui
1743 4806 2072 4877 moguntiae
2100 4805 2185 4860 in·
2273 4818 2338 4859 ac
2362 4801 2409 4858 si
2442 4802 2499 4856 in
2526 4802 2639 4858 duo
2663 4803 2924 4874 epistolia
2951 4801 3347 4856 dissentiretur.

691 4895 840 4952 sulas
880 4897 1067 4953 tenuit
1104 4914 1152 4953 a.
1200 4901 1522 4954 immiso.
1564 4897 1748 4954 codex
1774 4898 1997 4954 omittit
2026 4898 2188 4966 lugu·
2342 4891 2388 4954 ⁸)
2406 4887 2581 4945 Adest
2605 4887 2781 4957 igitur
2801 4882 3386 4948 0d0,811‹·ssionensis
3406 4882 3646 4952 origine.
3663 4883 3751 4937 Pa·

689 4982 845 5037 brem
886 4989 944 5038 et
971 4982 1198 5039 feralem
1226 4984 1500 5055 epistolae
1527 4990 1768 5055 partem,
1794 4999 1903 5054 qua
1931 4983 2187 5040 Arnoldo
2274 4977 2534 5035 risiensis
2559 4974 2907 5045 magisterio,
2939 4980 3057 5027 tum
3087 4971 3257 5026 abbas
3282 4969 3670 5024 cisterciensis
3696 4968 3750 5022 iu

687 5067 875 5124 occiso
913 5083 961 5125 a.
1009 5072 1146 5125 1160
1187 5068 1457 5126 interitus
1495 5069 1858 5142 praedicitur.
1892 5097 1958 5110 -·-
1995 5069 2040 5133 ⁴)
2079 5067 2185 5124 No-
2273 5064 2402 5125 Ursi
2460 5076 2677 5132 campo,
2736 5060 3090 5133 postmodum
3136 5057 3192 5113 S.
3245 5056 3528 5112 Romanae
3577 5053 3733 5109 Eccle

691 5166 825 5208 vum
855 5169 1078 5218 nomen,
1108 5155 1200 5210 sed
1228 5162 1356 5212 nota
1385 5155 1622 5229 epistola
1653 5154 1711 5212 in
1740 5155 1861 5213 edd.
1893 5153 2180 5218 CXXXII,
2275 5152 2389 5210 siae
2416 5149 2739 5212 cardinalis,
2770 5154 3054 5221 postremo
3071 5146 3424 5201 Tusculanus
3444 5142 3749 5216 episcopus.
