4036 6117
733 455 863 522 106
1878 475 1926 523 s.
1993 471 2540 526 nttnseAnnts

665 613 712 655 ι
735 603 867 660 non
901 595 1229 675 aperiunt.
1258 595 1582 658 viriditas
1616 611 1882 673 quoque
1916 597 2097 658 aruit
2127 595 2210 657 de
2244 596 2471 673 iniqua
2508 596 2988 674 superstitione
3024 615 3496 674 perversarum
3531 590 3751 662 turba·
3794 577 3799 583 ’

659 717 692 758 )
731 715 903 774 rum,
940 714 1114 778 quae
1147 713 1688 777 unamquamque
1720 713 1995 760 causam
2032 698 2398 760 secundum
2439 698 2777 761 desideria
2811 718 2934 761 sua
2970 702 3353 778 instituunt,
3397 708 3466 763 et
3496 702 3745 764 dicunt:

595 828 610 834 ··
655 821 692 862 w
730 804 892 879 Quis
924 810 1031 866 est
1063 803 1385 866 Dominus
1420 803 1534 864 ille
1566 818 1765 880 quem
1797 819 2139 879 nunquam
2171 802 2500 863 vidimus?
2524 803 2779 875 Quibus
2823 804 3215 881 respondeo:
3249 804 3585 881 Numquid
3619 821 3745 864 non

657 924 691 978 ψ
727 905 975 969 videtis
1023 922 1130 968 me
1161 922 1282 983 per
1328 906 1505 978 diem
1537 911 1605 968 et
1636 920 1758 982 per
1790 905 2089 972 noctem?
2120 906 2445 982 numquid
2478 923 2607 968 non
2655 906 2902 978 videtis
2932 923 3042 974 me
3083 923 3236 968 cum
3271 908 3646 982 seminatiS,
3680 913 3746 966 et

653 1027 688 1068 n
724 1025 878 1071 cum
911 1025 1140 1072 semen
1172 1010 1334 1070 illud
1368 1009 1599 1085 pluvia
1628 1004 1673 1088 ¹)
1707 1008 2156 1086 perfunditur,
2188 1009 2282 1069 ita
2314 1009 2493 1086 quod
2523 1009 2804 1070 crescit‘l
2835 1010 3065 1070 Omnis
3096 1016 3409 1071 creatura
3441 1010 3523 1069 ad
3552 1010 3747 1071 Crea-

649 1131 684 1174 1>
722 1121 940 1180 torem
974 1131 1171 1177 suum
1202 1115 1437 1190 tendit,
1472 1121 1542 1174 et
1573 1115 1750 1191 quod
1785 1131 1956 1174 unus
1989 1131 2139 1174 earn
2173 1115 2356 1189 fecit,
2391 1116 2747 1192 perspicue
2782 1116 3119 1192 intelligit3
3156 1115 3355 1176 homo
3382 1121 3605 1176 autem
3643 1130 3744 1175 re·-

650 1234 685 1279 >
722 1217 922 1286 bellis
953 1223 1083 1293 est,
1119 1224 1187 1279 et
1221 1219 1607 1279 Creatorem
1640 1231 1838 1281 suum
1873 1219 1938 1284 in
1971 1219 2302 1294 plurimas
2341 1224 2692 1282 creaturas
2725 1219 2986 1288 dividit.
3021 1219 3145 1281 Sed
3171 1220 3324 1306 quis
3360 1218 3519 1280 fecit
3556 1219 3745 1280 volu-

648 1338 682 1379 »
721 1321 902 1385 mina
936 1321 1004 1383 in
1037 1322 1401 1399 sapientia?
1432 1323 1506 1381 In
1554 1322 1690 1381 illis
1739 1322 2045 1399 quaerite
2079 1323 2233 1398 quis
2281 1324 2615 1382 creaverit
2645 1321 2696 1402 ²)
2742 1338 2887 1383 vos.
2941 1323 3267 1394 Quamdiu
3314 1328 3627 1383 creatura
3675 1323 3739 1382 in

645 1441 679 1482 n
715 1425 1123 1500 necessariis
1169 1425 1420 1486 vestris
1467 1424 1689 1485 officia
1738 1441 1861 1484 sua
1908 1431 2196 1498 exercet,
2233 1426 2426 1502 plena
2461 1425 2704 1500 gaudia
2736 1442 2864 1485 non
2900 1425 3234 1486 habebitis
3265 1420 3338 1504 ³).
3375 1426 3737 1501 Postquam

644 1544 678 1585 n
715 1511 940 1591 autem
980 1534 1290 1589 creatura
1324 1529 1390 1588 in
1425 1528 1739 1589 ariditate
1780 1528 2126 1602 defecerit,
2163 1529 2359 1588 electi
2410 1544 2744 1588 summum
2792 1530 3107 1604 gaudium
3158 1531 3225 1589 in
3256 1529 3397 1590 vita
3439 1530 3736 1589 omnium

640 1647 676 1688 a
711 1631 1111 1709 gaudiorum
1146 1632 1485 1692 videbunt.
1525 1650 1557 1690 1>
1595 1631 1719 1691 Sed
1754 1637 1821 1690 et
1855 1631 1922 1691 in
1953 1631 2257 1707 praefata
2290 1631 2535 1691 nebula
2571 1632 2638 1690 in
2670 1649 2803 1707 qua
2830 1632 3225 1692 multimoda
3259 1649 3503 1708 genera
3537 1635 3736 1696 vitio-

639 1749 789 1800 rum
819 1741 1035 1811 erant,
1071 1741 1145 1796 ut
1177 1735 1595 1811 praedictum
1627 1740 1755 1810 est,
1790 1734 1994 1793 etiam
2032 1740 2289 1810 septem
2324 1734 2490 1794 vitia
2526 1750 2677 1793 cum
2711 1733 3095 1810 hujusmodi
3133 1735 3539 1811 imaginibus
3571 1737 3732 1798 vidi.

720 1835 785 1900 4.
818 1837 1044 1900 Prima
1075 1840 1253 1899 enim
1286 1840 1508 1914 imago
1543 1839 1737 1915 quasi
1774 1837 2014 1899 faciem
2049 1837 2446 1900 muliebrem
2481 1837 2795 1913 habebat,
2831 1837 3024 1913 cujus
3059 1838 3236 1898 oculi
3272 1840 3470 1915 ignei,
3518 1847 3586 1900 et
3621 1859 3737 1904 na·-

629 1955 757 2003 eus
787 1940 930 2004 luto
964 1957 1312 2019 aspersae,
1362 1947 1430 2000 et
1461 1956 1540 2002 os
1573 1942 1878 2004 clausum
1917 1938 2063 2008 fuit.
2100 1939 2407 2000 Brachiis
2457 1945 2684 1999 autem
2714 1945 2782 1999 et
2817 1939 3125 1999 manibus
3173 1942 3469 2017 carebat,
3507 1944 3625 2004 sed
3663 1945 3734 2005 in

617 2051 918 2124 Nouoque
948 2045 1229 2107 humero
1261 2045 1409 2122 ejus
1435 2046 1541 2105 aia
1575 2044 1822 2106 similis
1846 2045 1994 2108 alae
2023 2043 2526 2118 vespertilionis
2560 2048 2730 2116 erat,
2761 2043 2853 2102 ita
2881 2043 3057 2120 quod
3084 2049 3152 2104 et
3176 2043 3411 2105 dextra
3437 2047 3543 2108 ala
3575 2064 3734 2108 con-

622 2155 735 2210 tra
761 2147 1135 2223 Orientem,
1172 2148 1451 2209 sinistra
1486 2163 1646 2208 vero
1696 2147 1780 2214 ad
1812 2146 2238 2208 Occidentem
2293 2147 2713 2207 tendebatur.
2753 2146 2834 2206 Et
2879 2152 3118 2223 pectus
3160 2148 3358 2209 virile
3406 2148 3723 2223 habebat,

622 2251 734 2313 cui
766 2266 966 2318 crura
999 2257 1068 2312 et
1097 2251 1304 2327 pedes
1340 2257 1414 2311 ut
1443 2266 1645 2312 crura
1680 2255 1749 2311 et
1781 2256 1855 2316 ut
1887 2250 2093 2326 pedes
2127 2250 2433 2311 locustae
2467 2250 2753 2324 inerant,
2790 2249 2885 2308 ita
2918 2250 3094 2326 quod
3136 2256 3370 2311 ventre
3403 2256 3471 2310 et
3515 2250 3727 2313 dorso

622 2355 917 2424 carebat.
971 2357 1186 2432 Gaput
1234 2360 1461 2416 autem
1507 2358 1577 2414 et
1611 2353 1946 2430 reliquum
1994 2370 2243 2431 cor-pus
2276 2352 2424 2430 ejus
2473 2369 2595 2413 nec
2637 2353 2965 2429 crinibuS‚
3002 2368 3125 2413 nec
3158 2354 3294 2414 ullo
3331 2354 3724 2415 indumento

621 2457 965 2534 obtectum
998 2459 1162 2534 vidi,
1197 2459 1328 2520 nisi
1362 2458 1540 2534 quod
1577 2463 1718 2524 tota
1751 2456 2081 2533 praefatis
2116 2457 2411 2520 tenebris
2448 2456 2644 2517 infixa
2680 2456 2828 2531 fuit,
2864 2464 3140 2532 excepto
3188 2456 3364 2532 quod
3406 2457 3592 2518 velut
3626 2466 3730 2519 te-

621 2561 1027 2635 nuissimum
1060 2562 1267 2639 filum,
1303 2561 1498 2639 quasi
1532 2577 1779 2626 aureus
1812 2561 2133 2635 circulus,
2172 2579 2210 2621 a
2245 2561 2499 2621 vertice
2535 2560 2661 2620 sub
2695 2567 2991 2619 mentum
3018 2560 3164 2636 ejus
3186 2558 3233 2638 ⁴)
3273 2564 3340 2621 in
3366 2562 3727 2638 superficie

605 2664 960 2742 utriusque
993 2665 1304 2728 maxillae
1342 2663 1762 2732 tendebatur.

2107 2875 2211 2934 111.

1853 3083 2058 3143 Verba
2109 3085 2485 3161 Superbiae.

701 3299 760 3359 5.
797 3298 877 3359 Et
907 3297 1139 3359 eadem
1177 3296 1395 3372 imago
1434 3295 1620 3357 dixit:
1664 3316 1692 3353 α
1734 3296 1943 3373 Super
1979 3304 2240 3356 montes
2274 3298 2508 3357 clamo.
2561 3297 2638 3356 Et
2672 3296 2825 3373 quis
2874 3305 2980 3357 est
3012 3301 3125 3374 qui
3163 3296 3325 3358 mihi
3372 3301 3712 3360 assimile-

611 3427 641 3463 1>
682 3405 826 3466 tur?
856 3403 1141 3465 Pallium
1178 3418 1397 3462 meum
1432 3418 1635 3478 super
1669 3402 1877 3461 colles
1912 3409 1978 3459 et
2015 3403 2322 3476 regiones
2356 3402 2586 3475 dilato,
2617 3408 2684 3460 et
2709 3403 2859 3460 nolo
2898 3411 2966 3461 ut
3004 3404 3181 3461 ullus
3207 3411 3537 3478 expugnet
3565 3421 3700 3477 me;

622 3528 648 3565 i>
688 3508 947 3566 nullum
983 3508 1144 3564 mihi
1184 3506 1471 3563 similem
1510 3507 1671 3563 scio,
1716 3526 1744 3562 ι

2073 3714 2211 3777 1111.

1690 3924 2096 4001 Responsum
2150 3928 2587 3996 Humilitcttis.

687 4138 746 4197 6.
782 4137 863 4198 Et
896 4136 1123 4196 audivi
1156 4150 1387 4193 vocem
1422 4133 1502 4192 de
1536 4132 1839 4209 praefata
1876 4134 2145 4203 turbida
2179 4135 2375 4207 nube,
2411 4151 2582 4210 quae
2610 4136 2693 4194 ab
2727 4137 2972 4195 Austro
3011 4138 3089 4196 ad
3119 4137 3543 4199 Occidentem
3575 4156 3691 4201 ex·

594 4240 1013 4313 tendebatur,
1042 4239 1198 4298 huic
1225 4238 1498 4313 imagini
1526 4237 2058 4311 respondentem:
2094 4258 2124 4295 α
2155 4239 2292 4313 Ego
2318 4238 2625 4299 columna
2651 4240 2849 4299 nubis
2875 4257 3045 4301 sum.
3073 4241 3154 4302 Et
3179 4258 3456 4304 curnam
3484 4243 3686 4304 suffe-

598 4363 627 4400 »
663 4360 838 4418 ram,
873 4343 932 4403 si
965 4344 1119 4421 quis
1152 4341 1464 4403 horridas
1499 4340 1781 4417 injurias
1815 4341 1979 4403 mihi
2016 4342 2254 4405 incutit
2276 4336 2349 4422 ⁵),
2380 4358 2531 4402 cum
2567 4344 2844 4403 Creator
2876 4344 2957 4403 de
2993 4346 3178 4405 coelo
3204 4345 3571 4422 descendit,
3607 4353 3684 4407 ut

593 4466 625 4502 ι»
665 4446 1001 4506 bominem
1035 4444 1117 4505 ad
1168 4460 1241 4504 se
1275 4444 1606 4505 traheret?
1645 4445 1717 4503 In
1752 4445 2041 4504 summis·
2071 4461 2220 4505 cum
2260 4445 2576 4506 Creatore
2610 4445 2934 4523 habitavi,
2970 4453 3039 4507 et
3069 4463 3221 4508 cum
3266 4450 3413 4525 ipso
3448 4449 3517 4509 in
3547 4456 3685 4510 ter-

594 4568 627 4607 »
667 4564 811 4610 ram
859 4545 1196 4620 descendi,
1247 4553 1316 4607 et
1356 4548 1459 4607 sic
1507 4547 1571 4605 in
1621 4547 1932 4621 omnibus
1981 4547 2226 4613 finibus
2276 4554 2497 4610 terrae
2545 4548 2794 4621 habito.
2830 4549 3013 4623 Unde
3046 4551 3438 4623 transitoria
3469 4542 3679 4613 verb'a

588 4672 620 4712 υ
660 4651 1070 4713 mendaciter
1100 4651 1330 4710 dicere·
1355 4665 1486 4710 non
1518 4665 1819 4725 possum,
1862 4651 2123 4712 scilicet
2157 4658 2230 4713 ut
2262 4651 2482 4719 dicam
2516 4651 2664 4728 hoc,
2693 4659 2758 4713 et
2789 4651 2915 4713 hoc
2943 4669 3116 4726 sum,
3156 4670 3308 4724 cum
3341 4654 3507 4719 illud
3541 4670 3677 4723 non

588 4774 622 4816 1»
660 4757 808 4823 sim.
844 4755 1027 4828 Quod
1078 4756 1136 4814 si
1172 4754 1298 4814 hoc
1345 4754 1662 4828 dicerem,
1716 4755 1814 4814 sol
1850 4754 1934 4814 ad
1982 4755 2297 4815 tenebras
2346 4756 2819 4819 illuminandas
2868 4774 2996 4819 non
3029 4774 3271 4829 essem.
3314 4758 3476 4831 Nam
3519 4774 3673 4825 cum

587 4879 618 4919 ι
656 4861 791 4927 Deo
840 4874 1069 4920 omnes
1122 4858 1433 4918 tenebras
1483 4864 1896 4933 pertranseo,
1929 4859 2113 4921 Unde
2146 4860 2328 4921 nulla
2363 4866 2729 4936 tempestas
2765 4877 2868 4919 me
2903 4877 3169 4927 movere
3204 4864 3476 4941 poterit,
3513 4864 3671 4941 quia

653 5106 694 5173 ¹)
713 5106 914 5176 piuvia
940 5120 1047 5158 om.
1085 5102 1149 5157 Α.
1186 5134 1247 5141 --
1273 5104 1318 5165 2)
1344 5106 1548 5157 creauit
1572 5101 1664 5155 W.
1709 5134 1760 5141 «-
1791 5102 1833 5169 ⁸)
1862 5104 2082 5157 habebis
2109 5104 2199 5159 W.
2234 5136 2297 5143 —-
2326 5107 2368 5172 ⁴)
2396 5113 2515 5177 ejus
2539 5122 2647 5162 om.
2682 5109 2770 5165 W.
2806 5141 2870 5149 --
2898 5113 2941 5173 ⁶)
2968 5114 3206 5167 incurrit
3230 5112 3297 5167 A.
