4036 6117
799 407 930 471 368
1955 424 2006 468 S.
2072 423 2617 472 umnseAnms

735 517 1036 600 feci⁸illis
1084 537 1167 598 ad
1202 538 1656 599 ostensionem
1703 541 2011 615 exempli,
2049 521 2163 617 qui
2192 536 2239 619 ¹)
2276 542 2342 601 in
2377 543 2686 618 plurimis
2722 542 2956 618 signis,
2994 558 3166 619 quae
3200 544 3298 603 eis
3336 544 3738 605 videntibus
3767 550 3828 604 et

730 643 1155 705 audientibus
1189 643 1475 717 ostendi,
1511 659 1617 703 me
1653 659 2060 720 cognoscere
2090 646 2465 706 noluerunt.

818 748 1030 809 Homo
1081 749 1302 806 autem
1343 745 1491 819 ille,
1542 762 1739 822 quem
1776 746 1841 806 in
1892 748 2033 806 zelo
2070 762 2216 806 meo
2265 749 2625 823 flagellavi,
2676 754 2743 807 et
2793 750 3060 808 caetera
3103 764 3274 824 quae
3310 750 3375 808 in
3412 749 3829 809 habitatione

730 853 862 915 ista
895 853 1087 926 sunt,
1140 853 1422 911 caveant
1452 866 1534 909 ne
1582 851 1665 910 de
1696 851 1804 909 via
1853 866 1998 909 mea
2049 850 2480 924 recedenteS,
2535 850 2616 910 ad
2661 852 2921 927 priores
2969 854 3555 927 transgressiones
3610 868 3833 912 rever-

727 960 978 1031 tantur;
1013 972 1094 1017 ne
1129 958 1196 1017 in
1230 958 1432 1017 rubro
1470 956 1638 1015 mari
1673 954 2106 1030 suffocentur,
2139 957 2458 1032 quoniam
2494 956 2720 1032 priora
2752 958 2891 1032 pati
2925 955 3163 1016 amodo
3197 956 3371 1015 nolo,
3403 956 3707 1015 Necesse
3732 960 3831 1015 est

727 1063 902 1124 enim
938 1067 1013 1122 ut
1046 1062 1112 1121 in
1146 1062 1490 1121 meliorem
1525 1065 1785 1136 partem
1820 1067 2121 1135 surgant,
2161 1061 2318 1141 quia
2351 1060 2528 1120 Deus
2561 1061 2705 1120 vult
2738 1076 2820 1119 ne
2857 1061 3074 1134 legem
3110 1076 3303 1118 suam
3337 1059 3752 1133 relinquant.

817 1167 1005 1228 Nunc
1055 1167 1280 1242 igitur,
1317 1182 1354 1225 o
1404 1165 1578 1225 filiae
1614 1180 1838 1238 meae,
1891 1167 2044 1224 ante
2092 1166 2469 1224 cucituram
2517 1181 2877 1241 pressurae
2928 1165 3110 1225 illius
3158 1180 3364 1241 quam
3412 1165 3479 1224 in
3530 1163 3827 1239 spiritali

726 1271 971 1347 populo
1022 1269 1288 1344 faciam,
1324 1270 1439 1345 qui
1488 1269 1782 1329 tunicam
1816 1284 2033 1328 meam
2083 1268 2306 1340 scidit,
2343 1274 2410 1327 et
2443 1270 2560 1345 qui
2594 1276 2878 1328 mortem
2913 1283 3130 1328 meam
3156 1268 3411 1342 divisit,
3449 1275 3519 1327 et
3556 1267 3680 1343 qui
3717 1282 3824 1342 pa·

731 1381 916 1436 ctum
965 1389 1183 1434 meum
1218 1372 1394 1450 quod
1443 1388 1594 1433 cum
1631 1373 1775 1449 ipso
1823 1372 2070 1448 pepigi,
2109 1371 2418 1447 reliquit,
2473 1373 2555 1432 ad
2590 1387 2696 1431 me
2746 1371 2926 1430 illico
2977 1372 3236 1446 surgite
3289 1369 3823 1449 (renunciantes)

733 1478 915 1556 genti
961 1476 1014 1557 ²)
1047 1476 1448 1556 peccatrici,
1499 1491 1671 1553 quae
1707 1477 1771 1535 in
1806 1476 1938 1534 viis
1972 1475 2347 1551 putredinis
2389 1475 2592 1551 jacet,
2628 1479 2696 1536 et
2743 1491 2918 1552 quae
2952 1491 3071 1551 per
3106 1475 3457 1535 lasciviam
3503 1476 3826 1536 vitiorum

733 1599 999 1660 semper
1051 1581 1389 1658 impudica
1435 1586 1563 1656 est,
1614 1585 1682 1641 et
1737 1595 1909 1656 quae
1958 1595 2078 1653 per
2134 1580 2548 1641 nimietatem
2603 1582 2924 1642 vitiorum
2979 1597 3307 1643 mammas
3361 1577 3410 1660 ⁸)
3470 1597 3824 1656 porcorum

737 1688 938 1764 sugit.
975 1685 1155 1747 Unde
1187 1685 1386 1745 dicat:

828 1792 880 1852 Ο
926 1791 1242 1865 Domine,
1293 1787 1409 1866 qui
1458 1787 1713 1849 homini
1759 1788 1983 1848 cibum
2030 1793 2099 1847 et
2140 1788 2614 1848 vestimentum
2663 1789 3060 1863 providisti,
3111 1795 3178 1849 et
3227 1788 3495 1848 dolores
3529 1789 3723 1848 illius
3764 1788 3823 1847 in

737 1898 1060 1973 sanguine
1108 1895 1277 1972 Agni
1310 1893 1625 1967 abluisti,
1676 1893 1903 1968 aspice
1937 1892 2114 1968 quod
2163 1893 2353 1968 niger
2385 1898 2628 1953 ventus
2672 1910 2794 1954 nos
2826 1893 3108 1968 deridet,
3146 1899 3213 1951 et
3248 1893 3557 1969 germina
3592 1892 3824 1952 sancti-

735 2000 897 2061 tatis
946 2017 985 2060 a
1017 1998 1212 2060 nobis
1257 2002 1571 2058 excutere
1602 1996 1768 2070 vult3
1820 2001 1888 2055 et
1923 1995 2113 2056 illum
2160 1996 2242 2055 de
2276 1996 2494 2056 medio
2543 1998 2759 2057 nostri
2792 1997 3088 2072 abscide,
3125 1997 3285 2074 quia
3315 1996 3620 2057 nondum
3650 1997 3823 2055 venit

735 2111 1000 2181 tempus
1046 2101 1482 2179 plenitudinis
1518 2098 1996 2174 schismatum,
2049 2115 2202 2160 cum
2235 2100 2454 2160 omnis
2501 2105 2683 2161 terra
2714 2101 3117 2161 vestimento
3151 2099 3691 2161 consecrationis
3721 2097 3810 2157 de-

745 2207 1128 2269 nudabitur.

825 2311 1011 2371 Nunc
1036 2325 1227 2385 ergo,
1255 2325 1292 2369 o
1329 2308 1534 2379 filiae,
1561 2308 1785 2369 videte
1811 2315 1879 2370 et
1912 2309 2160 2381 audite,
2191 2314 2258 2368 et
2284 2309 2458 2368 hunc
2486 2310 2934 2385 periculosum
2964 2315 3235 2370 ventum
3265 2308 3497 2384 fugite,
3528 2313 3603 2369 et
3627 2306 3710 2368 ad
3733 2321 3818 2366 re-

737 2433 888 2493 gem
935 2416 1236 2475 vestrum
1284 2413 1556 2474 currite.
1605 2414 1687 2473 Et
1718 2428 1871 2474 cum
1919 2413 2047 2473 hoc
2082 2413 2406 2487 feceritis,
2457 2413 2539 2474 de
2571 2413 2987 2475 beatitudine
3033 2413 3181 2489 illa,
3233 2412 3411 2490 quod
3461 2410 3814 2473 Cherubim

735 2523 803 2582 et
834 2518 1182 2595 Seraphim
1229 2523 1431 2594 atque
1465 2518 1684 2578 omnis
1731 2516 1893 2578 ordo
1928 2518 2243 2578 coelestis
2291 2519 2572 2580 militiae
2605 2518 2943 2596 aspiciunt
2972 2518 3042 2578 in
3073 2518 3267 2578 vultu
3296 2516 3438 2593 Dei,
3475 2518 3691 2578 fluant
3719 2515 3813 2575 be·

736 2624 1148 2685 nedictiones
1196 2638 1397 2698 super
1432 2624 1652 2683 locum
1702 2623 1904 2683 istum
1938 2629 2006 2683 et
2054 2624 2229 2684 filias
2262 2625 2446 2701 ejus,
2500 2625 2693 2700 quasi
2731 2625 2945 2685 imber
2992 2631 3462 2702 temporaneus
3489 2631 3565 2684 et
3599 2621 3814 2684 seroti-

737 2745 887 2803 nus,
919 2724 968 2806 ⁴)
1019 2734 1220 2804 atque
1254 2727 1541 2787 virtutes
1591 2728 1656 2786 in
1689 2728 1790 2787 eis
1838 2728 2410 2804 multiplicentur,
2460 2734 2529 2789 et
2573 2729 2850 2789 divitiae
2899 2732 3251 2790 terrarum.
3303 2729 3427 2790 Sed
3475 2736 3550 2790 et
3599 2743 3806 2789 omnes

736 2833 852 2909 qui
887 2831 1011 2891 tibi
1043 2828 1463 2904 benedicunt,
1501 2830 2036 2905 multiplicentur
2068 2831 2138 2890 in
2169 2831 2768 2893 benedictionibus,

825 2935 906 2996 Et
950 2934 1127 2995 Deus
1160 2934 1378 2994 locum
1415 2934 1620 2995 istum
1653 2934 1988 3010 inspiciat,
2043 2951 2164 2994 nec
2197 2935 2343 3011 ejus
2377 2936 2837 2996 obliviscatur.
2885 2937 3180 2998 Crescite
3214 2952 3375 3012 ergo
3407 2938 3475 2997 et
3509 2933 3806 3009 multipli-

739 3040 982 3102 cemim
1031 3054 1234 3117 super
1281 3045 1575 3100 montem
1624 3039 2198 3115 sanctificationis,
2234 3046 2301 3101 et
2348 3057 2468 3118 per
2508 3041 3008 3102 sanctissimum
3040 3042 3288 3103 donum
3321 3041 3460 3104 Dei.
3496 3040 3679 3104 Unde
3709 3037 3805 3116 qui

734 3146 1026 3207 voluerit
1072 3146 1267 3206 vobis
1316 3145 1750 3216 benedicere,
1800 3148 1981 3207 terra
2016 3147 2271 3222 repleat
2317 3148 2573 3208 eumin
2619 3147 3219 3224 benedictionibus;
3256 3150 3325 3210 et
3371 3149 3487 3226 qui
3535 3147 3802 3209 voluerit

734 3248 929 3309 vobis
977 3248 1413 3323 maledicere,
1468 3250 1557 3309 sit
1591 3250 1703 3309 ille
1749 3250 2171 3326 maledictus,
2211 3265 2291 3310 ex
2334 3251 2518 3326 justo
2558 3250 2831 3326 judicio.
2882 3252 3014 3311 Vos
3049 3268 3336 3329 namque
3376 3252 3551 3314 estis
3599 3266 3802 3329 specu-

739 3358 879 3417 lum
925 3371 1166 3416 meum.
1205 3355 1328 3416 Sed
1379 3355 1555 3432 quod
1590 3357 1901 3443 cogitatis
1953 3358 2021 3416 in
2053 3356 2368 3419 cordibus
2402 3358 2674 3434 vestris,
2727 3360 2795 3418 in
2827 3373 2933 3418 me
2965 3365 3093 3435 est,
3132 3360 3310 3436 quod
3342 3360 3495 3422 volo
3536 3361 3604 3420 in
3636 3355 3800 3418 vobis

738 3463 1081 3543 proficere.
1132 3462 1301 3536 Quid
1334 3469 1439 3523 est
1488 3463 1646 3524 hoc‘?
1680 3464 1820 3524 Hoc
1865 3469 1969 3524 est
2003 3463 2179 3541 quod
2220 3465 2478 3540 iustum
2524 3468 2649 3526 est.
2696 3464 2952 3526 Donum
3001 3466 3261 3542 gratiae
3306 3465 3426 3527 Dei
3469 3460 3800 3543 perfundat

738 3584 884 3643 vost,
919 3574 995 3628 ut
1026 3582 1158 3628 non
1190 3568 1599 3644 superemini
1633 3568 1717 3629 ab
1751 3570 2044 3629 inimicO.
2076 3569 2249 3645 Ergo
2280 3586 2411 3630 non
2442 3569 2885 3648 derelinquite
2910 3587 3037 3633 me.
3938 3606 3947 3791 j

817 3771 860 3837 ¹)
902 3768 1058 3837 (Ναί
1103 3775 1165 3827 5¹⁸
1194 3773 1456 3843 Plssrimi‘
1497 3770 1589 3827 W·
1634 3802 1702 3812 -
1737 3772 1784 3837 ²)
1824 3771 2049 3845 Sumite
2097 3789 2240 3845 quae
2325 3790 2427 3829 m
2453 3772 2591 3830 ibid.
2624 3772 2860 3830 immani
2887 3773 3220 3846 sphalmate.
3246 3806 3316 3816 —
3340 3774 3385 3839 ⁴)
3411 3774 3639 3831 Denter.
3663 3768 3754 3831 xl,
3778 3766 3832 3821 Η.
3934 3796 3939 3845 l

742 3861 892 3930 qemi
909 3860 1197 3931 peccatrici
1234 3861 1336 3929 qui
1359 3857 1442 3913 sic
1481 3872 1668 3913 meum
1695 3871 1885 3929 apogr.
1916 3887 1984 3897 --
2009 3856 2055 3925 ⁸)
2081 3857 2237 3915 um..
3930 3862 3939 4005 j
