4036 6117
736 457 868 517 504
1550 446 1562 455 '
1851 471 1903 518 S.
1955 472 2524 521 annectimus.

659 592 790 667 dis3
826 597 896 652 et
929 589 1150 651 scribe
1182 606 1289 661 ea,
1327 606 1458 650 non
1493 587 1860 650 secundum
1897 598 1984 666 te,
2024 609 2145 651 nec
2179 595 2545 654 secundum
2582 591 2786 653 alium
2825 589 3195 666 hominem,
3234 589 3354 652 sed
3395 589 3733 652 secundum

662 697 1077 758 voluntatem
1104 696 1412 765 scientis,
1443 695 1733 754 videntis
1759 702 1826 756 et
1851 697 2270 773 disponentis
2299 700 2521 758 omnia
2551 699 2612 757 in
2643 698 2927 757 secretis
2954 697 3439 774 mysteriorum
3468 712 3734 754 suorum.

749 803 833 863 Et
865 802 1111 862 iterum
1146 801 1372 862 audivi
1408 817 1640 860 vocem
1676 800 1756 858 de
1791 802 1980 860 coelo
2017 803 2179 861 mihi
2216 802 2566 863 dicentem.

748 904 869 965 Dic
901 920 1063 980 ergo
1099 903 1437 963 mirabilia
1474 903 1662 977 haee,
1700 909 1768 962 et
1803 904 2025 963 scribe
2058 921 2161 977 ea,
2200 904 2325 965 hoc
2361 906 2555 965 modo
2590 905 2849 978 edocta,
2886 911 2955 964 et
2986 902 3114 963 dic:

753 1009 1031 1069 Factum
1077 1009 1204 1078 est,
1242 1008 1310 1066 in
1359 1007 1714 1066 millesimo
1750 1008 2116 1067 centesimo
2165 1010 2681 1085 quadragesimo
2718 1010 2933 1085 primo
2983 1007 3131 1068 Filii
3165 1007 3279 1066 Dei
3312 1006 3481 1065 Jesu
3517 1003 3738 1065 Christi

663 1113 1145 1175 incarnationis
1194 1127 1387 1186 ann0,
1424 1127 1577 1169 cum
1626 1112 2074 1187 quadraginta
2112 1113 2398 1171 duorum
2447 1128 2773 1172 annorum
2808 1108 2855 1190 ¹)
2908 1124 3150 1185 essem,
3188 1111 3529 1169 maximae
3576 1125 3741 1167 coru-

661 1219 987 1280 scationis
1039 1219 1305 1294 igneum
1339 1218 1565 1276 lumen
1613 1224 1846 1294 aperto
1883 1218 2070 1277 coelo
2127 1219 2425 1294 veniens,
2462 1225 2675 1278 totum
2721 1218 3074 1277 cerebrum
3114 1230 3329 1276 meum
3371 1215 3737 1288 transfudit,

660 1331 730 1385 et
763 1331 976 1386 totum
1026 1340 1165 1398 cor,
1204 1325 1552 1398 totumque
1602 1329 1835 1397 peetus
1876 1339 2119 1396 meum,
2173 1324 2355 1384 velut
2391 1325 2690 1398 flamma,
2742 1340 2871 1383 non
2907 1325 3126 1382 tamen
3176 1323 3459 1391 ardenS,
3497 1321 3611 1380 sed
3654 1336 3742 1378 ca-

665 1429 835 1503 lenS,
877 1429 969 1488 ita
1001 1426 1465 1500 inflammavit,
1505 1429 1577 1486 ut
1610 1428 1713 1486 sol
1749 1442 1888 1485 rem
1924 1427 2219 1503 aliquam
2256 1426 2588 1501 calefacit,
2620 1442 2825 1503 super
2861 1441 3062 1503 quam
3098 1427 3325 1487 radios
3361 1443 3530 1485 suos
3561 1425 3740 1500 ponit.

751 1533 831 1592 Et
878 1536 1149 1608 repente
1202 1530 1613 1589 intellectum
1662 1530 2107 1606 expositionis
2157 1531 2508 1604 librorum,
2564 1531 2878 1590 videlicet
2912 1531 3241 1606 psalterii,
3291 1527 3654 1604 evangelii,
3685 1533 3740 1587 et

664 1641 954 1701 aliorum
1001 1637 1487 1697 catholicorum
1541 1642 1677 1696 tam
1726 1637 1980 1697 veteris
2016 1653 2217 1714 quam
2265 1638 2423 1697 novi
2461 1637 2872 1697 Testamenti
2922 1638 3337 1697 voluminum
3392 1634 3738 1711 sapiebam,

667 1759 799 1803 non
835 1747 1058 1820 autem
1096 1740 1717 1814 interpretationem
1752 1739 2111 1800 verborum
2150 1747 2372 1800 textus
2406 1757 2665 1815 eorum,
2716 1756 2839 1800 nec
2872 1741 3270 1800 divisionem
3323 1739 3740 1816 syllabarum,

666 1861 788 1905 nec
821 1844 1269 1920 cognitionem
1304 1858 1582 1903 casuum
1619 1845 1734 1903 aut
1768 1849 2144 1920 temporum
2180 1843 2528 1906 habebam.
2559 1841 2612 1923 ²)

756 1949 1093 2009 Virtutem
1143 1949 1367 2008 autem
1401 1954 1470 2008 et
1520 1946 1940 2022 mysterium,
1978 1955 2394 2007 secretarum
2442 1954 2508 2008 et
2541 1947 3091 2008 admirandarum
3141 1945 3485 2005 visionum
3519 1961 3557 2004 a
3587 1941 3743 2018 puel-

666 2054 795 2114 lari
846 2059 1101 2128 aetate,
1153 2053 1417 2111 scilicet
1464 2070 1503 2111 a
1551 2058 1852 2126 tempore
1902 2053 2016 2111 illo
2068 2069 2217 2112 cum
2268 2052 2718 2129 quinquennis
2774 2067 2993 2111 essem
3042 2066 3256 2126 usque
3304 2049 3391 2109 ad
3444 2064 3737 2125 praesens

670 2162 962 2233 tempuS,
1016 2154 1310 2214 mirabili
1345 2154 1540 2214 modo
1592 2154 1658 2213 in
1693 2171 1798 2213 me
1846 2171 2214 2230 senseram,
2268 2156 2445 2216 sicut
2491 2162 2558 2216 et
2591 2156 2829 2216 adhuc:
2866 2154 3043 2231 quod
3082 2160 3305 2214 tamen
3340 2155 3513 2213 nulli
3562 2154 3745 2213 homi-

666 2279 859 2338 num,
912 2262 1212 2338 exceptis
1247 2261 1651 2338 quibusdam
1701 2261 1935 2337 paucis
1969 2262 2037 2320 et
2082 2261 2459 2337 religiosis,
2485 2261 2601 2338 qui
2651 2261 2718 2320 in
2750 2259 2985 2321 eadem
3035 2259 3559 2319 conversatione
3589 2259 3744 2316 vive-

667 2372 852 2445 bant,
890 2386 1022 2447 qua
1070 2374 1138 2428 et
1171 2385 1295 2444 ego
1343 2383 1552 2442 eram,
1593 2365 2047 2441 manifestavi,
2099 2368 2211 2426 sed
2255 2369 2523 2428 interim
2555 2383 2770 2445 usque
2804 2367 2886 2427 ad
2924 2366 2990 2426 id
3027 2366 3376 2442 temporiS,
3415 2381 3572 2425 cum
3606 2363 3744 2424 illud

672 2475 850 2535 Deus
886 2489 1012 2535 sua
1044 2474 1263 2549 gratia
1299 2471 1721 2532 manifestari
1757 2472 1996 2541 voluit,
2034 2472 2160 2531 sub
2195 2473 2422 2548 quieto
2455 2473 2726 2532 silentio
2760 2471 3089 2548 depressi.

762 2581 1071 2641 Visiones
1120 2598 1279 2640 vero
1314 2596 1484 2657 quas
1520 2578 1679 2652 vidi,
1717 2595 1847 2638 non
1881 2594 1997 2638 eas
2035 2579 2101 2637 in
2136 2580 2415 2654 somnis,
2454 2595 2574 2639 nec
2605 2579 2967 2654 dormienS,
3005 2594 3127 2638 nec
3162 2579 3228 2636 in
3260 2574 3607 2654 phrenesi,
3644 2590 3745 2636 nec

673 2685 1020 2762 corporeis
1070 2685 1285 2745 oculis
1318 2690 1435 2744 aut
1482 2682 1761 2742 auribus
1795 2683 2153 2742 exterioris
2202 2682 2515 2759 hominiS,
2553 2700 2675 2744 nec
2727 2684 2789 2743 in
2824 2683 3075 2744 abditis
3122 2683 3288 2743 locis
3321 2683 3618 2760 percepi,
3651 2679 3745 2740 sed

666 2810 788 2853 eas
834 2792 1150 2868 vigilam,
1201 2797 1269 2851 et
1317 2791 1806 2866 circumspecta
1844 2790 1907 2849 in
1957 2806 2128 2867 pura
2162 2798 2418 2866 mente,
2469 2792 2685 2852 oculis
2732 2795 2806 2852 et·
2834 2791 3111 2852 auribus
3162 2791 3513 2852 interioris
3563 2789 3747 2851 homi-

673 2898 806 2967 nis,
859 2898 925 2957 in
959 2897 1214 2973 apertis
1264 2895 1432 2956 locis
1468 2894 1834 2954 secundum
1884 2896 2300 2955 voluntatem
2333 2895 2450 2955 Dei
2483 2896 2733 2973 accepi.
2770 2896 2956 2968 Quod
2991 2895 3327 2973 quomodo
3364 2897 3484 2978 sit,
3521 2893 3745 2955 carnali

673 3001 931 3063 homini
967 3000 1360 3080 perquirere
1393 2999 1668 3060 difficile
1703 3004 1829 3060 est.

763 3108 887 3169 Sed
937 3108 1226 3185 puellari
1262 3113 1441 3167 meta
1491 3109 1856 3180 transacta,
1894 3122 2048 3165 curn
2096 3106 2177 3166 ad
2214 3106 2586 3181 praefatam
2636 3114 2922 3169 aetatem
2962 3106 3301 3183 perfectae
3350 3106 3745 3173 fortitudinis

675 3213 1160 3290 pervenissem,
1199 3211 1427 3271 audivi
1460 3227 1693 3270 vocem
1726 3211 1808 3270 de
1844 3211 2029 3271 coelo
2063 3210 2415 3271 dicentem:

759 3317 895 3392 Ego
931 3316 1042 3376 lux
1076 3317 1335 3390 vivenS,
1387 3320 1456 3375 et
1508 3315 1797 3375 obscura
1835 3314 2245 3390 illuminanS,
2284 3315 2616 3377 hominem
2669 3332 2865 3394 quem
2903 3318 3111 3394 volui,
3147 3323 3216 3378 et
3262 3334 3465 3396 quem
3506 3318 3748 3379 mirabi-

673 3421 830 3480 liter
863 3420 1233 3480 secundum
1266 3419 1444 3496 quod
1480 3420 1644 3479 mihi
1676 3421 1952 3496 placuit,
1989 3420 2281 3494 excussi,
2315 3422 2377 3480 in
2409 3423 2666 3497 magnis
2698 3424 3127 3486 mirabilibus
3160 3430 3348 3487 trans
3376 3432 3623 3486 metam
3655 3441 3745 3483 an·

674 3526 1020 3603 tiquorum
1069 3524 1435 3599 hominum,
1473 3525 1589 3601 qui
1639 3525 1705 3585 in
1740 3541 1843 3585 me
1878 3527 2090 3585 multa
2124 3531 2387 3585 secreta
2420 3526 2754 3602 viderunt,
2792 3530 3008 3604 posui:
3046 3529 3167 3591 sed
3212 3530 3277 3589 in
3311 3536 3566 3590 terram
3601 3535 3747 3588 stra-

674 3631 743 3690 vi
796 3630 1020 3705 illum,
1082 3629 1260 3705 quod
1325 3644 1398 3689 se
1443 3646 1576 3689 non
1631 3630 1921 3705 erigeret
1970 3630 2035 3689 in
2102 3629 2237 3689 ulla
2284 3631 2574 3692 elatione
2632 3634 2877 3694 mentis
2925 3651 3110 3699 suae.
3167 3635 3450 3697 Mundus
3510 3649 3744 3714 quoque

672 3750 806 3793 non
856 3732 1094 3792 habuit
1130 3732 1196 3792 in
1241 3749 1320 3792 eo
1356 3732 1697 3807 gaudium,
1752 3750 1871 3792 nec
1906 3734 2278 3808 lasciviam,
2331 3752 2453 3794 nec
2486 3737 3032 3798 exercitationem
3084 3740 3150 3801 in
3185 3740 3389 3799 rebus
3427 3741 3567 3800 illis
3597 3753 3742 3815 quae

673 3838 761 3897 ad
814 3837 1133 3897 mundum
1166 3837 1522 3913 pertinent:
1574 3838 1732 3913 quia
1766 3853 1917 3896 eum
1967 3838 2049 3897 de
2082 3839 2412 3912 pertinaci
2463 3839 2744 3900 audacia
2778 3842 3113 3918 abstraxi,
3169 3843 3481 3903 timorem
3532 3842 3748 3903 haben-

674 3948 810 4001 tem
858 3944 925 4001 et
959 3942 1025 4000 in
1075 3941 1422 4001 laboribus
1457 3941 1601 4001 suis
1650 3947 2014 4018 parentem.
2052 3942 2203 4017 Ipse
2250 3942 2423 4002 enim
2464 3943 2526 4003 in
2564 3945 2875 4005 medullis
2909 3952 2978 4006 et
3011 3947 3078 4008 in
3111 3947 3301 4007 venis
3335 3952 3567 4008 carnis
3600 3960 3739 4006 suae

674 4045 910 4121 doluit;
965 4046 1401 4106 constrictum
1439 4047 1731 4105 animum
1783 4052 1850 4105 et
1886 4061 2157 4104 sensum
2209 4046 2485 4122 habene,
2524 4054 2725 4125 atque
2773 4050 3055 4111 multam
3102 4052 3492 4128 passionem
3544 4064 3747 4124 corpo-

676 4148 774 4207 ris
809 4150 1185 4222 sustinenS,
1237 4149 1330 4209 ita
1365 4149 1541 4226 quod
1595 4150 1659 4208 in
1691 4165 1770 4208 eo
1818 4150 2091 4208 diversa
2133 4150 2464 4210 securitas
2499 4169 2628 4211 non
2677 4154 2897 4229 latuit,
2946 4154 3067 4215 sed
3103 4155 3166 4214 in
3199 4156 3513 4217 omnibus
3548 4153 3746 4216 causis

676 4252 823 4312 suis
859 4268 933 4311 se
969 4253 1371 4328 culpabilem
1408 4254 1818 4313 aestimavit.
1853 4253 2015 4313 Nam
2053 4254 2261 4313 rimas
2287 4254 2511 4315 cordis
2545 4256 2691 4331 ejus
2718 4259 3182 4336 circumsepsi,
3217 4276 3301 4321 ne
3337 4277 3529 4321 mens
3566 4260 3745 4336 ipsius

681 4373 806 4432 per
838 4358 1224 4433 superbiam
1275 4360 1391 4417 aut
1423 4374 1545 4433 per
1590 4374 1831 4418 vanam
1865 4358 2148 4432 gloriam
2199 4374 2272 4417 se
2305 4359 2634 4436 elevaret,
2685 4362 2803 4421 sed
2836 4369 2907 4423 ut
2957 4364 3174 4440 magis
3210 4364 3275 4424 in
3323 4366 3634 4426 omnibus
3663 4362 3747 4422 his

680 4463 992 4522 timorem
1029 4469 1098 4523 et
1129 4456 1454 4535 dolorem,
1491 4478 1689 4540 quam
1719 4439 2049 4539 'gaudium
2084 4466 2201 4523 aut
2234 4480 2433 4540 quam
2468 4467 2907 4541 petulantiam
2943 4468 3239 4530 haberet.

747 4713 792 4779 ¹)
822 4711 1216 4785 Quadraqinta
1257 4730 1546 4776 annorum,
1584 4720 1882 4786 septemque
1923 4716 2180 4769 meminm
2270 4714 2538 4772 videlieet
2564 4735 2796 4791 operum
2825 4737 3055 4778 suorum
3084 4727 3142 4779 et
3169 4722 3230 4778 in
3255 4723 3487 4779 exordio
3508 4722 3671 4796 primi
3695 4719 3745 4774 li·

675 4797 800 4854 edd.
833 4813 935 4854 nec
960 4798 1287 4869 discrepant
1310 4799 1380 4860 Α,
1404 4797 1462 4852 Β.
1494 4798 1560 4852 ln
1582 4797 1836 4866 Imagine
1861 4798 2042 4855 codici
2076 4798 2181 4854 mi·
2269 4800 2381 4863 bri,
2426 4802 2519 4856 vix
2559 4811 2752 4874 putem
2809 4810 3023 4862 tantam
3051 4807 3248 4871 fuisse,
3289 4810 3653 4881 eamdemque
3677 4804 3746 4862 illi

675 4884 799 4939 nori
829 4883 1065 4940 Visbad.
1100 4883 1367 4954 praelixa,
1397 4883 1622 4937 flamma
1649 4898 1892 4954 superna
1918 4900 2065 4954 quae
2091 4902 2181 4940 su·
2270 4886 2618 4957 perdurasse,
2667 4890 2839 4946 etiam
2893 4909 3021 4949 cum
3065 4900 3148 4950 tot
3187 4896 3457 4966 epistolas
3506 4892 3747 4953 dictavit,

674 4971 851 5026 binde
877 4976 1131 5033 notatur,
1161 4971 1405 5039 eleganti
1433 4970 1767 5041 depingitur
1791 4971 2080 5042 penicillo.
2269 4973 2517 5044 adeoque
2571 4973 2844 5032 diffusum
2892 4996 3163 5052 usurpare
3225 4979 3428 5035 debuit
3473 4996 3602 5037 cum
3652 4983 3749 5033 toto

745 5059 791 5119 2)
814 5057 995 5122 Quam
1026 5056 1439 5112 modestissime
1464 5056 1521 5112 in
1549 5056 1798 5112 hocloco
1820 5057 2182 5128 prosertHil·
2273 5059 2407 5116 orbe
2443 5060 2756 5119 christiano
2807 5069 3085 5134 coetuque
3123 5064 3508 5123 ecclesiastico
3553 5066 3748 5122 littera-

671 5143 939 5213 degardis
986 5144 1214 5215 linguae
1262 5146 1473 5204 latinae
1515 5145 1826 5210 inscitiam.
1868 5148 1975 5203 sub
2014 5146 2186 5206 initio
2276 5163 2400 5204 rum
2430 5147 2739 5208 latinarum
2777 5151 3202 5210 commercium.
