4036 6117
1387 547 1808 593 EXPOSITIO
1862 547 2525 593 EVANGELIORUM.
3313 533 3442 594 313

521 664 744 731 Videte
778 675 1151 752 ficulneam,
1190 674 1449 733 scilicet
1482 673 1843 749 praelatOS‚
1882 673 1997 748 qui
2032 679 2098 732 et
2131 673 2420 733 dulciter
2468 673 2806 747 corripere
2842 678 2906 731 ct
2955 672 3194 732 blande
3231 672 3510 733 delinire

420 776 727 835 subditos
777 778 1039 853 debent,
1078 778 1636 854 quemadmodum
1686 782 1752 835 et
1787 778 2067 837 ficulnea
2117 778 2379 836 dulcem
2416 784 2482 837 et
2529 794 2831 836 amarum
2886 777 3172 836 fructum
3224 778 3507 854 profert,

419 887 482 940 et
526 884 694 941 alias
729 884 1014 956 arborea,
1067 886 1379 945 videlicet
1415 886 1582 944 alios
1632 884 1954 943 homines,
1999 886 2159 944 Cum
2196 884 2737 961 producuntjam
2774 905 2857 943 ea:
2893 904 2958 941 se
2992 886 3289 961 fructu-m
3316 885 3513 960 justi-

419 986 575 1060 tiae,
631 992 809 1047 scitis
841 992 1150 1066 quoniam
1183 1009 1386 1067 prope
1421 995 1514 1047 est
1552 996 1788 1061 ααειαε,
1827 989 2010 1046 calor
2063 988 2125 1045 in
2163 987 2400 1046 ardore
2450 994 2513 1044 et
2549 987 2741 1045 donis
2791 986 3075 1060 Spiritus
3111 987 3353 1047 Sancti.
3410 989 3514 1047 Ita

417 1098 481 1147 et
515 1107 645 1164 υοε,
700 1107 848 1149 cum
887 1093 1192 1151 videritis
1244 1093 1406 1151 haec
1444 1092 1609 1166 fieri,
1664 1092 1924 1151 scilicet
1961 1094 2354 1167 martyrium
2392 1099 2461 1151 et
2492 1092 2962 1151 tribulationes
3000 1101 3408 1167 sanctorum,
3444 1099 3513 1152 et

419 1196 678 1258 fructus
729 1200 1054 1260 bonorum
1094 1218 1393 1277 operum,
1432 1204 1657 1259 scitote
1692 1204 1851 1277 quia
1892 1218 2100 1277 prope
2140 1208 2233 1259 est
2285 1221 2564 1277 regymtm
2600 1202 2742 1275 Dei,
2795 1200 3107 1260 videlicet
3143 1199 3515 1274 praemium

417 1318 748 1377 supernae
798 1304 1253 1365 beatitudiniS.
1292 1306 1503 1364 Amen
1554 1305 1699 1364 dico
1732 1304 1900 1363 vobis
1952 1304 2016 1363 in
2066 1305 2508 1377 certitudine,
2558 1322 2691 1363 non
2736 1303 3125 1380 praeteribit
3176 1304 3514 1379 qeneratio

417 1409 577 1467 haec
627 1407 997 1478 hominum,
1048 1412 1250 1470 donec
1300 1412 1521 1469 onmia
1552 1411 1736 1489 fiant,
1775 1416 1842 1467 et
1873 1415 2184 1485 portenta
2233 1415 2299 1467 et
2343 1409 2533 1483 signa
2581 1414 2647 1467 et
2696 1409 3047 1484 passiones
3099 1414 3507 1466 sanctorum.

421 1512 710 1586 Caelum,
765 1513 827 1571 id
862 1519 964 1571 est
1001 1514 1285 1588 occulta,
1325 1520 1384 1572 et
1422 1520 1626 1588 terra,
1666 1514 1926 1574 scilicet
1975 1519 2208 1588 aperta
2260 1513 2324 1570 in
2358 1511 2464 1570 his
2501 1511 2808 1570 omnibus
2860 1511 3224 1587 praedictis
3258 1511 3508 1584 causis,

414 1632 587 1692 quae
637 1618 1099 1691 temporaliter
1133 1619 1293 1678 sciri
1344 1621 1410 1678 et
1444 1619 1654 1676 videri
1707 1623 1990 1694 possunt
2026 1617 2107 1675 ab
2160 1615 2563 1688 hominibus,
2603 1614 3021 1688 transibunt,
3077 1615 3168 1672 ita
3205 1620 3277 1673 ut
3326 1614 3404 1673 ad
3443 1615 3516 1675 fi-

412 1738 565 1781 nem
613 1724 1094 1798 perducantur;'
1135 1722 1326 1781 verba
1374 1732 1596 1781 autem
1643 1742 1810 1796 mea,
1861 1721 2178 1780 videlicet
2226 1722 2447 1779 omnia
2498 1735 2668 1795 quae
2718 1719 2911 1778 vobis
2946 1719 3027 1777 ad
3079 1721 3363 1779 salutem
3403 1737 3513 1779 ve-

414 1836 625 1891 stram
675 1832 846 1905 dico,
883 1850 1014 1891 non
1050 1831 1448 1904 transibunt,
1489 1832 1578 1890 ita
1626 1837 1699 1889 ut
1733 1831 1815 1889 ad
1849 1831 2045 1889 finem
2081 1831 2551 1905 perducantur,
2594 1829 2787 1904 quasi
2823 1846 2949 1888 non
2990 1828 3257 1902 fuerint,
3295 1830 3409 1888 sed
3449 1830 3513 1888 in

413 1938 810 1999 aeternitate
843 1938 1349 2015 permanebunt,
1388 1937 1615 1996 fideles
1652 1937 1954 1997 homines
1991 1937 2073 1997 ad
2102 1952 2460 2011 supernam
2496 1936 2778 2010 gloriam
2814 1934 3273 2009 perducentes,
3311 1930 3355 2010 ¹)

1902 2146 2008 2205 111.

1765 2357 1910 2414 Atio
1959 2357 2164 2415 modo,

503 2566 720 2625 Erunt
771 2566 980 2641 siqua,
1024 2565 1086 2624 id
1119 2571 1224 2624 est
1255 2565 1561 2641 prodigia
1595 2568 1668 2624 in
1705 2567 1859 2641 sole,
1898 2567 2010 2643 qui
2053 2574 2208 2626 sunt
2245 2566 2307 2626 hi
2349 2568 2673 2642 homineS,
2713 2569 2828 2645 qui
2861 2568 2928 2628 in
2966 2568 3330 2628 virtutibus
3364 2567 3508 2626 suis

405 2669 787 2743 ostendunt,
841 2671 1013 2745 quod
1060 2674 1211 2731 ante
1259 2674 1325 2731 et
1357 2677 1512 2747 post
1561 2677 1628 2729 et
1661 2678 1930 2746 praeter
1974 2671 2182 2730 Deum
2216 2671 2383 2731 nihil
2434 2674 2545 2747 sit,
2582 2680 2649 2732 et
2697 2673 2811 2748 qui
2848 2673 2939 2732 ita
2974 2673 3182 2731 divini
3219 2673 3393 2744 sunt,
3432 2677 3507 2729 ut

407 2792 612 2851 supra
638 2775 1001 2836 humanum
1035 2776 1302 2836 modum
1333 2778 1443 2849 sit,
1471 2774 1522 2854 ⁹)
1559 2783 1626 2835 et
1654 2782 1726 2835 ut
1762 2776 1853 2835 ita
1890 2777 1956 2835 in
1991 2792 2218 2835 amore
2251 2775 2365 2835 Dei
2402 2777 2705 2845 ardeant,
2745 2784 2816 2837 ut
2853 2778 2917 2836 in
2953 2776 3078 2836 hoc
3112 2776 3265 2835 aliis
3303 2774 3513 2834 homi-

405 2879 602 2938 nibus
639 2882 1146 2942 excellentiores
1183 2880 1342 2949 sint,
1369 2874 1418 2957 ³)
1459 2884 1530 2938 ut
1565 2878 1866 2953 Samson3
1905 2886 1963 2937 et
2004 2880 2189 2955 luna,
2229 2881 2406 2956 quod
2442 2888 2597 2940 sunt
2632 2882 2928 2956 virgines
2963 2888 3029 2939 et
3064 2881 3509 2950 continentes,

403 2985 518 3058 qui
559 2987 918 3045 ostendunt
944 2984 1102 3061 quia
1129 2983 1508 3043 humanitas
1544 2981 1914 3042 Salvatoris
1943 2984 2087 3043 sine
2115 2991 2388 3061 peccato
2416 2993 2483 3044 et
2512 2986 2773 3045 macula
2817 2986 2926 3058 sit;
2964 2992 3025 3044 et
3063 2987 3295 3058 stellis),
3334 2983 3511 3061 quod

405 3099 563 3152 sunt
610 3092 763 3152 honi
801 3091 1206 3163 saeculareS,
1244 3091 1358 3165 qui
1392 3088 1749 3147 ostendunt
1783 3090 1958 3164 quod
1994 3091 2213 3164 gratia
2245 3091 2362 3150 Dei
2397 3092 2711 3150 coelestis
2747 3090 2856 3164 sit,
2894 3107 3013 3166 per
3046 3107 3246 3166 quarn
3283 3091 3409 3166 ipsi
3445 3092 3510 3149 in

410 3197 855 3272 eleemosynis
890 3198 957 3255 et
981 3195 1408 3254 sanctissimo
1444 3208 1643 3267 opere
1681 3192 2131 3268 inveniuntur;
2170 3200 2229 3253 et
2258 3198 2330 3253 in
2359 3197 2584 3264 terris,
2624 3194 2885 3253 scilicet
2920 3193 2984 3253 in
3020 3193 3329 3252 humanis
3364 3208 3512 3270 sen-

398 3305 609 3377 sibuS,
647 3299 764 3377 qui
814 3315 886 3358 se
921 3301 1003 3360 ad
1052 3300 1302 3358 caduca
1336 3302 1403 3355 et
1449 3301 1715 3354 terrena
1751 3297 2093 3372 inclinant;
2137 3319 2478 3376 pressura,
2532 3299 2843 3358 videlicet
2889 3315 3080 3357 error
3110 3306 3177 3358 et
3227 3300 3507 3373 insania,

404 3429 573 3488 quae
609 3424 730 3470 nec
777 3408 984 3467 Deum
1019 3405 1383 3480 cognoscit,
1436 3417 1556 3461 nec
1590 3401 1908 3461 mundum
1947 3403 2009 3461 in
2046 3403 2392 3463 honestate
2429 3402 2650 3477 habet,
2702 3406 3023 3479 flentium,
3063 3402 3124 3461 id
3159 3406 3263 3463 est
3296 3403 3516 3463 diver-

404 3533 627 3578 sorum
664 3515 1086 3592 populorum,
1118 3531 1284 3588 prae
1321 3511 1734 3588 confusione,
1768 3509 2029 3567 scilicet
2057 3510 2586 3568 contradictione
2618 3512 2870 3568 sonitus
2905 3510 3183 3583 pessimi
3219 3512 3511 3570 rumoris

318 3694 324 3700 ,
398 3626 602 3684 maris
651 3622 1033 3700 principum
1078 3620 1143 3677 in
1179 3618 1444 3690 mundo,
1482 3621 1544 3675 et
1591 3618 1938 3693 fluctuum,
1977 3616 2292 3676 videlicet
2324 3618 2678 3690 minorum,
2731 3617 3128 3692 pusillorum
3166 3620 3232 3674 et
3264 3632 3510 3691 paupe-

403 3744 568 3788 rum.
622 3726 1084 3789 Arescentibus
1119 3723 1507 3790 hominibuS,
1561 3722 1718 3798 quia
1754 3737 1873 3779 nec
1921 3722 2232 3795 virtutes,
2271 3738 2393 3781 nec
2437 3724 2752 3797 gaudium
2803 3724 2981 3782 vitae
3028 3723 3295 3796 hahent,
3342 3743 3507 3800 prae

402 3840 666 3910 timore,
726 3837 818 3895 ita
854 3840 925 3893 ut
973 3849 1092 3891 nec
1127 3834 1407 3891 mortem
1462 3829 1700 3901 sciant,
1737 3835 1797 3886 et
1834 3833 2292 3904 expectatione
2346 3827 2685 3889 fallacium
2734 3832 3306 3901 aestimatiouum,
3341 3851 3506 3907 quae

393 3946 801 4018 perveniunt
858 3936 1190 4012 inopinate
1225 3936 1532 3993 universo
1566 3931 1723 4005 orbi,
1763 3933 2023 3991 scilicet
2059 3933 2439 3993 hominibus
2478 3935 2539 3993 in
2579 3935 2822 3994 mundo
2860 3936 3267 4009 viventibuS‚
3310 3937 3399 3996 ita
3435 3937 3509 3996 ut

402 4047 676 4123 quidam
725 4045 854 4104 sibi
890 4043 1121 4114 vitam,
1175 4039 1443 4116 quidam
1481 4043 1765 4096 mortem
1816 4038 2180 4096 secundum
2215 4041 2755 4099 aestimationem
2807 4039 3192 4099 irrisionum
3229 4056 3502 4099 suarum

400 4151 739 4226 deputent.
795 4148 964 4206 Nam
1019 4147 1330 4214 virtuteS,
1387 4141 1647 4200 scilicet
1690 4138 1954 4212 justitia
2003 4142 2070 4199 et
2120 4142 2407 4203 salvatio
2459 4144 2824 4213 coelorum,
2883 4142 3041 4218 quia
3100 4158 3364 4218 semper
3422 4145 3503 4202 ad

405 4255 726 4315 coelestia
775 4251 1074 4323 tendunt,
1111 4246 1543 4306 movebuntur
1593 4245 1659 4304 in
1692 4245 2003 4315 tristitia,
2055 4247 2370 4321 quoniam
2406 4252 2563 4306 tunc
2600 4261 2721 4306 nec
2756 4246 3003 4315 locum,
3054 4262 3175 4305 nec
3209 4227 3515 4323 quietem·

399 4362 467 4421 in
503 4358 903 4420 hominibus
942 4354 1304 4415 inveniunt.
1331 4349 1378 4430 ⁴)

493 4471 573 4529 Et
602 4476 758 4527 tunc
791 4462 1102 4525 videbunt
1146 4461 1210 4519 in
1244 4457 1594 4536 prophetia
1628 4461 1694 4518 et
1727 4456 2069 4517 miraculis
2108 4456 2357 4515 Filium
2393 4459 2697 4531 hominis,
2737 4457 2996 4517 scilicet
3030 4456 3370 4517 Christum
3403 4478 3508 4518 ve-

401 4580 699 4636 nientem
736 4574 800 4633 in
837 4584 1104 4630 rumore
1150 4567 1215 4625 in
1249 4566 1589 4638 mundum,
1628 4568 1699 4623 in
1733 4564 1930 4636 nube,
1969 4563 2282 4624 videlicet
2319 4566 2383 4625 in
2417 4564 2752 4624 mentibus
2790 4565 3129 4623 hominum
3164 4570 3231 4625 et
3267 4565 3332 4624 in
3365 4580 3508 4623 um-

315 4693 324 4702 ·
395 4684 516 4744 bra
564 4676 982 4758 prophetiae,
1039 4694 1186 4734 cum
1228 4680 1550 4752 potestate
1598 4695 1840 4754 mayna
1887 4672 2364 4734 miraculorum
2415 4682 2482 4735 et
2529 4671 3001 4744 mysteriorum
3049 4678 3109 4731 et
3160 4668 3504 4745 majestate

405 4790 566 4851 tacti
598 4784 646 4868 ⁵)
685 4805 803 4864 per
833 4787 1285 4848 Divinitatem.

492 4896 610 4956 His
643 4901 867 4954 autem
902 4895 1044 4974 fieri
1075 4892 1568 4969 incipientibuS,
1608 4889 1866 4950 scilicet
1904 4888 2101 4947 malis
2137 4902 2308 4963 quae
2343 4902 2461 4962 per
2495 4885 2861 4946 schismata
2894 4889 2962 4944 et
2998 4881 3501 4943 incredulitates

478 5097 520 5160 ¹)
541 5103 586 5153 1.
607 5115 654 5154 e.
674 5100 1044 5171 perducentia.
1075 5129 1138 5138 --
1161 5099 1207 5161 ⁴²)
1234 5095 1272 5153 s.
1303 5102 1427 5155 sint.
1461 5131 1527 5138 —
1553 5096 1597 5160 ³)
1620 5103 1743 5152 sunt
1769 5095 1889 5152 cod.
1983 5094 2028 5158 ⁴)
2055 5092 2092 5150 s.
2124 5097 2416 5151 invenient.
2448 5127 2512 5136 —
2536 5096 2578 5154 ⁵)
2607 5098 2738 5151 tacti
2763 5092 2845 5150 sic
2882 5091 3003 5150 cod.
3048 5089 3196 5146 haud
3237 5088 3357 5144 sinc
3385 5102 3501 5140 am-

406 5183 637 5238 Samson
691 5182 935 5237 libenter
984 5182 1055 5236 ab
1108 5180 1451 5250 Hildogarde
1501 5183 1779 5237 laudatur.
1833 5212 1897 5222 —
1988 5179 2289 5246 nignitate.

3353 5271 3391 5308 ξ
