4036 6117
537 430 668 492 196
1691 446 1741 489 s.
1795 444 2353 489 ninneoannis

1855 664 2172 727 XXVIIII.

1729 878 1822 936 De
1873 877 2302 935 scurrilitate.

552 1087 658 1147 37.
688 1086 851 1146 Nam
877 1088 1092 1162 prima
1125 1085 1340 1159 imago
1370 1084 1856 1143 scurrilitatem
1879 1082 2195 1158 ostendit,
2226 1091 2292 1143 et
2321 1084 2496 1143 inter
2530 1088 2798 1142 caetera
2826 1081 2991 1141 haec
3028 1080 3211 1155 vitia,
3241 1096 3393 1139 cum
3412 1093 3566 1138 ver-

466 1191 572 1250 bis
599 1190 928 1249 mendacii
955 1188 1318 1265 praecedit,
1351 1189 1509 1263 quia
1535 1188 1892 1248 veritatem
1917 1204 2050 1247 non
2075 1186 2319 1261 diligit,
2349 1186 2466 1245 sed
2501 1202 2673 1245 nunc
2702 1186 2929 1260 istum,
2957 1200 3132 1245 nunc
3158 1185 3343 1244 illum
3374 1182 3562 1259 jocu-

464 1296 700 1354 lariter
727 1293 809 1352 ad
837 1293 1085 1352 malum
1105 1298 1446 1369 provocat,
1478 1309 1598 1351 nec
1626 1308 1741 1351 eos
1769 1294 2063 1368 quietem
2092 1292 2338 1351 habere
2367 1292 2545 1351 sinit.
2566 1291 2645 1351 Et
2671 1309 2709 1351 a
2734 1292 2986 1352 vertice
3013 1290 3257 1367 capitis
3282 1289 3364 1349 ad
3392 1288 3560 1348 lum-

463 1399 584 1459 bos
619 1414 779 1457 suos
799 1397 1164 1472 Juvenilem
1193 1396 1479 1456 formam
1505 1396 1795 1456 hominis
1823 1396 2046 1470 habet,
2075 1397 2392 1471 quoniam
2417 1395 2543 1454 hoc
2571 1396 2809 1456 vitium
2835 1395 3213 1470 diligenteS,
3247 1392 3486 1453 vitium
3507 1387 3556 1469 ยน)

466 1503 709 1561 mentis
744 1517 906 1560 suae
942 1501 1022 1560 ad
1055 1501 1602 1560 incontinentiam
1639 1500 1841 1559 dictis
1874 1506 1942 1559 et
1971 1499 2170 1559 factis
2201 1505 2477 1575 ponunt,
2512 1506 2580 1559 et
2608 1500 2958 1559 lasciviam
3004 1497 3315 1558 omnibus
3342 1494 3560 1555 modis

468 1606 534 1665 in
566 1606 863 1665 vanitate
900 1605 1029 1664 sihi
1065 1609 1436 1678 assumunt,
1475 1620 1627 1663 cum
1664 1605 2015 1663 inscientia
2050 1603 2274 1664 cordis
2317 1606 2422 1663 sui
2457 1616 2997 1680 unamquamque
3027 1617 3302 1661 causam
3337 1600 3462 1659 hac
3492 1604 3564 1658 et

463 1709 622 1768 illac
673 1708 1035 1768 secundum
1086 1706 1498 1767 voluntatem
1543 1723 1732 1767 suam
1782 1707 2199 1784 dispergunt.
2236 1709 2289 1767 A
2323 1708 2571 1767 lumbis
2622 1713 2843 1767 autem
2878 1706 3192 1767 deorsum
3243 1704 3310 1764 in
3344 1703 3558 1763 forma

467 1812 691 1871 cancri
728 1817 1027 1888 apparet,
1063 1816 1140 1870 ut
1174 1827 1414 1870 cancer
1447 1829 1483 1871 a
1519 1813 1736 1886 capite
1769 1812 2085 1871 deorsum
2124 1812 2453 1871 formatus
2487 1816 2615 1886 est,
2653 1812 2969 1887 quoniam
3018 1811 3137 1870 isti
3169 1810 3252 1870 ab
3287 1807 3568 1868 inconti-

465 1914 692 1973 nentia
728 1913 809 1972 ad
859 1912 1194 1972 declivem
1245 1914 1761 1972 inconstantiam
1793 1912 2299 1987 descendenteS,
2335 1918 2403 1972 et
2438 1919 2591 1972 ante
2639 1928 2759 1988 per
2800 1911 3065 1972 laudem
3113 1916 3180 1970 et
3215 1911 3395 1970 retro
3442 1923 3563 1984 per

466 2017 1030 2092 vituperationem
1075 2016 1480 2090 incedenteS,
1517 2033 1797 2091 pravum
1848 2017 2113 2076 initium
2147 2032 2356 2092 pravo
2392 2017 2520 2076 fine
2553 2015 2977 2076 concludunt.
3011 2014 3194 2075 Unde
3229 2019 3296 2073 et
3328 2013 3560 2087 nigros

465 2121 745 2195 capillos
779 2120 1019 2196 capitis
1053 2118 1277 2193 hahet,
1316 2136 1393 2179 ac
1429 2123 1565 2180 toto
1601 2137 1879 2196 corpore
1927 2121 2129 2195 nuda,
2166 2126 2233 2180 et
2268 2122 2425 2196 quia
2476 2123 2725 2180 tetram
2767 2123 2834 2180 et
2880 2118 3386 2178 immoderatam
3439 2116 3560 2175 im-

466 2221 862 2282 munditiam
913 2222 1085 2282 idem
1121 2223 1360 2281 vitium
1396 2224 1460 2282 in
1509 2224 1844 2283 mentibus
1883 2224 2118 2283 horum
2170 2223 2514 2283 hominum
2550 2223 2823 2297 faciens,
2860 2224 2961 2282 eis
2993 2221 3305 2281 omnibus
3340 2219 3559 2278 modis

460 2327 932 2387 verecundiam
966 2332 1033 2386 et
1065 2326 1457 2401 pudicitiam
1494 2327 1736 2402 aufert,
1775 2344 1851 2386 ac
1885 2344 2002 2387 eos
2037 2329 2244 2388 verba
2276 2334 2344 2388 et
2380 2328 2557 2388 facta
2591 2344 2711 2388 sua
2756 2344 2929 2387 nunc
2965 2328 3032 2386 in
3079 2325 3556 2395 adulationem,

457 2450 631 2491 nunc
669 2434 733 2491 in
765 2433 1250 2491 detractionem
1284 2432 1569 2491 aliorum
1604 2431 1906 2506 proferre
1944 2433 2328 2508 persuadet,
2358 2432 2919 2509 quemadmodum
2946 2431 3151 2490 etiam
3179 2430 3246 2489 in
3279 2427 3562 2488 locutio-

457 2554 541 2598 ne
575 2555 697 2597 sua
730 2539 1040 2614 superius
1073 2553 1190 2614 per
1225 2538 1660 2612 semetipsum
1698 2538 2108 2599 manifestat.
2146 2539 2268 2599 Cui
2303 2540 2680 2600 reverentia
2717 2538 3101 2617 respondet,
3127 2544 3195 2597 et
3222 2537 3401 2596 illam
3435 2548 3561 2609 pro

467 2644 607 2703 luto
642 2643 1246 2702 calceamentorum
1285 2645 1652 2715 computat.

1920 2837 2109 2897 XXX.

1758 3047 1851 3108 De
1903 3050 2265 3125 vaqatione.

549 3254 654 3313 38.
692 3253 992 3314 Secunda
1041 3259 1265 3313 autem
1302 3255 1521 3329 imago
1571 3256 1996 3330 vagationem
2032 3256 2363 3332 designat,
2400 3264 2467 3317 et
2503 3249 2981 3319 scurrilitatem
3028 3257 3138 3317 hic
3171 3256 3557 3330 comitatur,

460 3359 617 3432 quia
651 3373 769 3433 per
805 3358 987 3416 illam
1017 3358 1526 3417 instabilitatem
1578 3359 1949 3436 incurrenS,
1989 3376 2428 3440 unaquaeque
2466 3368 2645 3421 recte
2681 3360 3009 3438 disposita
3059 3363 3125 3421 in
3162 3361 3557 3421 immodera-

462 3462 710 3520 tionem
742 3461 948 3534 ducit,
1004 3478 1080 3520 ac
1113 3461 1322 3520 Deum
1369 3463 1562 3538 quasi
1598 3463 1795 3522 finem
1846 3463 2201 3523 habentem
2255 3465 2581 3524 finetenus
2633 3466 2812 3526 colit.
2851 3467 3032 3537 Quae
3064 3467 3391 3541 puerilem
3427 3464 3562 3524 for-

467 3580 643 3623 mam
679 3564 901 3638 habet,
940 3565 1254 3639 quoniam
1287 3581 1408 3624 nec
1441 3567 1698 3626 coelum
1735 3583 1887 3626 cum
1919 3568 2184 3643 gaudio,
2222 3585 2343 3627 nec
2379 3574 2628 3629 terram
2663 3586 2814 3629 cum
2848 3569 3301 3630 sollicitudine
3341 3569 3559 3628 consi-

458 3669 673 3740 derat,
711 3668 828 3726 sed
863 3684 1142 3727 vacuam
1176 3670 1618 3729 vacillitatem
1654 3672 1718 3730 in
1751 3672 2004 3731 circulo
2041 3672 2524 3733 elementorum
2563 3674 2856 3750 inspicit,
2908 3675 3161 3734 nullam
3197 3690 3340 3734 rem
3373 3679 3555 3734 recte

465 3772 848 3850 providenS,
885 3774 1134 3832 nullam
1171 3779 1350 3833 recte
1377 3773 1706 3850 dividenS,
1743 3775 1857 3834 sed
1893 3777 2116 3836 omnia
2143 3793 2344 3853 opera
2382 3794 2505 3837 sua
2539 3778 2621 3837 ad
2656 3778 2951 3854 pueriles
2978 3794 3198 3838 mores
3236 3777 3558 3855 dirigens,

463 3883 738 3953 excepto
788 3878 965 3953 quod
1003 3879 1065 3936 in
1116 3879 1334 3954 capite
1368 3879 1632 3955 capillis
1668 3885 1876 3955 caret,
1913 3887 1981 3939 et
2014 3882 2190 3956 quod
2242 3881 2480 3942 faciem
2516 3889 2583 3942 et
2630 3883 2909 3943 barbam
2945 3889 3018 3942 ut
3066 3897 3269 3943 senex
3305 3884 3410 3943 vir
3442 3881 3561 3941 ha-

465 3985 600 4057 bet,
637 3984 794 4059 quia
843 3989 1135 4043 mentem
1170 3998 1360 4042 suam
1411 3984 1629 4044 taedio
1666 3985 1968 4060 infigens,
2007 3986 2092 4046 ab
2125 3985 2375 4045 honore
2413 3988 2782 4063 sapientiae
2831 3987 3143 4063 declinat,
3183 3987 3300 4047 sed
3333 3989 3557 4047 tamen

465 4088 530 4147 in
564 4089 924 4147 intentione
951 4105 1072 4147 sua
1107 4103 1330 4147 coram
1369 4088 1750 4148 hominibus
1787 4090 2192 4149 venerabilis
2227 4097 2293 4150 et
2328 4092 2657 4166 virtuosa,
2698 4092 3254 4168 quemadmodum
3292 4091 3560 4167 religio-

461 4192 556 4250 sis
606 4192 984 4251 hominibus
1038 4192 1368 4267 convenit,
1421 4192 1634 4251 videri
1683 4193 2041 4253 desiderat.
2081 4194 2264 4264 Quod
2316 4202 2538 4254 autem
2588 4196 2654 4255 in
2703 4195 3066 4271 praedictis
3116 4194 3436 4269 tenebriS,
3491 4193 3557 4252 in

463 4296 752 4371 quodam
788 4313 1029 4371 panno,
1067 4298 1261 4372 quasi
1298 4298 1362 4355 in
1397 4298 1588 4357 cunis
1624 4298 1887 4373 pendet,
1925 4299 2039 4375 qui
2076 4299 2200 4357 hac
2235 4306 2302 4359 et
2337 4300 2491 4359 illac
2525 4302 2710 4360 velut
2744 4316 2784 4360 a
2815 4302 3013 4360 vento
3064 4305 3396 4375 movetur,
3433 4299 3557 4358 hoc

460 4406 563 4459 est
597 4400 772 4475 quod
809 4399 1113 4460 homines
1149 4400 1275 4459 hoc
1307 4403 1472 4461 vitio
1517 4402 1928 4478 insudanteS,
1983 4405 2046 4462 in
2082 4404 2472 4464 infidelitate
2506 4421 2586 4465 ac
2618 4405 2955 4465 intextura
2989 4405 3357 4464 voluntatis
3391 4419 3555 4464 suae

463 4506 856 4580 insipientes
906 4507 1253 4565 constricti
1298 4514 1472 4580 sunt,
1527 4513 1842 4584 tanquam
1881 4510 2176 4569 molliter
2210 4501 2584 4587 quiescant,
2623 4512 2735 4571 ubi
2773 4512 2836 4570 in
2883 4512 3186 4572 diversas
3235 4513 3301 4571 et
3334 4510 3556 4570 varias

463 4609 797 4668 vanitates
833 4610 1193 4668 multarum
1230 4628 1453 4670 rerum
1489 4619 1555 4671 et
1607 4614 2094 4688 incognitorum
2124 4614 2431 4689 jocorum
2464 4633 2585 4692 per
2631 4615 3000 4677 diabolicas
3046 4617 3447 4676 tentationes
3483 4629 3556 4674 se

461 4711 878 4786 dispergunt,
915 4713 1078 4772 nihil
1132 4719 1309 4772 recto
1360 4715 1778 4790 incipientes,
1831 4717 1995 4775 nihil
2048 4725 2228 4776 recte
2282 4719 2740 4793 terminanteS,
2796 4719 2911 4778 sed
2964 4721 3028 4779 in
3063 4717 3547 4791 vicissitudine,

459 4817 639 4874 velut
695 4817 1029 4892 inquietae
1080 4818 1288 4876 nubes
1322 4818 1798 4893 discurrentes,
1853 4820 2101 4896 ubique
2153 4837 2419 4896 semper
2467 4829 2794 4897 erranteS,
2847 4824 3096 4899 ubique
3146 4825 3378 4898 ignota
3427 4821 3559 4881 sibi

458 4920 807 4994 eligentes,
847 4924 1046 4997 atque
1096 4922 1312 4981 aliena
1365 4921 1744 4982 habitacula
1798 4940 2062 4999 semper
2111 4931 2528 5000 quaerentes,
2582 4926 2702 4984 Sed
2756 4927 2889 4987 alia
2932 4927 3315 4986 indumenta
3366 4926 3429 4984 in
3478 4940 3557 4982 ea

537 5101 578 5169 ยน)
613 5105 832 5158 initium
860 5102 938 5156 A?
