4036 6117
693 500 826 560 304
1854 520 1906 563 s.
1959 515 2500 566 nnnscAnms

617 632 937 708 omnibuS,
972 632 1131 710 quia
1175 634 1557 695 voluntates
1600 651 1759 696 suas
1795 639 1862 697 ct
1900 628 2165 714 seipsos
2208 639 2646 715 reliquerunt,
2684 640 2891 699 secuti
2925 643 3078 698 sunt
3115 635 3333 711 illum,
3371 636 3483 698 ubi
3519 653 3719 714 prae-

623 740 834 816 ceptis
867 737 982 800 Dei
1016 739 1300 815 subjecti
1341 745 1518 800 sunt.

2115 960 2222 1024 111.

1968 1170 2116 1231 Alio
2162 1174 2368 1233 modo.

718 1384 879 1445 Cum
927 1381 1188 1458 turbae,
1244 1382 1305 1442 id
1354 1387 1459 1442 est
1508 1382 1816 1457 virtutes,
1869 1386 2233 1457 irruerent,
2285 1384 2544 1444 scilicet
2593 1390 2941 1445 currerent
2974 1387 3045 1445 in
3095 1385 3346 1461 Jesum,
3396 1384 3725 1447 videlicet

626 1488 707 1548 ad
759 1487 1240 1563 fortitudinem,
1275 1495 1349 1548 ut
1384 1488 1694 1547 audirent
1728 1488 1995 1548 verbum
2031 1489 2176 1563 Dei,
2215 1488 2279 1548 id
2307 1496 2511 1549 estut
2543 1474 2626 1550 ab
2661 1491 2808 1566 ipsa
2840 1490 3262 1569 docerentur,
3300 1494 3394 1553 ita
3425 1499 3500 1554 ut
3536 1494 3597 1552 in
3634 1508 3723 1552 ea

622 1590 1076 1667 aedificarent,
1130 1598 1193 1652 et
1240 1594 1383 1669 ipse
1433 1590 1640 1651 stabat
1692 1611 1875 1653 secus
1910 1599 2218 1669 stagnum
2268 1592 2709 1669 Genesar-eth,
2760 1595 2918 1671 quia
2964 1597 3398 1673 permanebat
3447 1598 3513 1658 in
3562 1597 3723 1672 igne

624 1694 911 1771 Spiritus
945 1695 1188 1756 Sancti.

716 1802 800 1862 Et
847 1803 1012 1863 vidit
1046 1803 1211 1862 duas
1259 1819 1480 1877 naves,
1530 1800 1844 1861 videlicet
1892 1802 2397 1863 conversionem
2443 1806 2511 1862 et
2559 1802 3023 1878 salvationem,
3076 1809 3322 1865 stantes
3372 1822 3555 1865 secus
3588 1810 3728 1863 sta-

620 1923 852 1982 9num,
905 1906 971 1966 id
1004 1912 1109 1967 est
1143 1908 1210 1967 in
1259 1906 1629 1968 stabilitate
1676 1904 1965 1981 Spiritus
2014 1905 2261 1981 Sancti3
2300 1908 2663 1983 piscatores
2695 1914 2942 1982 autem,
2980 1908 3240 1968 scilicet
3273 1913 3720 1981 scrutatoreS,

628 2010 1090 2072 sciscitatores
1125 2007 1472 2084 bonorum,
1509 2009 1986 2069 descenderant
2024 2024 2096 2068 se
2131 2010 2313 2086 ipsos
2347 2009 2815 2087 relinquendo,
2851 2016 2915 2070 et
2950 2010 3251 2071 lavabant
3283 2013 3479 2087 retia,
3516 2012 3610 2072 ita
3643 2013 3725 2071 ut

622 2114 1042 2176 dimitterent
1073 2113 1455 2173 voluntates
1485 2129 1664 2173 suas,

715 2218 1096 2280 Ascendens
1143 2222 1369 2276 autem
1404 2214 1753 2286 fortitudO,
1802 2218 1875 2275 in
1909 2234 2115 2276 unam
2147 2235 2405 2292 navem,
2442 2216 2508 2276 id
2551 2224 2655 2278 est
2690 2218 2757 2278 in
2789 2219 3316 2291 conversionem,
3353 2235 3520 2295 quae
3566 2222 3718 2275 erat

624 2321 938 2396 SimoniS,
991 2319 1251 2380 scilicet
1291 2318 1656 2393 justorum,
1706 2321 1952 2395 roqavit
2001 2337 2155 2378 eum
2202 2320 2629 2397 ostendendo,
2678 2327 2751 2379 ut
2800 2340 2839 2380 a
2887 2327 3068 2380 terra
3114 2321 3458 2381 reduceret
3503 2318 3724 2397 pusil-

624 2430 790 2503 lum,
839 2424 1156 2486 videlicet
1188 2427 1262 2483 ut
1295 2423 1707 2498 voluptatem
1742 2422 1966 2481 carnis
2009 2421 2447 2499 dimitterent,
2483 2429 2550 2484 et
2582 2439 2622 2483 a
2654 2425 2949 2499 peccatis
2982 2429 3348 2500 cessarent,
3383 2428 3445 2482 et
3481 2422 3722 2481 sedens

625 2530 887 2593 docebat
922 2530 1002 2589 de
1035 2527 1348 2588 navicula
1378 2525 1625 2601 turbas,
1663 2526 1727 2585 id
1761 2532 1867 2586 est
1892 2526 2289 2588 hortabatur
2323 2527 2390 2587 in
2423 2528 2859 2588 conversione
2891 2529 3198 2590 virtutes,

720 2635 795 2696 Ut
845 2641 1072 2694 autem
1106 2633 1375 2693 cessavit
1428 2631 1606 2708 loqui
1641 2631 1707 2690 in
1754 2630 2229 2706 admonitione,
2268 2632 2362 2692 ita
2411 2638 2483 2692 ut
2516 2633 2583 2692 in
2629 2634 2729 2693 eis
2773 2633 3104 2694 delectata
3139 2635 3251 2709 sit,
3288 2634 3461 2694 dixit
3495 2632 3581 2691 ad
3618 2632 3725 2693 Si-

622 2756 909 2813 monem,
961 2736 1224 2797 scilicet
1270 2734 1353 2795 ad
1384 2735 1626 2810 justos:
1679 2735 1821 2795 Duc
1861 2737 1934 2793 in
1967 2736 2202 2810 altum,
2255 2735 2321 2794 id
2356 2742 2462 2796 est
2508 2737 2874 2813 ascendite,
2910 2743 2972 2797 et
3022 2739 3245 2797 laxate
3294 2739 3469 2797 retia
3498 2742 3723 2795 vestra

623 2844 707 2904 de
740 2843 992 2904 virtute
1033 2840 1099 2899 in
1130 2838 1454 2898 virtutem
1488 2839 1561 2897 in
1595 2843 1962 2914 capturam,
2001 2836 2067 2895 id
2100 2844 2205 2897 est
2239 2838 2303 2896 in
2339 2839 2819 2914 amplexionem
2857 2839 3230 2899 charitatis,

717 2949 798 3009 Et
847 2944 1255 3023 respondens
1306 2942 1554 3016 Simon,
1604 2940 1673 3000 id
1704 2946 1809 3000 est
1851 2939 2042 3016 Justi,
2093 2942 2266 3001 diaeit
2315 2943 2422 3002 illi
2458 2943 2525 3001 in
2572 2944 2903 3019 angustia:
2942 2945 3363 3021 Praeceptor,
3416 2942 3522 3002 cui
3561 2942 3722 3003 obe-

623 3051 943 3115 diendum
989 3053 1118 3125 est,
1161 3067 1288 3127 per
1336 3051 1539 3106 totam
1585 3050 1843 3106 noctem
1892 3043 2281 3122 laboranteS,
2340 3046 2599 3107 scilicet
2646 3064 2766 3124 per
2812 3053 3174 3108 nocturnas
3223 3047 3503 3107 insidias
3562 3044 3720 3106 Dia-

623 3157 783 3233 boli,
832 3131 1005 3218 nihil
1055 3155 1380 3232 cepimus,
1429 3151 1588 3228 quia
1635 3165 1789 3210 eum
1836 3166 2157 3226 superare
2206 3167 2337 3210 non
2383 3168 2764 3227 possumus:
2813 3155 2887 3212 in
2934 3150 3123 3211 verbo
3170 3157 3394 3211 autem
3442 3157 3581 3220 tuo,
3617 3150 3720 3209 vi-

624 3262 867 3323 delicet
900 3261 969 3321 in
1001 3257 1220 3335 gratia
1254 3262 1392 3332 tua,
1431 3254 1661 3316 laxabo
1692 3259 1856 3329 rete,
1892 3269 2041 3314 cum
2081 3254 2163 3314 ad
2196 3254 2484 3314 virtutes
2521 3255 2787 3316 ibimus,

713 3365 796 3425 Et
845 3380 995 3424 cum
1027 3365 1183 3423 haec
1215 3362 1550 3438 fecissent,
1590 3357 1850 3417 scilicet
1898 3355 2063 3417 haec
2098 3357 2593 3432 incipientibuS,
2643 3359 3106 3419 concluserunt
3136 3359 3445 3436 piscium,
3480 3355 3719 3415 videli-

624 3471 732 3529 cet
762 3468 1087 3528 bonorum
1134 3479 1410 3541 operum
1442 3462 1949 3521 multitudinem
1997 3464 2321 3538 copiosam
2356 3461 2421 3520 in
2467 3461 2773 3522 doctrina
2807 3479 2947 3522 sua.
2996 3461 3452 3541 Rumpebatur
3484 3466 3714 3519 autem

623 3578 764 3632 rete
818 3587 1069 3644 eorum,
1138 3582 1291 3626 cum
1349 3566 1500 3640 plus
1553 3565 1805 3625 vellent
1859 3580 2061 3641 quarn
2120 3566 2186 3624 in
2243 3565 2580 3625 mentibus
2636 3571 2702 3625 et
2757 3565 3215 3626 voluntatibus
3271 3565 3415 3625 suis
3471 3577 3710 3639 capere

625 3679 921 3756 possent.

715 3784 799 3844 Et
832 3785 1221 3841 annuerunt
1255 3776 1576 3853 gemendo
1612 3777 1827 3846 sociis,
1865 3775 1930 3835 id
1962 3781 2069 3835 est
2102 3775 2654 3852 cooperatoribus
2691 3775 2857 3851 suiS,
2885 3778 2999 3854 qui
3033 3782 3223 3835 erant
3258 3778 3330 3836 in
3362 3775 3499 3835 alia
3528 3775 3705 3846 navi,

616 3886 877 3947 scilicet
925 3884 991 3944 in
1025 3881 1418 3954 salvatione,
1472 3879 1564 3938 ita
1596 3877 1774 3956 quod
1824 3879 1891 3938 in
1921 3879 2175 3955 praelio
2209 3878 2532 3939 victoriae
2564 3884 2784 3954 erant,
2822 3885 2888 3939 et
2922 3880 3164 3939 salvati
3201 3885 3379 3954 sunt,
3415 3885 3487 3936 ut
3522 3879 3707 3936 veni·-

625 3995 774 4049 rent
826 3994 887 4047 et
922 3983 1314 4062 adjuvarent
1365 4001 1493 4057 eos,
1533 3984 1625 4042 ita
1674 3988 1847 4043 utet
1897 3982 2026 4059 ipsi
2060 3982 2393 4059 adjutorio
2442 3999 2677 4043 eorum
2719 3984 3013 4043 victores
3060 3983 3369 4043 existant.
3406 3982 3487 4042 E't
3522 4000 3713 4040 vene-

623 4101 785 4154 runt
834 4099 896 4153 et
928 4091 1374 4168 impleverunt
1408 4087 1626 4148 ambas
1659 4088 2038 4156 naviculas,
2075 4087 2390 4163 quoniam
2425 4086 2519 4147 ita
2551 4087 2900 4147 victoriosi
2934 4093 3150 4162 erunt,
3190 4093 3263 4149 ut
3297 4087 3423 4148 fide
3455 4093 3525 4147 et
3557 4103 3711 4163 ope-

623 4212 693 4256 re
744 4197 811 4256 in
844 4196 1280 4256 conversione
1314 4211 1434 4254 sua
1470 4194 1554 4254 ad
1589 4194 2034 4254 salvationem
2080 4195 2432 4271 aspiciant,
2468 4197 2566 4254 ita
2609 4202 2682 4255 ut
2710 4215 2886 4274 pene
2934 4204 3425 4275 merqerentur,
3463 4198 3563 4257 sic
3611 4199 3709 4257 ta·-

624 4316 775 4361 men
807 4306 881 4361 ut
912 4299 1271 4376 aliquando
1304 4314 1345 4357 a
1376 4298 1651 4358 Diabolo
1688 4298 2073 4373 fatigentur.

716 4406 899 4479 Quod
946 4423 1096 4464 cum
1128 4405 1377 4463 videret
1431 4404 1657 4465 Simon
1691 4404 1959 4477 Petrus,
2013 4404 2275 4463 scilicet
2301 4403 2489 4479 justi,
2534 4405 2819 4481 procidit
2855 4406 2940 4464 ad
2985 4424 3203 4483 yenua
3237 4405 3417 4480 Jesu,
3454 4405 3703 4478 dicens,

621 4527 773 4572 cum
822 4524 895 4570 se
942 4511 1375 4586 prosternunt
1424 4507 1505 4567 ad
1553 4508 1794 4567 Deum:
1846 4509 1976 4568 Eaei
2010 4527 2050 4567 a
2096 4526 2223 4584 me,
2261 4508 2419 4584 quia
2465 4525 2599 4569 non
2648 4526 2883 4569 sumus
2929 4509 3113 4586 digni
3161 4526 3311 4571 cum
3361 4509 3494 4569 Deo
3528 4523 3701 4581 esse,

621 4617 781 4693 quia
809 4620 1114 4691 peccator
1146 4631 1320 4683 sum,
1358 4613 1656 4686 Domine,
1693 4613 2005 4689 quoniam
2045 4613 2112 4671 in
2145 4613 2282 4672 tam
2316 4628 2556 4688 magna
2587 4614 3149 4674 contaminatione
3186 4629 3442 4673 sumus

714 4721 958 4796 Stupor
1003 4720 1206 4791 enim,
1244 4717 1503 4777 scilicet
1552 4717 1752 4776 timor
1786 4722 1854 4776 et
1887 4721 2161 4791 tremor,
2214 4717 2738 4777 circumdederat
2788 4736 2941 4776 eum
2974 4718 3042 4777 in
3076 4716 3347 4792 honore,
3384 4723 3445 4777 et
3481 4733 3704 4775 omnes

621 4829 737 4906 qui
770 4844 918 4887 cum
948 4825 1065 4884 illo
1091 4829 1305 4897 erant,
1333 4823 1647 4882 videlicet
1680 4821 1900 4882 socios
1935 4822 2233 4898 ejusdem
2269 4823 2752 4897 conversioniS,
2782 4826 2854 4884 in
2881 4830 3158 4901 captura
3184 4826 3472 4901 piscium
3505 4840 3704 4901 quam

617 4936 950 5010 ceperant,
1001 4928 1068 4988 id
1116 4935 1222 4989 est
1264 4928 1330 4987 in
1363 4927 1664 4987 doctrina
1697 4926 2157 4986 conversionis
2192 4942 2376 5001 suae,
2414 4928 2744 5003 quomodo
2781 4929 2964 4987 illam
2995 4922 3040 5008 ¹)
3078 4928 3448 5004 implerent.

697 5172 739 5236 ¹)
767 5174 1026 5244 quomodo
1051 5172 1156 5228 illa
1181 5173 1437 5243 impleret.
1469 5170 1589 5226 cod.
