4036 6117
712 423 846 490 486

648 561 930 618 debeam
955 567 1014 617 ut
1035 562 1320 618 salvemur.
1351 561 1594 634 Tempus
1633 576 1925 632 pressurae
1960 566 2018 618 et
2056 562 2148 617 de-

650 645 1050 797 :grtggtt-ipnis...
1087 647 1316 704 videret.
1358 647 1510 716 (vide
1539 663 1703 719 supra
1732 665 1784 720 p.
1818 652 1921 704 356
1951 649 2010 703 in
2039 649 2150 704 (ine

724 816 823 874 Ea:
855 775 1084 891 epistola
1122 817 1178 874 S.
1214 819 1576 893 Hildeqardis
1610 825 1686 878 ad
1713 821 2051 879 Colonienses
2092 825 2157 879 de

653 904 856 976 futura
892 906 1263 960 t·ibulalione.
1308 905 1386 959 De
1428 905 1652 963 virente
1693 908 1815 964 luce
1842 907 2034 963 audivi
2065 924 2155 962 vo-

654 1001 775 1045 cem
799 989 1102 1048 dicentem:
1121 991 1170 1047 O
1192 993 1307 1048 filia
1329 992 1533 1050 Sion...
1555 995 1968 1064 persistent.Ad
1983 995 2149 1066 epist.

659 1073 900 1132 XLVIII
931 1093 1253 1147 responsum
1283 1081 1411 1146 (col.
1443 1083 1547 1134 249
1573 1082 1617 1136 Β
1641 1082 1709 1137 ad
1735 1087 1840 1136 252
1865 1084 1954 1146 Α).

729 1160 825 1217 Ea:
855 1163 1084 1235 epistola
1107 1166 1183 1220 ad
1213 1164 1564 1224 Treverenses.
1596 1168 1645 1224 Ο
1673 1168 1788 1223 filia
1814 1169 2044 1225 Sion....
2075 1167 2158 1223 di-

659 1247 891 1399 ωιὲῑίἑιῖ.
942 1247 1028 1302 AI
1078 1248 1245 1320 epist.
1295 1249 1479 1308 XLIX
1523 1268 1664 1325 resp.
1710 1255 1837 1320 (col.
1880 1258 1984 1309 256
2022 1254 2158 1310 Cad

660 1337 832 1479 25Ez·
863 1379 1092 1495 epistola
1126 1426 1203 1480 ad
1228 1424 1555 1482 conradum.
1597 1444 1788 1499 regem.
1824 1426 1911 1480 Tu
1939 1424 1997 1480 in
2025 1439 2159 1495 qua·

662 1507 792 1564 dam
820 1513 1043 1579 parte...
1077 1525 1189 1564 non
1214 1511 1524 1566 erubescas.
1556 1510 1641 1566 Ad
1667 1511 1832 1582 epist.
1859 1510 2053 1566 XXVI
2078 1526 2161 1565 re·

667 1608 750 1666 sp.
785 1593 911 1661 (col.
947 1598 1046 1649 185
1073 1593 1134 1657 C.
1169 1600 1268 1650 186
1293 1597 1385 1659 Α).

739 1676 837 1734 Ea:
860 1681 963 1736 hac
986 1683 1192 1735 visione
1214 1685 1349 1737 seire
1364 1686 1569 1755 poteris
1593 1702 1766 1756 quare
1785 1687 2164 1742 tribulationes
2197 1711 2206 1718 ·

667 1769 806 1822 istae
827 1768 1093 1822 eveniant.
1121 1764 1185 1819 In
1208 1765 1354 1822 lecto
1379 1768 1844 1837 aegritudinis...
1876 1769 2159 1826 iufundat.

667 1848 756 1908 Ad
782 1849 947 1921 epist.
979 1850 1079 1906 LII
1106 1867 1354 1923 respons,
1385 1854 1512 1921 (col.
1544 1858 1819 1919 269-271).

742 1934 839 1991 Ex
859 1937 1088 2008 epistola
1113 1935 1172 1992 S.
1204 1936 1362 1996 Hild.
1394 1939 1542 1996 Heu!
1575 1940 1704 1997 heu!
1739 1942 1842 1999 hoc
1874 1948 2162 2015 tempus...

668 2014 995 2076 effundunt.
1027 2020 1179 2086 (vide
1205 2021 1394 2087 infra).

743 2104 853 2161 Per
876 2106 1125 2178 planetas
1146 2111 1424 2181 spiritales
1444 2116 1753 2184 siqnantur.
1798 2114 2044 2171 Praefati
2073 2131 2169 2170 au-

674 2196 790 2246 tem
816 2190 1138 2261 planetae...
1168 2193 1372 2252 veniet.
1399 2194 1544 2251 vide
1565 2213 1730 2269 supra
1757 2215 1811 2270 p.
1844 2202 1948 2254 355
1976 2216 2030 2258 n.
2058 2200 2127 2256 V.

745 2276 877 2333 Item
899 2295 968 2334 ex
991 2281 1232 2352 epietolis
1265 2281 1515 2352 ejusdem,
1546 2282 1595 2338 Ο
1621 2283 1770 2338 filiae
1798 2299 1971 2348 meae,
2013 2284 2172 2341 audi-

675 2367 799 2420 te...
829 2363 1194 2421 excribrabit.
1227 2373 1416 2438 (supra
1447 2383 1498 2438 p.
1532 2371 1655 2431 362.
1681 2373 1826 2436 363).

748 2446 846 2505 Ea:
877 2452 1106 2523 epistola
1142 2450 1218 2506 ad
1243 2451 1553 2524 Enyenium
1578 2453 1806 2527 Papam:
1846 2456 2005 2513 Nunc
2031 2456 2175 2514 dicit

679 2532 858 2591 tibi...
891 2541 1138 2607 apparet.
1168 2536 1253 2591 Ad
1278 2538 1445 2608 epist.
1477 2540 1521 2596 I.
1551 2554 1695 2611 resp.
1723 2540 1850 2610 (col.
1890 2546 1988 2598 146
2011 2543 2097 2611 Β).

753 2619 849 2677 Ea:
870 2622 1098 2693 epistola
1116 2626 1192 2679 ad
1213 2631 1557 2681 anastasium
1582 2627 1809 2701 Papam.
1841 2629 2042 2686 Omnis
2073 2637 2177 2686 ter·

1883 445 1936 494 S.
1988 447 2526 494 HILDEGARDIS

2240 561 2497 617 Invenias
2533 566 2593 618 et
2633 561 2802 618 vives.
2854 561 2940 618 Ad
2983 563 3149 634 epist.
3189 561 3376 619 an.
3434 576 3577 634 resp.
3618 561 3723 626 (col.

2238 650 2342 702 283
2370 647 2460 710 Α).

2312 735 2444 791 Item
2479 740 2620 792 visio
2656 738 2909 806 ejusdem.
2952 735 3143 792 Mense
3169 735 3329 792 lulio
3334 781 3453 792 .....
3494 734 3732 790 deludere

2243 821 2449 892 coepit.
2482 822 2632 888 (vide
2661 838 2828 893 supra
2859 839 2909 893 p.
2944 826 3067 886 352,
3097 827 3243 886 353).

2317 908 2410 964 Ex
2434 909 2575 964 libro
2600 908 2953 981 epistolarum
2977 911 3041 964 de
3063 913 3354 965 conversis.
3392 908 3508 963 Per
3525 907 3733 963 uitulum

2243 1001 2292 1050 et
2317 995 2514 1050 leonem
2538 995 2790 1050 monachi
2826 999 2875 1048 et
2898 993 3085 1050 elerici
3120 996 3403 1066 desiynati
3428 999 3573 1048 aunt.
3602 991 3734 1047 Haec

2243 1083 2357 1136 duo
2378 1096 2645 1150 genera...
2670 1086 3021 1136 corruerunt.
3049 1079 3134 1133 Ad
3157 1080 3324 1150 epist.
3353 1077 3430 1133 LI
3453 1093 3597 1149 resp.
3624 1078 3732 1144 (col.

2244 1173 2348 1224 263
2375 1169 2443 1231 Ι),
2471 1169 2577 1222 264
2601 1166 2673 1230 Α,
2703 1171 2763 1221 et
2787 1169 2891 1220 264
2917 1164 2979 1229 C.
3007 1166 3076 1220 ad
3101 1169 3205 1220 266
3230 1164 3321 1227 Α).

2318 1256 2412 1311 Ex
2447 1256 2590 1310 libro
2613 1252 2832 1309 Scirias
2868 1254 2933 1308 de
2956 1256 3241 1310 conversis.
3272 1250 3451 1306 SIcut
3482 1249 3543 1303 iu
3576 1248 3740 1302 tribus

2248 1338 2501 1412 personis
2506 1381 2614 1395 .....
2649 1343 2857 1393 temere
2884 1336 3148 1408 rapuisti.
3177 1337 3303 1393 Lib.
3329 1335 3391 1392 11
3420 1335 3526 1393 vis.
3557 1333 3734 1401 Ἴωσι.

2248 1427 2353 1478 490
2378 1423 2420 1478 C
2446 1424 2515 1478 ad
2541 1427 2647 1478 493
2674 1422 2760 1483 C).

2320 1509 2658 1581 Hideyardis
2681 1510 3100 1566 honorandae...
3132 1507 3316 1580 Epist.
3365 1505 3602 1562 CXLIV
3627 1505 3735 1572 (col.

2251 1602 2396 1662 380).

2320 1683 2438 1751 Ego
2463 1681 2587 1738 sons
2616 1682 2778 1738 vivus
2890 1681 2978 1737 Aa
2998 1681 3164 1754 epist.
3192 1680 3425 1736 CXLIV
3450 1694 3598 1750 resp.
3628 1678 3734 1745 (col.

2255 1773 2355 1824 381
2384 1773 2442 1822 et
2470 1768 2556 1823 uti
2584 1782 2751 1839 supra
2779 1784 2832 1839 p.
2866 1769 2991 1829 334,
3021 1770 3168 1831 335).

2328 1853 2581 1926 Epistola
2626 1853 2692 1911 G.
2717 1857 2931 1926 prioris
2972 1854 3036 1909 de
3075 1852 3363 1910 Everbaeh
3401 1855 3484 1908 ad
3519 1852 3665 1922 filias
3691 1849 3738 1905 S.

2256 1938 2637 2011 Hildeqardis.
2688 1938 3018 1995 Venerabili
3046 1937 3111 1994 N.
3159 1936 3472 2011 priorIssae
3518 1936 3649 2004 (vid.
3674 1935 3742 1989 in·

2259 2025 2384 2090 fra).

2328 2113 2460 2168 Item
2494 2114 2559 2168 de
2594 2114 2784 2169 iisdem
2817 2113 3106 2168 haereticis
3130 2129 3200 2167 ex
3235 2109 3575 2183 Apocalypsi
3612 2113 3658 2162 et
3688 2108 3741 2161 de

2266 2198 2346 2255 VI
2375 2200 2697 2272 temporibus
2731 2215 2769 2254 a
2800 2199 3208 2270 praedieatione
3245 2195 3466 2252 Christi
3500 2196 3578 2250 ad
3610 2196 3745 2267 lina

2256 2288 2464 2341 mundi.
2508 2284 2749 2340 Sanctus
2772 2283 3014 2338 loannes
3036 2281 3095 2336 in
3118 2280 3468 2354 Apocalypsi
3494 2278 3644 2348 (vid.
3670 2278 3739 2333 iu·

2260 2369 2343 2424 fra
2371 2386 2425 2441 p.
2455 2371 2601 2436 487).

2334 2455 2449 2513 Ista
2488 2457 2768 2512 dabuntur
2809 2456 3022 2510 indicia
3055 2459 3181 2509 ante
3215 2453 3453 2507 schisma
3491 2450 3636 2507 illud
3662 2450 3742 2505 sab

2263 2560 2373 2618 quo
2396 2545 2630 2616 episcopi
2645 2548 2696 2598 et
2717 2541 2904 2597 cleriei
2921 2541 2987 2595 de
3005 2540 3135 2595 tocie
3156 2541 3273 2594 suis
3296 2536 3650 2610 expellentur.
3672 2533 3740 2588 Ex

2267 2629 2414 2685 libro
2434 2628 2766 2684 Divinarum
2775 2641 2998 2699 operum
3015 2639 3136 2695 cap.
3163 2622 3246 2679 lx
3266 2621 3553 2677 secundae
3571 2618 3738 2691 partis.

681 2721 746 2762 ra
783 2706 1111 2763 turbabitur
1115 2751 1223 2768 .....
1267 2709 1614 2767 diversarum
1650 2713 2042 2785 iniquitatum.
2091 2717 2178 2773 Ad
2267 2714 2405 2771 Cum
2450 2717 2744 2786 peccata...
2790 2709 3184 2771 variabuntur.
3211 2725 3266 2781 p.
3302 2706 3356 2763 11
3384 2706 3496 2762 vis.
3529 2705 3597 2761 V.
3625 2721 3673 2759 u.
3700 2707 3741 2759 9.

679 2795 850 2867 epist.
881 2794 954 2850 II.
989 2810 1131 2866 resp.
1162 2796 1288 2863 (col.
1327 2800 1442 2853 152.
1471 2797 1560 2863 Α).
2271 2803 2404 2868 (col-
2432 2803 2535 2855 910
2560 2798 2640 2864 C).

757 2879 888 2938 Item
906 2896 975 2938 ea·
992 2881 1231 2954 quadam
1249 2883 1490 2954 episttola.
1518 2884 1677 2943 Nunc
1703 2893 1836 2943 sunt
1861 2893 2176 2958 tempora...

2214 3106 2240 3163 1

1628 3313 1730 3373 Ex
1766 3314 2050 3391 epistola
2082 3320 2345 3373 sanctae
2381 3308 2823 3388 Hildeqardis.

778 3520 946 3581 Heu!
990 3520 1142 3580 heu!
1189 3521 1313 3581 hoc
1349 3524 1611 3599 tempus
1647 3542 1764 3585 nec
1801 3525 2139 3603 frigidum,
2178 3541 2299 3586 nec
2332 3523 2621 3585 calidum
2658 3526 2787 3595 est,
2826 3518 2944 3579 sed
2979 3518 3383 3594 squalidum.
3421 3517 3583 3578 Post
3613 3515 3749 3574 haec

692 3631 960 3700 tempus
1017 3624 1251 3699 veniet,
1304 3626 1480 3701 quod
1532 3628 1598 3688 in
1648 3631 1907 3704 magnis
1955 3631 2278 3707 periculis
2327 3635 2394 3688 et
2443 3629 2509 3688 in
2558 3627 2821 3700 timore,
2874 3624 2940 3684 in
2982 3623 3250 3700 justitia
3299 3629 3367 3683 et
3433 3622 3749 3685 ferocitate

693 3735 994 3794 virorum
1046 3733 1275 3792 viriles
1309 3734 1489 3795 vires
1536 3735 1851 3812 proferet.
1885 3737 2135 3798 Deinde
2183 3751 2377 3797 error
2409 3732 2781 3795 errantium
2813 3745 3119 3791 errorum
3156 3729 3366 3803 flabit,
3406 3730 3587 3790 sicut
3616 3740 3751 3801 qua·

695 3846 849 3905 tuor
883 3844 1059 3906 venti
1094 3846 1208 3921 qui
1246 3846 1311 3906 in
1345 3848 1604 3923 magnis
1640 3848 1960 3925 periculis
2004 3847 2250 3909 famam
2287 3861 2479 3905 suam
2517 3842 2884 3905 effundunt.

2215 4071 2273 4130 ΙΙ

1113 4286 1411 4361 Epistola
1446 4286 1519 4346 G.
1549 4286 1796 4363 prioris
1830 4284 1909 4343 de
1947 4280 2274 4343 Everbach
2308 4279 2393 4338 ad
2425 4281 2596 4373 {ilias
2631 4286 2896 4340 sanctae
2930 4277 3376 4356 Hildeqardis.

797 4484 1171 4554 Venerabili
1201 4486 1517 4554 Dominae
1550 4493 1623 4554 N.
1661 4492 2025 4569 priorissae
2059 4491 2141 4551 de
2190 4495 2423 4550 sancto
2456 4489 2781 4564 RupertO,
2816 4504 2949 4548 una
2979 4503 3132 4547 cum
3165 4482 3517 4546 sororibus
3554 4480 3757 4545 ibidem

709 4595 977 4656 Christo
1012 4597 1486 4673 servientibus»,
1523 4597 1788 4658 Geheno
1820 4597 2041 4657 dictus
2074 4595 2261 4672 prior
2294 4595 2359 4652 in
2392 4591 2736 4653 Everbacb
2773 4592 2931 4652 lieet
2964 4590 3296 4667 indignae,
3342 4591 3520 4650 inter
3552 4588 3756 4650 choros

709 4702 1046 4779 virginum
1083 4704 1274 4780 sequi
1308 4705 1565 4779 Agnum
1599 4718 2021 4780 quocumque
2056 4700 2229 4761 ierit.

803 4806 1026 4884 Nuper
1058 4814 1263 4885 quum
1295 4822 1516 4868 essem
1566 4808 1740 4883 apud
1788 4824 1933 4878 vos,
1984 4814 2054 4867 et
2100 4806 2398 4866 libellum
2450 4805 2741 4865 illumin
2789 4802 3099 4863 manibus
3145 4798 3572 4875 haberemus,
3620 4791 3761 4856 etde

717 4914 864 4988 ipso
913 4913 1480 4990 colloqueremur,
1532 4928 1730 4990 quem
1778 4913 1858 4973 de
1907 4912 2199 4989 quinque
2252 4909 2499 4969 futuris
2533 4907 2952 4983 temporibus
3000 4921 3079 4965 ex
3112 4905 3305 4964 libris
3354 4908 3631 4963 sanctae
3659 4913 3764 4959 ma·

723 5020 852 5079 tris
902 5022 1163 5080 vestrae
1212 5019 1592 5095 compilavi,
1643 5036 1773 5079 una
1822 5034 1900 5079 ex
1953 5016 2147 5077 vobis
2195 5015 2401 5075 verba
2452 5014 2567 5074 illa
2599 5013 2658 5074 S.
2698 5009 3144 5086 Hildegardis,
3196 5024 3368 5086 quae
3400 5002 3762 5084 quuituriu

721 5126 848 5186 fine
900 5126 1284 5185 Divinarum
1323 5145 1616 5205 operum,
1671 5125 2000 5185 videlicet:
2053 5142 2082 5180 α
2112 5122 2347 5182 Nullus
2383 5122 2814 5181 bominum...
2850 5118 3154 5177 deleatur
3189 5114 3339 5194 (col.
3379 5112 3555 5174 1038
3591 5110 3659 5192 C)
3690 5117 3765 5164 εθ-
