4036 6117
795 505 927 568 450
1949 521 1998 565 s.
2055 517 2604 566 uttosscanoxs

1645 716 1770 778 LII.
1830 720 2189 794 Sequentia
2222 719 2301 776 de
2340 719 2601 795 Spiritu
2638 716 2894 777 Sancto,

806 888 857 948 Ο
895 888 1068 963 ignis
1102 881 1146 961 ¹)
1184 885 1474 962 Spiritus
1525 884 1864 960 paracliti,
1918 885 2058 943 vita
2090 886 2271 944 vitae
2318 886 2535 945 omnis
2568 889 2943 956 creaturae,
2997 888 3273 942 sanctus
3306 898 3382 942 es
3420 881 3798 942 vivificando

719 992 993 1052 formas.
1030 990 1315 1051 Sanctus
1349 1006 1422 1048 es
1459 988 1761 1063 ungendo
1789 989 2168 1064 periculose
2203 987 2475 1048 fractos,
2506 987 2788 1046 Sanctus
2820 1002 2894 1044 es
2924 985 3240 1060 tergendo
3270 985 3481 1046 fetida
3519 986 3792 1046 vulnera.

802 1096 852 1155 O
898 1096 1307 1169 spiraculum
1360 1093 1765 1152 sanctitatisl
1824 1108 1862 1152 o
1913 1093 2087 1167 ignis
2137 1092 2514 1152 charitatis!
2558 1107 2595 1151 o
2629 1090 2847 1150 dulcis
2896 1093 3136 1166 gustus
3173 1090 3239 1150 in
3272 1091 3689 1167 pectoribuS‚
3734 1095 3789 1146 et

717 1199 964 1259 infusio
999 1199 1300 1258 cordium
1340 1199 1405 1256 in
1439 1198 1610 1256 bono
1645 1197 1850 1256 odore
1883 1198 2230 1256 virtutum.

806 1305 856 1364 O
907 1305 1057 1364 fons
1106 1303 1533 1380 purissimus,
1589 1302 1653 1360 in
1702 1318 1832 1378 quo
1882 1301 2350 1360 consideratur
2397 1301 2573 1376 quod
2623 1299 2798 1359 Deus
2846 1301 3101 1360 alienos
3150 1300 3436 1375 colligit,
3489 1301 3557 1358 et
3604 1298 3794 1374 perdi·

716 1415 823 1467 tos
860 1407 1164 1484 requirit.

808 1511 859 1571 O
895 1513 1102 1572 lorica
1135 1512 1336 1585 vitae,
1374 1519 1440 1570 et
1474 1529 1631 1588 spes
1665 1513 2081 1587 compaginis
2114 1511 2565 1571 membrorum
2609 1511 2926 1584 omnium,
2978 1517 3045 1570 et
3074 1509 3124 1590 ²)
3160 1529 3198 1571 o
3235 1511 3586 1587 cingulum
3620 1509 3793 1569 hone·

715 1615 935 1679 statis,
975 1616 1163 1673 salva
1199 1614 1449 1674 beatos.

802 1719 1076 1778 Custodi
1112 1734 1229 1777 eos
1265 1719 1379 1794 qui
1415 1719 1743 1777 carcerati
1797 1725 1950 1777 sunt
1986 1719 2070 1777 ab
2105 1718 2394 1790 inimico,
2449 1723 2515 1775 et
2550 1717 2735 1776 solve
2786 1717 3054 1792 ligatoS,
3108 1734 3278 1794 quos
3324 1711 3374 1790 ³)
3428 1719 3656 1778 divina
3701 1717 3791 1774 vis

715 1826 977 1884 salvare
1013 1826 1175 1884 vult.

796 1928 847 1988 Ο
884 1929 1011 1988 iter
1063 1928 1530 2002 fortissimum,
1583 1927 1756 2004 quod
1810 1927 2187 2002 penetravit
2237 1927 2458 1985 omnia
2511 1927 2576 1985 in
2626 1927 3005 2000 altissimis,
3056 1927 3225 1985 etin
3276 1927 3593 2000 terrenis,
3637 1925 3783 1985 etin

715 2031 1026 2090 omnibus
1062 2031 1349 2106 abyssis,
1389 2033 1459 2090 tu
1490 2027 1536 2107 ⁴)
1574 2046 1802 2090 omnes
1838 2031 2185 2104 componis
2218 2036 2283 2088 et
2318 2029 2603 2104 colligis,

795 2136 888 2194 De
925 2142 988 2195 te
1021 2137 1236 2196 nubes
1285 2137 1518 2210 ssuunt,
1571 2135 1805 2196 aether
1851 2137 2057 2209 volat,
2098 2135 2351 2210 lapides
2402 2136 2749 2194 humorem
2786 2135 3055 2210 habent,
3094 2151 3307 2211 aquae
3344 2135 3608 2194 rivulos
3653 2131 3784 2192 edu-

710 2246 890 2315 cunt,
927 2244 992 2301 et
1027 2247 1206 2300 terra
1243 2241 1653 2300 viriditatem
1689 2240 1903 2300 sudat.

794 2346 891 2406 Tu
923 2346 1126 2404 etiam
1162 2362 1426 2421 semper
1457 2345 1685 2405 educis
1719 2344 1976 2418 doctOS,
2014 2360 2133 2419 per
2163 2345 2671 2419 inspirationem
2707 2344 3076 2418 sapientiae
3115 2345 3536 2405 laetificatos

797 2448 978 2506 Unde
1016 2449 1161 2508 laus
1198 2449 1316 2508 tibi
1355 2449 1466 2517 sit,
1505 2448 1619 2523 qui
1653 2464 1726 2506 es
1759 2442 1806 2525 ⁵)
1844 2465 2050 2507 sonus
2085 2448 2326 2523 laudis,
2378 2454 2444 2507 et
2493 2447 2809 2522 gaudium
2859 2448 3061 2521 vitae,
3113 2465 3267 2524 spes
3301 2455 3369 2508 et
3404 2449 3621 2509 honor
3666 2448 3775 2507 for-

714 2553 1052 2623 tissimuS‚
1087 2553 1253 2611 dans
1287 2553 1584 2628 praemia
1618 2552 1812 2611 lucis.

1625 2746 1785 2806 LIII.
1839 2748 2140 2824 Hymnus
2174 2748 2254 2805 de
2293 2748 2551 2824 Spiritu
2588 2748 2846 2809 Sancto,

793 2925 845 2984 O
881 2926 1069 2999 ignee
1103 2926 1415 3002 SpirituS,
1457 2927 1602 2985 laus
1638 2925 1758 2984 tibi
1797 2925 1906 2998 sit,
1944 2926 2056 3001 qui
2096 2926 2160 2984 in
2197 2926 2529 3000 tympanis
2565 2930 2631 2983 et
2664 2925 2947 2985 citharis
2981 2925 3307 3000 operaris

789 3034 1039 3093 Mentes
1077 3033 1418 3093 hominum
1451 3032 1530 3091 de
1568 3038 1631 3093 te
1670 3032 1971 3107 flagrant,
2009 3035 2076 3092 et
2110 3032 2539 3092 tabernacula
2574 3031 2949 3092 animarum
2983 3047 3220 3092 eorum
3258 3032 3443 3092 vires
3497 3034 3771 3108 ipsarum

705 3139 1062 3199 continent.
3160 3198 3169 3207 .

786 3244 945 3303 Inde
993 3246 1305 3304 voluntas
1355 3244 1679 3318 ascendit,
1731 3246 1797 3303 et
1844 3245 2116 3318 gustum
2150 3243 2410 3302 animae
2449 3242 2706 3315 tribuit,
2758 3248 2824 3301 et
2857 3242 3005 3317 ejus
3040 3206 3326 3302 'lucerna
3376 3250 3483 3303 est
3535 3240 3769 3302 deside-

700 3364 895 3408 rium.

786 3450 1173 3510 Intellectus
1211 3456 1277 3509 te
1314 3451 1377 3509 in
1409 3451 1804 3511 dulcissimo
1842 3468 2005 3509 sono
2043 3450 2346 3524 advocat,
2384 3466 2459 3510 ac
2495 3450 2797 3509 aedificia
2834 3451 2954 3511 tibi
2988 3468 3142 3511 cum
3178 3452 3633 3511 rationalitate
3670 3464 3767 3526 pa·

697 3560 823 3628 rat,
862 3571 1031 3630 quae
1069 3557 1132 3613 in
1167 3556 1391 3614 aureis
1427 3557 1744 3630 operibus
1781 3556 1998 3615 sudat.

786 3657 881 3715 Tu
916 3664 1137 3716 autem
1189 3673 1451 3733 semper
1482 3658 1783 3732 gladium
1818 3658 2048 3731 habeS‚
2091 3658 2251 3717 illud
2284 3659 2678 3718 abscindere
2714 3658 2891 3735 quod
2925 3660 3187 3719 noxiale
3232 3674 3509 3733 pomum
3543 3674 3655 3734 per
3684 3656 3762 3715 ni·

695 3761 1059 3835 gerrimum
1097 3760 1529 3821 homicidium
1565 3762 1840 3837 profert.

783 3865 1056 3935 Quando
1091 3866 1331 3925 nebula
1366 3868 1780 3926 voluntatem
1815 3872 1881 3926 et
1915 3867 2251 3927 desideria
2289 3868 2476 3942 tegit,
2510 3862 2557 3947 ⁶)
2598 3869 2664 3926 in
2704 3867 2950 3943 quibus
2984 3867 3207 3927 anima
3246 3867 3453 3941 volat,
3505 3873 3573 3926 et
3605 3863 3763 3926 undi-

700 3985 827 4045 que
863 3969 1125 4029 circuit.

781 4071 905 4130 Sed
941 4088 1126 4131 mens
1162 4076 1263 4132 est
1299 4074 1587 4148 ligatura
1624 4076 1989 4135 voluntatis
2025 4083 2091 4135 et
2125 4074 2464 4136 desiderii.

780 4174 940 4233 Cum
995 4192 1152 4235 vero
1203 4177 1466 4236 animus
1517 4194 1588 4236 se
1627 4178 1717 4237 ita
1767 4181 1989 4254 erigit,
2044 4181 2216 4255 quod
2271 4180 2555 4255 requirit
2589 4181 2913 4256 pupillam
2949 4181 3107 4241 mali
3140 4181 3399 4251 videre,
3448 4187 3517 4239 et
3554 4177 3755 4239 maxil-

615 4302 638 4307 v-
688 4278 819 4337 lam
856 4281 1216 4355 nequitiae,
1258 4287 1328 4340 tu
1361 4298 1514 4341 eum
1548 4283 1750 4342 citius
1789 4285 1854 4342 in
1891 4285 2038 4358 igne
2075 4285 2444 4355 comburiS,
2481 4301 2633 4345 cum
2668 4287 2984 4345 volueris,

777 4384 900 4443 Sed
934 4389 1001 4444 et
1034 4402 1184 4444 cum
1221 4388 1642 4447 rationalitas
1679 4405 1751 4447 se
1785 4406 1905 4464 per
1955 4390 2129 4448 mala
2180 4405 2382 4463 opera
2434 4390 2514 4449 ad
2550 4407 2760 4466 prona
2792 4391 3112 4460 declinat,
3162 4396 3236 4450 tu
3269 4406 3417 4450 eam
3458 4406 3607 4449 cum
3639 4387 3746 4455 vis,

686 4489 963 4564 stringis
997 4492 1062 4549 et
1095 4491 1482 4566 confringis,
1519 4498 1586 4551 et
1622 4493 1887 4551 reducis
1922 4508 2041 4566 per
2078 4492 2480 4552 infusionem
2515 4496 3140 4570 experimentorum.

776 4591 1046 4662 Quando
1083 4600 1305 4652 autem
1343 4596 1590 4653 malum
1625 4594 1708 4653 ad
1745 4602 1806 4653 te
1841 4596 2136 4670 gladium
2173 4612 2369 4655 suum
2404 4598 2655 4668 educit,
2689 4597 2737 4678 ⁷)
2775 4606 2847 4658 tu
2883 4597 3045 4658 illud
3092 4600 3154 4657 in
3197 4614 3315 4657 cor
3359 4598 3542 4657 illius
3583 4595 3750 4657 refin⁴

758 4823 799 4887 ¹)
840 4822 1206 4892 Sequentiam
1252 4824 1406 4879 illam
1449 4825 1665 4896 primus
1694 4827 1874 4883 edidit
1911 4830 2100 4892 Mene,
2134 4831 2191 4885 in
2283 4830 2541 4894 om.-—3)
2561 4834 2708 4905 quod
2734 4831 3147 4907 id.—⁴)quum
3170 4851 3347 4889 omnes
3374 4832 3449 4888 id.
3472 4833 3744 4905 —⁵)quie¹

687 4909 908 4963 Latinis
933 4912 1099 4964 medii
1135 4914 1259 4965 aevi
1296 4912 1511 4979 hymnis
1542 4916 1578 4966 t.
1630 4919 1674 4968 ¹.
1707 4931 1759 4984 p.
1804 4918 1929 4976 234,
1958 4931 2022 4969 ac
2063 4921 2189 4986 post
2281 4916 2355 4972 id.
2377 4933 2562 4972 errore
2599 4924 2877 4989 typorum.
2900 4918 3051 4973 Idem
3076 4925 3363 4990 praeterea
3386 4920 3681 4975 versiculos
3698 4932 3742 4970 e-

684 4996 848 5051 illum
903 4997 1154 5068 inclytus
1191 4999 1364 5053 abbas
1401 4998 1763 5067 Gueranger,
1805 5001 1863 5056 in
1905 5005 2190 5072 praeclaro
2279 5003 2527 5069 legantcr
2550 4998 3741 5075 dividit,quasiHildegardisinstinctuper·

681 5084 836 5137 Anno
864 5084 1143 5154 lituryico,
1172 5089 1340 5153 temp.
1370 5084 1615 5153 paschal.
1648 5090 1684 5139 t.
1716 5085 1818 5146 ΙΙΙ,
1841 5102 1896 5155 p.
1924 5089 2047 5141 478.
2072 5087 2184 5153 Qui
2276 5088 2522 5149 cituS,et
2542 5088 2821 5157 elegantia
2844 5104 2951 5158 qua
2977 5090 3056 5144 nil
3081 5106 3247 5161 supra
3276 5075 3478 5159 gallice
3498 5089 3738 5146 vertit.—

681 5167 818 5235 legit
860 5169 929 5221 ab
971 5168 1160 5223 initio:
1207 5170 1451 5240 Spiritus
1498 5170 1776 5225 Parae-lite
1838 5202 1901 5209 —-
1942 5173 1985 5235 ²)
2026 5178 2075 5226 et
2104 5171 2177 5227 id.
2270 5176 2316 5238 ⁶)
2343 5178 2483 5247 reyit
2508 5175 2629 5230 cod.
2663 5176 2803 5229 aller
2841 5174 3056 5230 Wiesb.
3095 5207 3157 5215 —-
3182 5177 3227 5241 ⁷)
3267 5178 3482 5232 deducit
3521 5175 3592 5231 id.
3630 5170 3731 5229 cod.
