4036 6117
1216 495 1459 542 Lim-:a
1506 491 1713 539 vi'rae:
1762 488 2259 538 neamenim.
2310 488 2367 533 r.
2418 487 2525 533 ιιι.
3193 465 3325 529 125

293 619 687 690 eontemnit3
737 617 972 678 rivulis
1018 616 1514 691 Scripturarum
1564 614 1823 687 aspersi
1886 612 1956 671 in
2001 610 2315 671 cordibus
2363 607 2636 680 nostris,
2688 604 3165 666 conscientiam
3215 619 3387 681 quae

297 736 414 783 nos
479 725 567 783 ad
626 723 805 783 mala
867 737 1133 796 semper
1195 720 1477 794 impellit
1498 765 1513 793 ,
1566 735 1604 777 a
1659 717 1853 777 nobis
1907 713 1953 792 ¹)
2012 715 2445 791 abjiciamus3
2515 727 2591 774 ac
2648 711 2928 787 singulis
2984 709 3211 769 verbis
3278 724 3389 767 ea-

295 825 603 885 rumdem
636 825 1156 901 Scripturarum,
1187 824 1337 900 quis
1363 823 1538 882 Deus
1565 823 1674 896 sit,
1703 823 1770 880 et
1795 835 1965 896 quae
2000 820 2147 894 eJus
2181 829 2383 892 opera
2411 817 2567 891 sint,
2601 813 3036 891 inquiramus,
3066 811 3172 873 Sic
3198 827 3390 887 prae-

303 929 504 988 fatam
558 930 1040 989 conscientiam
1089 928 1157 987 in
1203 929 1400 988 nobis
1449 926 1865 999 mundanteS,
1903 939 2077 1001 quae
2109 939 2228 998 per
2260 922 2440 983 Adae
2476 935 2704 981 casum
2738 919 3106 995 squammis
3148 917 3386 977 mortis

291 1033 710 1106 obnubilata,
747 1046 973 1092 veram
1008 1032 1204 1091 fidem
1236 1047 1315 1091 ac
1347 1038 1549 1106 opera
1582 1029 1725 1106 ejus
1759 1028 2099 1088 multoties
2133 1027 2438 1102 abnegat.
2475 1024 2653 1084 Haec
2687 1027 2908 1088 autem
2938 1024 3003 1083 in
3036 1011 3227 1082 nobis
3262 1030 3384 1097 pua

298 1151 368 1194 ra
401 1151 534 1195 non
573 1141 756 1211 sunt,
793 1136 924 1194 nisi
959 1135 1170 1195 abluti
1206 1134 1416 1194 simus
1449 1151 1487 1193 a
1521 1133 1818 1209 peccatis
1849 1132 2124 1206 nostris,
2163 1131 2254 1191 ita
2286 1129 2461 1207 quod
2495 1145 2740 1204 corpus
2767 1129 3070 1189 nostrum
3104 1123 3390 1185 visibili-

295 1244 395 1296 ter
425 1236 786 1313 perfusum
819 1238 910 1298 sit
941 1253 1115 1313 aqua
1147 1236 1487 1311 baptismi,
1526 1251 1728 1312 quam
1760 1234 2049 1310 Spiritus
2082 1233 2361 1293 Sanctus
2397 1231 2827 1292 invisibiliter
2872 1229 3149 1290 mundat
3194 1229 3261 1287 et
3291 1227 3393 1286 vi·⁶

294 1340 542 1414 vificat,
582 1345 661 1401 ut
692 1340 925 1402 sordes
957 1343 1386 1418 peccatorum
1437 1340 1697 1399 animae
1745 1355 1865 1414 per
1911 1353 2061 1398 eam
2109 1338 2487 1411 abluantur,
2539 1340 2607 1397 et
2654 1341 2728 1395 ut
2760 1336 2961 1395 etiam
3011 1332 3388 1392 miserrima

291 1452 530 1505 natura
565 1447 790 1505 carnis
824 1445 908 1505 ab
942 1443 1282 1505 immunda
1317 1459 1551 1519 spuma
1587 1459 1708 1503 sua
1741 1458 1860 1517 per
1892 1458 2038 1502 eam
2077 1442 2530 1518 refrigeretur.
2562 1440 2748 1512 Quod
2782 1456 2931 1500 cum
2971 1437 3217 1502 factum
3250 1435 3390 1495 fue*

297 1549 404 1621 rit,
445 1552 804 1610 teneamus
839 1550 1030 1610 firma
1060 1555 1127 1609 et
1162 1549 1422 1609 sincera
1459 1548 1583 1608 fide
1620 1549 1764 1624 spei
1797 1548 1983 1607 illius
2018 1546 2503 1607 confessionem
2539 1562 2742 1622 quam
2777 1549 3006 1620 aperte
3043 1544 3108 1603 in
3141 1542 3393 1618 baptis-⁶

299 1668 401 1711 mo
434 1652 739 1728 professi
774 1669 1026 1728 sumna,
1062 1652 1270 1714 Deum
1304 1653 1715 1727 confitentes,
1751 1657 1819 1712 et
1849 1652 2201 1712 Diabolum
2235 1651 2665 1727 abnegantes;
2717 1651 2810 1710 ita
2846 1665 2924 1709 ne
2975 1648 3089 1708 illa
3125 1665 3163 1706 a
3196 1647 3389 1706 nobis

305 1772 422 1832 per
453 1757 671 1817 ullam
707 1757 1166 1822 seductionem
1199 1757 1683 1817 diabolicarum
1717 1756 1960 1816 artium
1997 1754 2306 1830 declinet,
2336 1754 2452 1814 sed
2478 1756 2552 1813 ut
2589 1754 2653 1812 in
2684 1752 2876 1812 nobis
2902 1751 3067 1810 bene
3098 1749 3394 1808 radicata

295 1865 360 1919 et
392 1860 741 1935 roborata,
782 1861 1260 1922 inviolabiliter
1292 1863 1696 1935 perseveret,
1727 1859 2040 1935 quoniam
2078 1860 2143 1918 in
2177 1859 2445 1918 lavacro
2482 1854 3002 1932 regenerationis
3037 1853 3161 1912 hoc
3197 1851 3391 1911 modo

293 1966 540 2040 signati
580 1982 838 2041 sumna,
875 1967 1054 2043 quod
1087 1967 1206 2027 filii
1238 1966 1355 2026 Dei
1391 1983 1508 2042 per
1542 1968 1874 2027 sinceram
1901 1966 2236 2042 justitiam
2286 1979 2626 2026 vocamur.
2676 1963 2842 2023 Nam
2894 1963 3004 2022 ille
3055 1960 3271 2020 fidelis
3323 1959 3390 2018 in

291 2072 470 2130 omni
505 2072 686 2133 dono
721 2079 789 2132 et
822 2074 890 2132 in
922 2074 1102 2133 omni
1129 2089 1329 2149 opere
1365 2090 1485 2134 suo
1519 2080 1644 2148 est,
1676 2075 1790 2149 qui
1823 2075 2228 2149 promissum
2269 2073 2636 2148 praemium
2679 2072 2914 2131 beatae
2953 2068 3388 2129 haereditatis

289 2176 603 2236 fidelibus
637 2179 780 2238 suis
811 2182 880 2238 et
913 2179 980 2237 in
1010 2195 1164 2239 eum
1197 2195 1354 2238 vere
1389 2180 1817 2241 credentibus
1851 2180 2059 2254 dabit,
2089 2180 2248 2256 quia
2280 2179 2364 2239 ab
2401 2179 2542 2253 ipso
2581 2194 2739 2238 vero
2772 2177 2891 2235 Dei
2931 2175 3120 2250 Filio,
3160 2175 3227 2234 in
3260 2173 3388 2233 fine

293 2283 719 2342 saeculorum
756 2299 913 2342 vere
946 2284 1317 2357 incarnato,
1374 2284 1437 2343 in
1489 2283 1613 2342 hac
1663 2282 2083 2358 plenitudine
2135 2283 2285 2343 fidei
2337 2298 2646 2342 securum
2695 2283 2763 2342 et
2811 2285 3155 2340 aeternum
3203 2292 3394 2353 prae-

294 2385 500 2444 mium
541 2386 887 2461 recipient.

1773 2582 1924 2658 xm.

2895 2794 2928 2828 ,Ἰ
3052 2792 3251 2801 ,-..,-..

1526 2789 1618 2866 De
1670 2791 2162 2884 Desperatione.

381 3010 493 3072 50.
537 3009 737 3072 Sexta
770 2997 994 3072 autern
1031 3012 1248 3088 imago
1287 2992 1351 3072 in
1385 3012 1870 3088 significatione
1903 3012 2283 3088 desperatio
2334 2999 2456 3086 est,
2509 3015 2576 3071 et
2610 3001 2760 3087 pbs't
2792 2993 3077 3087 vestigia
3119 2992 3394 3071 infidelia

294 3112 453 3178 'tatis
490 3133 661 3178 suae
699 3117 964 3192 incedit,
1001 3118 1158 3193 quia
1196 3117 1406 3177 fomes
1443 3117 1623 3178 illius
1656 3122 1724 3177 et
1759 3117 2047 3177 aliorum
2072 3118 2392 3177 vitiorum
2428 3117 2679 3191 existit,
2709 3116 3023 3192 quoniam
3049 3130 3170 3173 nec
3199 3115 3262 3173 in
3297 3122 3398 3172 se-

294 3223 611 3299 metipsa,
649 3238 770 3282 nec
818 3224 886 3282 in
934 3222 1082 3282 istis
1131 3224 1336 3284 ullam
1386 3238 1568 3297 spem
1621 3222 1845 3293 habet,
1899 3222 2017 3283 sed
2065 3228 2169 3282 est
2217 3224 2412 3299 quasi
2446 3230 2577 3283 non
2612 3223 2721 3282 sit.
2757 3222 2837 3283 Et
2870 3221 3039 3280 hanc
3074 3220 3142 3279 in
3178 3221 3394 3279 forma

300 3326 614 3385 mulieris
647 3325 857 3401 videS,
895 3327 1072 3402 quod
1106 3331 1211 3386 est
1243 3325 1544 3386 defectus
1571 3332 1638 3385 et
1661 3326 1975 3385 debilitas
2011 3326 2223 3401 ipsius
2252 3326 2319 3384 in
2343 3324 2534 3385 bonis
2567 3327 2635 3384 et
2669 3325 2736 3389 in
2770 3325 2973 3384 rectis
3000 3322 3402 3383 consolatio:-

293 3429 526 3504 nibus,
565 3430 634 3488 in
665 3428 908 3504 quibus
940 3429 1194 3489 nullam
1241 3429 1618 3502 victoriam,
1657 3428 1773 3488 sed
1806 3428 2009 3487 vilem
2045 3428 2558 3504 trepidationem
2603 3426 2948 3487 muliebris
2997 3423 3393 3484 defectionis

295 3535 631 3610 ostendit,
666 3535 814 3610 ejus
847 3536 1048 3596 etiam
1084 3542 1286 3611 caput
1319 3536 1633 3596 muliebri
1666 3550 1853 3596 more
1889 3537 2241 3596 tenebroso
2290 3535 2620 3596 velamine
2667 3537 2916 3594 tectum
2951 3523 3076 3607 est,
3120 3547 3200 3592 ac
3247 3531 3399 3591 reli-

296 3658 510 3718 quum
548 3657 797 3717 corpus
830 3641 1183 3702 tenebroso
1216 3641 1600 3701 {ndumento
1652 3640 1977 3716 indutum,
2031 3642 2192 3717 quia
2239 3640 2516 3702 intentio
2561 3640 2772 3714 ipsius
2806 3637 3067 3714 fragilis
3113 3643 3183 3698 et
3216 3635 3395 3696 infir-²·

297 3748 427 3821 ina,
468 3762 556 3806 ac
590 3746 882 3806 tenebris
915 3746 1353 3806 desolationis
1387 3753 1454 3807 et
1484 3746 1849 3807 dubietatis
1885 3745 2322 3821 circumdata,
2360 3747 2582 3806 omnia
2617 3746 2877 3822 reliqua
2904 3743 3081 3804 facta
3106 3743 3251 3819 ejus
3285 3758 3400 3802 ve·-

298 3851 558 3910 raciter
591 3850 1077 3926 corruptibilia,
1128 3856 1196 3910 et
1243 3851 1414 3911 lucis
1450 3855 1528 3911 ac
1560 3850 1787 3927 gaudii
1834 3852 2237 3912 vestimento
2287 3853 2585 3911 carentia
2632 3851 2952 3925 declarem
2998 3850 3109 3909 ubi
3143 3848 3395 3908 nullam

296 3954 592 4027 gloriam
640 3954 877 4013 beatae
924 3954 1091 4030 spei,
1144 3954 1260 4015 sed
1307 3954 1597 4015 dedecus
1643 3947 2009 4016 dubietatis
2044 3946 2175 4018 sibi
2211 3943 2673 4033 circumponit:
2723 3972 2876 4017 nam
2928 3955 3230 4016 homines
3277 3968 3398 4027 per

298 4055 666 4117 Diabolum
697 4055 982 4132 decepti,
1020 4060 1170 4117 cum
1209 4058 1426 4133 gratia
1457 4058 1575 4118 Dei
1609 4074 1727 4134 per
1757 4059 2291 4136 desperationem
2323 4054 2654 4134 diffidunt,
2702 4058 2885 4119 omni
2919 4058 3091 4118 bono
3124 4055 3395 4133 superni

299 4157 576 4219 decoris
610 4171 683 4217 se
717 4158 1071 4220 denudant.
1105 4160 1287 4221 Unde
1325 4166 1391 4220 et
1425 4163 1577 4221 ante
1615 4160 1853 4221 faciem
1900 4161 2047 4237 eJus
2095 4150 2290 4239 quasi
2340 4178 2530 4222 mons
2564 4160 2861 4221 ardentis
2897 4157 3236 4235 sulphuris
3284 4173 3399 4232 ap·-

299 4266 522 4338 paret,
559 4264 874 4339 quoniam
906 4264 1021 4324 ubi
1057 4264 1438 4341 hujusmodi
1487 4264 1786 4325 homines
1835 4280 2066 4327 veram
2113 4266 2306 4326 fidem
2346 4267 2412 4326 in
2444 4256 2640 4327 beata
2676 4282 2793 4343 spe
2827 4266 3157 4340 inspicere
3204 4264 3400 4323 debe-

301 4374 476 4442 rent,
518 4367 609 4427 ibi
648 4368 1207 4442 desperationem,
1243 4371 1426 4429 velut
1456 4370 1526 4429 in
1559 4369 1909 4429 altitudine
1942 4367 2210 4445 m·ontiS‚
2249 4374 2315 4431 et
2345 4370 2774 4431 arefacientis
2801 4373 2867 4431 et
2896 4369 3202 4431 fleetentis
3238 4369 3398 4427 insi·

296 4456 600 4547 pientiae
626 4475 870 4546 tenent,
893 4488 1065 4548 quae
1094 4473 1504 4533 viriditatem
1532 4490 1610 4533 ac
1644 4473 1887 4533 bonum
1915 4474 2185 4533 odorem
2216 4475 2546 4535 virtutum
2572 4475 2831 4536 animae
2858 4466 3210 4548 abstrahit,
3238 4488 3398 4549 quea·

305 4576 742 4637 madmodum
791 4576 1072 4653 sulphur
1119 4593 1363 4653 corpus
1413 4577 1754 4638 arefacere
1801 4582 1869 4637 et
1919 4577 2171 4638 foetere
2222 4578 2400 4639 facit.
2450 4580 2529 4639 Et
2561 4579 2643 4639 ad
2677 4573 2984 4641 dextrum
3021 4583 3088 4637 et
3121 4575 3204 4636 ad
3238 4576 3398 4636 sinis

299 4686 522 4740 strum
558 4680 736 4739 latus
769 4679 914 4755 ejus
949 4682 1264 4741 similiter
1295 4682 1491 4758 quasi
1525 4699 1715 4742 mons
1764 4683 2068 4758 ejusdem
2116 4684 2460 4758 sulphuris
2507 4691 2633 4759 est,
2684 4684 2843 4760 quia
2875 4681 2990 4743 ubi
3023 4681 3225 4742 corda
3271 4696 3395 4740 sua

304 4783 373 4845 in
406 4783 586 4844 bono
620 4782 702 4842 ad
737 4783 944 4843 Deum
979 4786 1171 4860 quasi
1203 4787 1267 4847 in
1297 4785 1530 4847 dextra
1555 4787 1874 4847 deberent
1895 4782 1946 4867 ²)
1975 4788 2258 4864 erigere,
2290 4795 2357 4848 et
2391 4789 2640 4848 malurn
2675 4789 2857 4848 velut
2892 4788 2956 4847 in
2990 4786 3260 4847 sinistra
3295 4801 3396 4844 re·-

298 4903 571 4963 spuere,
609 4888 701 4947 ibi
736 4888 804 4948 in
838 4888 1171 4950 mentibus
1206 4890 1348 4950 suis
1382 4891 1725 4952 sufflatum
1771 4893 2109 4968 elationis,
2160 4894 2229 4953 in
2282 4893 2772 4954 ferventissimo
2822 4908 2901 4952 ac
2951 4893 3014 4951 in
3056 4890 3397 4951 amarissi-

302 5009 414 5053 mo
449 4992 682 5052 dolore
715 4995 784 5052 et
817 4994 1217 5055 contritione
1248 4993 1736 5071 desperationis
1771 4996 2039 5074 habent,
2074 4997 2157 5059 de
2191 4998 2488 5060 bonitate
2514 4998 2632 5058 Dei
2664 4997 2828 5057 nihil
2864 4996 3255 5071 cogitantes,
3284 4995 3398 5051 aut

380 5147 427 5213 Ι)
452 5164 651 5218 semper
676 5147 1003 5219 objiciamus
1028 5146 1094 5204 A.
1127 5179 1192 5189 --
1219 5151 1263 5215 2)
1291 5150 1495 5207 deberet
1519 5151 1584 5206 Α.
