4036 6117
689 449 822 515 942
1835 469 1888 515 s.
1948 470 2508 519 ntnnsoanms

618 584 747 645 hus
782 587 1108 663 scriptum
1142 593 1266 646 est:
1306 587 1466 646 Oves
1514 589 1586 646 in
1623 589 1891 667 inferno
1925 593 2129 667 positi
2162 599 2339 665 sunt3
2390 587 2435 668 ¹)
2472 597 2540 650 et
2574 597 2726 650 sunt
2775 606 2946 666 quos
2978 607 3258 651 acumen
3310 590 3562 666 ingenii
3595 590 3721 650 sat-

619 691 765 751 lens
825 693 891 752 in
939 692 1249 752 tenebras
1309 692 1679 767 injustitiae
1734 694 2086 770 demergit,
2139 698 2326 756 velut
2374 703 2442 755 et
2489 696 2726 757 oculus
2776 697 2980 757 nimio
3031 698 3197 757 solis
3247 699 3496 757 lumine
3547 697 3723 757 infu-

624 813 765 873 suS,
825 797 1227 858 obscuratur
1275 798 1498 873 potius
1555 815 1755 874 quam
1805 801 2140 861 clarescit.
2193 801 2316 860 Sed
2366 801 2718 860 dicendum
2768 802 2925 876 quia
2977 801 3153 861 sicut
3200 801 3381 861 aliud
3431 800 3718 873 simplex

622 900 1023 977 ignorantia,
1076 901 1256 961 aliud
1306 903 1599 961 caecitas
1648 903 1886 962 merito
1937 904 2370 964 obstinationi
2425 905 2701 974 inflicta,
2755 905 2847 964 ita
2880 907 2949 964 et
2996 904 3103 964 his
3149 905 3263 981 qui
3315 903 3721 979 simpliciter

624 1005 966 1081 ignorant,
1026 1011 1093 1065 et
1142 1011 1391 1079 errant,
1442 1022 1937 1081 nonnumquam
1986 1014 2102 1066 aut
2152 1024 2270 1084 per
2320 1010 2648 1068 internam
2700 1009 3200 1083 aspirationem,
3259 1015 3375 1068 aut
3419 1023 3541 1083 per
3589 1004 3726 1065 fra-

623 1114 885 1169 ternam
942 1111 1486 1170 ammonitionem
1541 1111 1766 1170 divina
1823 1113 2134 1172 subvenit
2191 1114 2569 1175 clementia.
2629 1115 2767 1174 Hos
2815 1131 2975 1174 vero
3034 1132 3204 1191 quos
3252 1115 3471 1175 inanis
3531 1114 3723 1173 inflat

628 1212 933 1287 scientia,
984 1219 1050 1272 et
1083 1213 1197 1289 qui
1246 1215 1478 1274 contra
1527 1215 1879 1274 consilium
1915 1216 2323 1294 Scripturae,
2376 1234 2539 1278 suae
2590 1219 2965 1278 innituntur
3012 1219 3430 1294 prudentiae,
3483 1217 3719 1276 distri-

629 1320 740 1375 cto
781 1315 956 1375 Deus
1004 1315 1311 1376 deferens
1355 1317 1631 1393 judicic,
1686 1320 1751 1378 in
1786 1321 2146 1395 reprobum
2194 1323 2590 1397 plerumque
2642 1321 2846 1382 tradit
2896 1338 3189 1396 sensum,
3242 1327 3315 1383 ut
3350 1321 3598 1381 faciant
3643 1337 3729 1381 ea

583 1474 588 1480 .
631 1434 805 1494 quae
852 1435 983 1479 non
1016 1421 1445 1490 conveniunt,
1497 1422 1671 1481 sicut
1718 1424 1812 1482 ait
1844 1425 2191 1499 propheta:
2247 1427 2592 1502 Sapientes
2636 1432 2709 1484 ut
2741 1427 2997 1503 faciant
3045 1427 3242 1486 mala.
3275 1423 3328 1504 ²)
3362 1425 3456 1484 De
3503 1425 3611 1485 his
3657 1432 3731 1484 et

630 1517 971 1581 Dominus:
1025 1522 1237 1612 Sinite
1296 1526 1469 1600 illos,
1521 1529 1695 1586 caeci
1753 1534 1907 1586 sunt
1957 1528 2156 1588 duces
2213 1547 2575 1589 caecorum.
2632 1530 2874 1590 Caecus
2923 1536 3147 1589 autem
3202 1533 3259 1590 si
3308 1504 3495 1590 caeco
3528 1531 3731 1590 duca·-

633 1631 779 1685 tum
817 1626 1154 1704 praebeat,
1203 1646 1424 1689 nonne
1473 1629 1654 1688 ambo
1688 1632 1760 1690 in
1807 1634 2064 1709 foveam
2111 1634 2394 1693 cadunt?
2422 1625 2472 1710 ⁸)
2526 1633 2921 1708 Hujusmodi
2970 1634 3266 1710 loquitur
3306 1634 3542 1694 Isaias:
3604 1633 3730 1691 Vae

630 1732 748 1808 qui
796 1733 1125 1807 sapientes
1173 1735 1329 1792 estis
1363 1735 1433 1793 in
1485 1735 1690 1795 oculis
1738 1737 1995 1808 vestriS,
2049 1743 2111 1793 et
2162 1753 2382 1796 coram
2428 1739 2838 1814 vosmetipsis
2879 1739 3273 1814 prudentes,
3317 1735 3366 1817 ⁴)
3416 1738 3485 1798 in
3534 1738 3730 1814 cujus

633 1831 1085 1895 devotationis
1155 1836 1413 1896 foveam
1473 1853 1554 1895 ne
1613 1837 1910 1898 incidant
1970 1839 2318 1916 discipuli,
2377 1841 2703 1915 magister
2759 1845 3127 1916 ammonet,
3188 1840 3449 1901 dicens:
3510 1842 3732 1901 Nolite

636 1956 775 2004 esse
817 1942 1187 2017 prudentes
1236 1943 1418 2020 apud
1456 1949 1698 2002 vosmet
1748 1946 1944 2020 ipsos.
1978 1938 2027 2022 ⁵)
2079 1945 2248 2015 Quia
2296 1961 2454 2005 vero
2504 1951 2572 2004 et
2604 1944 2969 2007 secundum
3018 1944 3477 2020 Evangelium,
3528 1947 3602 2003 in
3622 1941 3736 2018 ju-

636 2043 889 2104 dicium
937 2045 1256 2105 Dominus
1304 2049 1482 2106 venit
1533 2049 1604 2123 in
1654 2051 1830 2107 hunc
1875 2048 2228 2120 mundum,
2281 2058 2352 2108 ut
2403 2052 2519 2126 qui
2566 2066 2703 2109 non
2750 2050 2976 2108 vident
3026 2047 3317 2122 videant,
3369 2053 3431 2107 et
3480 2051 3595 2124 qui
3640 2049 3737 2106 vi-

637 2144 822 2221 dent,
873 2151 1048 2209 caeci
1093 2150 1279 2227 fiant5
1326 2145 1374 2228 ⁶)
1425 2152 1492 2210 et
1534 2151 1723 2226 juxta
1770 2151 2163 2227 Apostolum
2217 2152 2626 2227 repudianda
2683 2158 2839 2212 sunt
2885 2168 2964 2210 ea
3000 2166 3171 2227 quae
3220 2157 3377 2211 sunt
3425 2152 3736 2226 parvulo-

643 2265 814 2326 rum,
865 2253 1181 2329 quoniam
1229 2257 1438 2314 omnis
1485 2257 1600 2332 qui
1636 2256 1824 2315 lactis
1873 2262 1967 2315 est
2002 2259 2371 2333 particeps,
2423 2275 2664 2334 expers
2699 2261 2794 2315 est
2845 2258 3164 2316 sermonis
3194 2252 3539 2328 justitiae,
3584 2274 3738 2332 par-2

640 2360 836 2419 vulus
869 2365 1052 2421 enim
1084 2368 1202 2437 est3
1237 2358 1286 2440 ⁷)
1323 2367 1390 2421 et
1439 2363 1595 2422 item
1633 2362 1999 2422 secundum
2033 2361 2362 2436 eumdem,
2415 2378 2545 2422 non
2576 2367 2681 2421 est
2714 2360 3107 2437 sapiendum
3154 2361 3510 2436 plusquam
3544 2375 3741 2433 opor-⁷

644 2462 770 2537 tet,
823 2463 941 2522 sed
999 2465 1392 2539 sapiendum
1441 2467 1523 2526 ad
1558 2467 2094 2544 temperantiam,
2148 2466 2311 2526 illud
2358 2467 2535 2528 inter
2583 2467 2749 2526 haec
2797 2466 3151 2525 tenendum
3202 2473 3307 2526 est
3355 2466 3733 2538 consilium,

589 2575 595 2582 ⁴
643 2567 823 2643 quod
868 2567 1189 2629 Dominus
1240 2571 1306 2630 in
1347 2571 1707 2646 Evangelio
1761 2572 2018 2644 tribuit,
2071 2571 2321 2631 dicens:
2360 2572 2578 2634 Estote
2622 2571 2990 2648 prudentes
3040 2573 3208 2630 sicut
3260 2577 3626 2646 serpentes,
3677 2578 3736 2630 et

646 2674 980 2750 simplices
1029 2677 1196 2733 sicut
1247 2674 1598 2749 columbae,
1646 2669 1698 2753 ⁸)
1735 2681 1802 2734 et
1836 2675 2220 2750 Apostolus:
2282 2674 2430 2734 Volo
2473 2693 2580 2734 vos
2621 2676 2991 2752 prudentes
3037 2677 3112 2734 in
3159 2674 3338 2743 bone,
3377 2681 3440 2733 et
3491 2675 3740 2751 simpli-

648 2796 754 2837 ces
787 2779 859 2836 in
904 2778 1100 2852 male,
1136 2773 1185 2856 ⁹)
1220 2785 1288 2838 et
1336 2794 1625 2839 rursum:
1677 2778 1895 2838 Nolite
1945 2780 2120 2857 effici
2163 2781 2364 2855 pueri
2414 2778 2733 2852 sensibuS,
2796 2780 2910 2837 sed
2957 2779 3221 2838 malitia
3263 2779 3535 2855 parvuli
3584 2789 3740 2837 esto-

649 2885 736 2940 te:
768 2876 815 2959 ¹)
867 2882 1044 2942 sicut
1076 2898 1234 2958 ergo
1284 2884 1448 2942 nulli
1483 2883 1689 2942 Deum
1724 2883 1790 2942 in
1822 2884 2108 2942 veritate
2141 2883 2490 2960 quaerenti
2538 2882 3004 2959 desipiendum
3063 2887 3190 2956 est,
3243 2883 3334 2941 ita
3375 2898 3498 2940 nec
3543 2883 3737 2941 alicui

640 2983 782 3060 jam
815 2984 1070 3061 aliquid
1117 2986 1452 3046 invenisse
1502 2987 1608 3046 vel
1641 2987 1985 3062 accepisse
2037 3002 2108 3045 se
2141 2987 2521 3063 confidenti,
2574 2988 2708 3047 alte
2746 2986 3163 3063 sapiendum,
3217 2986 3333 3045 sed
3372 2987 3738 3047 timendum

647 3103 914 3164 semper
960 3093 1027 3150 et
1073 3089 1438 3152 humilibus
1485 3092 2067 3167 consentiendum,
2128 3092 2287 3169 quia
2344 3095 2519 3153 Deus
2571 3092 2867 3171 superbis
2916 3094 3208 3162 resistit,
3266 3099 3326 3151 et
3377 3092 3737 3154 humilibus

653 3191 764 3254 dat
796 3196 1099 3270 qratiam.
1133 3190 1185 3272 ²)

2131 3440 2266 3500 XII.

749 3684 1192 3746 considerans
1233 3700 1417 3758 ergO,
1469 3684 1559 3743 fili
1609 3682 2032 3755 charissime,
2085 3682 2151 3740 et
2183 3680 2361 3756 quod
2412 3681 2725 3757 ignorans
2777 3681 3218 3758 ignorabitur,
3271 3680 3447 3756 quod
3505 3678 3744 3738 multae

661 3791 928 3852 litterae
977 3790 1312 3867 quondam
1361 3789 1444 3848 ad
1490 3788 1820 3847 insaniam
1869 3790 2272 3862 provocant,
2334 3791 2565 3861 satage
2614 3789 2687 3847 ut
2736 3786 2802 3846 in
2857 3786 2983 3845 hac
3031 3790 3166 3846 tam
3209 3784 3592 3862 periculosa
3639 3781 3745 3839 via

658 3899 955 3969 cautum,
1007 3911 1136 3956 non
1172 3911 1506 3967 securum,
1561 3893 1986 3966 mediocrem,
2039 3906 2173 3950 non
2216 3892 2538 3950 terminos
2573 3910 2610 3951 a
2644 3891 2951 3967 patribus
3000 3892 3258 3966 positos
3292 3888 3741 3960 excedentem,

663 3998 730 4057 id
776 4001 882 4059 est
912 4015 1127 4077 neque
1175 3999 1257 4059 ad
1291 3999 1655 4071 dexteram,
1707 4011 1920 4072 neque
1957 3995 2040 4055 ad
2089 3994 2433 4053 sinistram
2469 3994 2915 4056 declinantem
2948 3995 3275 4054 viatorem
3311 4001 3376 4054 te
3411 3991 3744 4051 exhibeas.

659 4100 743 4162 Et
773 4117 934 4162 cave
971 4103 1301 4178 ignorare,
1354 4119 1434 4162 ne
1467 4101 1820 4177 ignoreris3
1872 4104 1939 4158 et
1971 4099 2374 4174 pertimesce
2416 4098 2673 4168 extolli,
2725 4116 2806 4158 ne
2841 4099 3244 4175 reproberis;
3295 4112 3417 4157 nec
3452 4110 3739 4171 unquam

660 4209 731 4263 te
779 4205 884 4263 vel
919 4205 1229 4264 remissio
1278 4204 1575 4264 desidiae
1626 4203 1917 4275 hebetet,
1969 4217 2094 4260 nec
2143 4200 2419 4261 ambitio
2468 4202 2722 4275 gloriae
2772 4208 2837 4261 te
2885 4202 3123 4272 elevet,
3177 4202 3250 4259 ut
3283 4199 3544 4258 sincere
3595 4211 3742 4255 cum

667 4307 783 4367 illo
833 4324 1030 4385 quem
1090 4308 1418 4367 invenerit
1463 4307 1639 4367 Deus
1676 4304 2042 4365 secundum
2090 4320 2207 4365 cor
2253 4320 2473 4377 suum,
2525 4306 2749 4380 possis
2797 4305 3040 4364 dicere:
3105 4305 3405 4376 Domine,
3471 4320 3607 4360 non
3654 4308 3745 4360 est

665 4416 1035 4476 exaltatum
1072 4433 1179 4475 cor
1211 4433 1455 4489 meum,
1505 4433 1717 4491 neque
1752 4414 1913 4472 elati
1947 4418 2101 4471 sunt
2146 4413 2319 4472 oculi
2366 4416 2521 4471 mei.
2554 4404 2604 4489 ³)
2655 4414 2752 4472 Ita
2790 4413 2961 4472 inter
3003 4418 3140 4472 tam
3188 4411 3496 4485 dispares
3530 4409 3599 4466 et
3645 4420 3752 4480 pe-

670 4520 905 4581 riculis
962 4520 1281 4581 obnoxios
1330 4520 1509 4579 vitae
1565 4518 1765 4594 hujus
1815 4516 2159 4588 affractuS,
2196 4521 2272 4575 ut
2320 4517 2521 4592 vulgo
2570 4516 2840 4591 dicitur,
2902 4515 3119 4575 medio
3168 4513 3552 4574 tutissimus
3604 4510 3752 4582 ibis,

668 4625 829 4701 quia
878 4626 1096 4685 virtus
1129 4630 1233 4684 est
1281 4624 1573 4684 medium
1619 4622 1964 4695 vitiorum,
2015 4623 2084 4680 et
2117 4620 2430 4695 utrinque
2476 4621 2846 4680 reductum.
2897 4621 2981 4680 Ut
3012 4634 3172 4694 ergo
3207 4617 3290 4678 ad
3339 4617 3662 4676 honorem
3694 4616 3757 4679 et

669 4728 954 4804 gloriam
1003 4728 1256 4788 datoris
1290 4728 1489 4801 sciaS,
1542 4724 1608 4787 et
1646 4725 1728 4786 ad
1764 4725 2049 4785 salutem
2101 4722 2348 4783 habeas
2383 4738 2555 4798 quae
2606 4729 2762 4783 sunt
2794 4728 2860 4783 et
2901 4720 3344 4783 communiter
3390 4733 3539 4777 cum
3578 4716 3754 4776 omni

750 4947 793 5013 ¹)
833 4948 924 5004 Ps.
968 4947 1227 5009 ΧῐΝιιι,
1277 4949 1358 5001 15.
1391 4946 1527 5007 -···)
1553 4945 1757 5000 serem.
1787 4942 1890 5004 lv,
1920 4945 2005 4997 22.
2037 4970 2105 4981 --
2184 4970 2189 4975 -
2269 4929 2352 4980 ¹³.
2476 4925 2523 4992 ⁸)
2550 4927 2755 4983 Matth.
2784 4926 2860 4990 x,
2894 4930 2977 4982 19.
3020 4955 3087 4964 --
3111 4924 3157 4987 ⁹)
3181 4923 3344 4978 Rom.
3386 4918 3545 4980 xv1.
3579 4921 3664 4973 ¹9.
3693 4946 3758 4955 ω

679 5033 727 5097 ⁸)
753 5032 959 5089 matth.
991 5032 1121 5095 xv,
1149 5034 1231 5088 14.
1263 5061 1331 5073 -·-
1374 5029 1418 5094 ⁴)
1442 5030 1513 5085 1s.
1561 5029 1776 5093 1v‚21.
1820 5058 1888 5069 -
1936 5029 1981 5093 ⁵)
2008 5028 2171 5083 Rom.
2266 5013 2311 5079 ¹)
2348 5014 2473 5071 Cor.
2518 5015 2677 5080 xlv,
2722 5018 2808 5071 2⁰.
2961 5016 3007 5081 ²)
3050 5013 3166 5069 Jac-
3213 5010 3318 5073 IV.
3366 5012 3417 5065 ⁶·
3465 5038 3532 5047 --
3576 5004 3624 5068 ⁸)
3666 5004 3755 5062 Ps.

682 5121 817 5187 ΧΠ,
853 5127 931 5179 16.
1085 5124 1132 5188 ⁶)
1158 5125 1316 5179 Joan.
1361 5120 1464 5185 IX,
1508 5124 1594 5175 39.
1757 5117 1802 5179 ⁷)
1847 5114 2026 5171 Hebr.
2070 5113 2144 5176 V,
2269 5104 2499 5169 CXXX,
2537 5111 2581 5160 1.
