4036 6117
1306 519 1544 567 menn
1591 520 1794 567 vrmz
1841 517 2343 570 nnmronum.
2394 526 2452 570 Ρ.
2504 525 2567 569 ν.
3284 513 3403 574 211

1854 745 2007 807 LVI.

1200 952 1293 1012 De
1335 969 1554 1030 poena
1597 951 1784 1013 illius
1830 956 1947 1031 qui
1993 955 2218 1015 omnia
2266 952 2386 1015 sibi
2432 956 2656 1017 trahit.

482 1160 586 1221 74.
615 1161 739 1233 Qui
766 1161 941 1221 enim
976 1161 1333 1223 avaritiam
1366 1161 1465 1222 sic
1500 1164 1837 1241 sequitur,
1875 1163 2052 1241 quod
2088 1166 2311 1226 omnia
2345 1180 2516 1242 quae
2549 1170 2792 1242 potest,
2830 1166 2984 1226 aliis
3019 1165 3378 1242 subtrahit,
3415 1173 3483 1227 et

386 1281 471 1325 ea
505 1265 632 1327 sibi
667 1265 973 1343 attrahit,
1023 1282 1146 1327 nec
1193 1266 1389 1343 quasi
1437 1267 1728 1345 lapidem
1777 1284 1981 1345 super
2030 1268 2321 1346 lapidem
2374 1269 2676 1346 dimittit,
2737 1269 3155 1330 substantias
3210 1270 3484 1331 illorum

387 1369 758 1431 crudeliter
802 1368 1269 1447 dispergendo,
1305 1376 1374 1430 et
1405 1386 1525 1446 per
1573 1369 1700 1433 hoc
1746 1388 2079 1449 pauperes
2125 1379 2194 1433 et
2240 1388 2487 1450 egenos
2534 1378 2603 1434 et
2633 1377 3026 1450 peccatores
3060 1387 3261 1448 saepe
3296 1372 3478 1449 facit,

387 1473 707 1551 pessimis
742 1474 1001 1550 poenis,
1037 1480 1111 1534 ut
1143 1473 1526 1551 praefatum
1557 1481 1686 1553 est,
1731 1477 2133 1553 subjacebit,
2168 1478 2302 1537 nisi
2334 1493 2453 1554 per
2494 1478 2782 1553 gratiam
2813 1476 2932 1537 Dei
2964 1475 3376 1554 poenitentia
3408 1478 3486 1539 il-

389 1578 532 1638 lum
563 1579 973 1655 purgaverit.
1010 1578 1177 1640 Nam
1210 1580 1394 1640 omni
1425 1586 1726 1656 tempore
1758 1586 2151 1659 perscrutor
2190 1584 2258 1643 et
2288 1582 2648 1659 perspicio,
2685 1581 3015 1658 quomodo
3049 1581 3337 1658 quisque
3370 1581 3487 1643 ho-

391 1701 504 1746 mo
537 1685 608 1745 in
637 1683 749 1744 via
784 1683 1208 1745 rectitudinis
1243 1684 1527 1762 incedat,
1566 1686 2130 1762 quemadmodum
2160 1686 2393 1764 David,
2432 1702 2671 1747 servus
2704 1701 2891 1747 meus
2923 1685 3317 1764 prophetico
3350 1686 3487 1760 spi-

391 1788 530 1851 ritu
563 1788 958 1866 inspiratus,
993 1787 1437 1866 demonstrat,
1475 1789 1590 1851 ubi
1625 1789 1810 1852 dicit:

1844 1999 2028 2062 LVII.

1705 2208 1906 2271 Verba
1951 2211 2184 2271 David.

487 2414 593 2477 75.
644 2415 821 2478 Deus
852 2415 934 2476 de
967 2415 1143 2477 coelo
1168 2418 1515 2494 prospexit
1567 2434 1768 2493 super
1809 2417 1977 2496 filios
2026 2417 2407 2492 hominum,
2457 2423 2528 2475 ut
2563 2417 2782 2477 videat
2830 2418 2887 2476 si
2919 2422 3015 2478 est
3062 2416 3470 2496 intelliqens,

396 2527 519 2581 aut
543 2523 894 2599 requirens
920 2520 1157 2582 Deum.
1182 2516 1227 2600 ¹)
1257 2519 1442 2592 Quod
1466 2520 1671 2580 etiarn
1698 2519 1799 2580 sic
1824 2519 2328 2596 intelligendum
2354 2526 2477 2580 est.
2508 2519 2631 2591 Qui
2665 2520 2888 2581 omnia
2919 2519 3239 2599 condidit,
3274 2522 3355 2583 de
3383 2538 3488 2583 se·-

390 2633 585 2687 creto
633 2631 1050 2687 secretorum
1097 2641 1373 2689 suorum
1420 2624 1750 2701 prospicit
1797 2640 2000 2701 super
2034 2626 2185 2686 illos
2234 2626 2350 2701 qui
2383 2625 2503 2684 filii
2553 2626 2777 2685 carnis
2826 2629 3005 2702 sunt,
3057 2625 3320 2687 scilicet
3366 2627 3487 2704 qui

390 2730 758 2792 carnaliter
790 2729 1125 2807 incedunt,
1159 2736 1236 2792 ut
1265 2729 1607 2791 discernat
1639 2730 1928 2805 qualiter
1959 2728 2497 2790 commendatum
2530 2730 2630 2789 eis
2665 2729 2988 2790 talentum
3025 2730 3474 2807 lucrifaciant;

390 2832 713 2910 quoniam
744 2831 1015 2893 divinus
1062 2837 1380 2910 aspectus
1414 2830 1808 2893 acutissime
1853 2830 2258 2909 considerat,
2293 2831 2479 2908 quali
2525 2830 2967 2907 intelligentia
3001 2832 3069 2891 in
3106 2833 3381 2909 speculo
3414 2833 3487 2895 fi-

386 2939 503 3001 dei
532 2954 685 2999 eum
730 2938 1114 3016 inspiciant,
1150 2941 1217 3000 et
1264 2938 1449 3015 quali
1487 2937 1921 3015 inquisitione
1969 2938 2287 3014 puritatis
2320 2953 2473 2998 eum
2522 2936 2888 3013 requirant.
2939 2935 3268 3009 Quamdiu
3301 2938 3480 2999 enim

388 3045 619 3106 anima
667 3044 734 3104 in
780 3060 979 3105 carne
1026 3042 1201 3105 bona
1248 3057 1454 3121 opera
1501 3047 1841 3121 operatur,
1891 3041 2101 3104 Deum
2133 3057 2253 3120 per
2285 3047 2557 3119 gustum
2605 3041 2988 3104 sanctitatis
3036 3042 3372 3120 intelligit;
3409 3048 3479 3105 et

391 3147 717 3226 quamdiu
771 3147 968 3209 fldem
1023 3148 1107 3209 ad
1153 3149 1394 3208 bonam
1452 3147 2098 3208 consummationem
2153 3162 2305 3207 cum
2353 3146 2721 3207 virtutibus
2768 3147 3107 3224 producit,
3154 3146 3360 3207 Deum
3421 3148 3488 3209 in

392 3253 671 3331 speculo
720 3252 1153 3315 fidelissimae
1190 3254 1508 3331 puritatis
1557 3252 1957 3330 requirendo
2004 3253 2352 3329 conspicit.
2401 3251 2584 3312 Unde
2629 3257 2697 3311 et
2728 3251 2905 3312 Deus
2953 3250 3482 3328 profundissimo

309 3347 322 3356 ”
393 3357 645 3418 intuitu
676 3356 881 3434 videt,
918 3371 1053 3435 quo
1083 3357 1308 3419 studio
1341 3373 1496 3418 eum
1531 3357 1863 3433 intelligat
1910 3362 1977 3416 et
2011 3357 2334 3433 requirat,
2385 3358 2453 3416 et
2492 3370 2624 3432 quo
2673 3361 2944 3432 torpore
2992 3370 3144 3415 eum
3192 3354 3487 3431 negligat

389 3467 467 3523 et
507 3461 862 3539 relinquat,
913 3463 1230 3540 quoniam
1277 3463 1636 3540 unicuique
1688 3461 2053 3524 secundum
2105 3476 2310 3538 opera
2358 3476 2481 3522 sua
2524 3459 2779 3536 justam
2828 3460 3336 3522 retributionem
3387 3473 3488 3522 re-

391 3573 807 3645 compensat.

1835 3778 2055 3839 LVIII.

1235 3987 1419 4060 Quod
1464 3988 1749 4048 avaritia
1794 4003 2028 4065 corpus
2073 3987 2357 4066 hominis
2405 3987 2653 4065 aufert.

497 4192 604 4254 76.
636 4193 977 4256 Avaritiae
1009 4199 1236 4255 autem
1269 4195 1519 4257 malurn
1550 4195 1921 4273 pessimum
1953 4194 2205 4254 malum
2237 4199 2365 4270 est,
2401 4209 2481 4253 ac
2514 4193 2841 4269 plurimos
2877 4192 2943 4253 in
2986 4192 3328 4255 interitum
3378 4193 3498 4254 du-

404 4298 521 4360 cit.
567 4297 734 4359 Nam
778 4314 912 4360 non
958 4299 1177 4359 solum
1224 4314 1306 4360 ea
1353 4315 1526 4377 quae
1572 4306 1759 4361 extra
1808 4315 2057 4376 corpus
2105 4298 2397 4360 hominis
2446 4303 2625 4374 sunt,
2676 4297 2927 4359 homini
2975 4297 3342 4378 abstrahit,
3379 4300 3497 4361 sed

403 4407 478 4461 et
509 4416 752 4479 corpus
783 4403 931 4480 ejus
964 4403 1095 4480 ipsi
1129 4401 1370 4465 aufert.

1830 4612 2073 4675 LVIIII.

1378 4825 1561 4899 Quod
1610 4825 1780 4884 latro
1828 4822 2177 4885 Diabolum
2226 4827 2551 4886 imitatur.

504 5031 605 5093 77.
660 5029 870 5093 Homo
919 5031 1096 5093 enirn
1147 5033 1570 5095 latrocinium
1619 5049 1957 5109 exercenS,
2004 5034 2356 5095 Diabolum
2393 5034 2713 5110 imitatur,
2767 5033 2924 5110 quia
2975 5033 3147 5093 sicut
3183 5029 3501 5092 Diabolus

493 5200 535 5266 ¹)
561 5200 651 5264 Ps.
683 5198 844 5265 xm.
875 5204 923 5257 2.
