4036 6117
721 409 853 468 364
1851 423 1903 468 s,
1954 421 2505 470 mant-:clinum

718 544 961 604 Postea
1009 543 1235 620 posuit
1279 542 1456 604 Deus
1491 544 1889 620 sapientiam
1939 546 2006 604 in
2040 561 2305 606 aurora.
2355 545 2519 620 Ach,
2555 544 2704 620 ach,
2755 545 2905 607 achi

713 648 795 707 Et
831 648 988 707 fecit
1022 649 1537 708 instrumentum
1578 649 1642 707 in
1692 649 2080 725 semetipse,
2133 649 2393 710 scilicet
2434 665 2745 726 magnum
2791 656 3083 710 montem
3111 650 3438 726 justitiae.
3479 650 3607 723 He,
3643 649 3720 708 he

620 752 729 812 he!
779 753 964 813 Nunc
992 753 1259 829 justitia
1291 754 1536 813 montis
1572 753 1750 813 facta
1781 758 1885 812 est
1916 754 2051 828 via,
2085 753 2271 814 velut
2304 756 2564 828 umbra,
2600 771 2722 831 per
2754 755 3061 829 gulosam
3104 755 3285 816 viam
3317 754 3713 814 errantium.

708 859 834 919 Sed
868 862 961 934 tu,
1015 878 1052 920 o
1090 859 1411 919 fortitudo
1445 859 1715 933 montiS,
1768 875 1898 918 non
1936 865 2162 918 tamen
2194 861 2462 920 omnino
2512 865 2585 919 tu
2617 859 2949 934 tabesceS,
3001 857 3117 918 sed
3153 857 3219 916 in
3250 858 3386 918 alta
3420 856 3720 916 fenestra

623 980 888 1040 surgeS,
919 981 1070 1024 cum
1103 965 1354 1025 multae
1388 965 1654 1040 aquilae
1687 966 2016 1042 aspicient
2051 965 2118 1025 in
2149 970 2237 1026 te.

713 1069 763 1129 O
797 1085 1039 1144 magna
1073 1084 1204 1143 reS,
1251 1084 1423 1145 quae
1458 1070 1524 1129 in
1557 1070 1739 1129 nullo
1774 1071 2139 1130 constituto
2174 1070 2395 1143 latuit,
2430 1070 2527 1129 ita
2559 1069 2738 1146 quod
2772 1086 2904 1129 non
2936 1076 3042 1130 est
3077 1068 3276 1142 facta,
3328 1083 3453 1127 nec
3487 1071 3717 1126 creata

625 1177 711 1237 ab
744 1178 907 1250 u110,
946 1176 1062 1235 sed
1099 1176 1165 1235 in
1202 1192 1274 1236 se
1311 1177 1454 1252 ipsa
1486 1178 1852 1252 permanet.

713 1280 765 1340 Ο
812 1282 977 1354 vita,
1037 1297 1209 1357 quae
1259 1279 1616 1340 surrexisti
1673 1280 1739 1338 in
1785 1295 2059 1353 aurora,
2120 1280 2188 1339 in
2234 1295 2368 1356 qua
2423 1295 2707 1356 magnus
2756 1295 2872 1339 rex
2929 1278 3363 1355 sapientiam,
3422 1290 3609 1353 quae
3655 1273 3719 1333 in

625 1387 900 1461 antiquo
957 1385 1132 1461 apud
1187 1385 1407 1444 virum
1464 1384 1835 1479 sapientem
1892 1382 2057 1459 fuit,
2115 1384 2646 1444 misericorditer
2703 1382 3201 1457 manifestavit,
3258 1381 3417 1458 quia
3476 1378 3720 1439 mulier

626 1503 746 1564 per
779 1487 1079 1546 foramen
1111 1489 1371 1563 antiqui
1402 1486 1764 1563 perditoris
1800 1489 2082 1547 mortem
2118 1487 2417 1548 intravit.

717 1593 768 1652 O
803 1592 1047 1652 luctus!
1089 1592 1229 1652 Ach
1262 1591 1551 1652 moeror!
1596 1592 1691 1651 He
1724 1592 2056 1666 planctus,
2092 1593 2207 1668 qui
2243 1593 2309 1651 in
2342 1590 2622 1650 muliere
2654 1589 2987 1649 aedificati
3021 1588 3200 1649 sunt!

717 1699 769 1756 O
803 1714 1068 1772 aurora,
1107 1695 1272 1756 haec
1306 1695 1581 1755 abluisti
1618 1695 1685 1754 in
1719 1694 1933 1754 forma
1970 1694 2253 1755 feminae
2287 1696 2535 1754 castae.

717 1804 769 1861 O
805 1802 1089 1861 feminea
1124 1800 1360 1875 forma,
1399 1815 1593 1859 soror
1625 1799 2026 1874 Sapientiae,
2079 1815 2282 1876 quam
2314 1799 2613 1876 gloriosa
2644 1797 2743 1857 esi
2800 1796 3128 1869 Quoniam
3165 1793 3550 1855 fortissima
3581 1790 3717 1849 vita

629 1908 697 1966 in
729 1909 794 1967 te
830 1906 1143 1979 surrexit,
1181 1920 1382 1981 quam
1417 1919 1601 1964 mors
1636 1919 1975 1980 nunquam
2010 1902 2391 1963 suffocabit.

718 2011 807 2069 Te
841 2009 1179 2087 Sapientia
1212 2009 1447 2083 erexit,
1500 2009 1590 2069 ita
1626 2009 1803 2084 quod
1835 2024 2067 2068 omnes
2100 2011 2449 2069 creaturae
2480 2022 2601 2084 per
2632 2013 2700 2066 te
2732 2011 3010 2067 ornatae
3042 2010 3222 2080 sunt,
3261 2004 3330 2063 in
3365 2001 3716 2062 meliorem

627 2123 887 2193 partem
923 2132 1125 2193 quam
1161 2114 1227 2174 in
1260 2114 1477 2190 primo
1513 2113 1913 2188 acciperent.
1949 2112 2133 2173 Unde

1815 2216 1866 2277 O
1900 2217 2379 2278 viridissima...

1878 2313 2175 2378 (Cantilen.
2203 2331 2259 2370 n.
2292 2312 2471 2382 LIX.)

713 2413 899 2473 Haec
930 2412 1153 2473 omnia
1184 2410 1321 2469 Eva
1354 2409 1777 2485 contempsit.
1813 2408 1998 2468 Nunc
2032 2411 2253 2469 autem
2290 2409 2439 2468 laus
2474 2407 2564 2467 sit
2597 2404 2967 2466 AltissimO.

1821 2511 1872 2572 O
1906 2512 2098 2587 virga
2133 2513 2549 2574 mediatrix...

1985 2613 2121 2669 ibid.
2150 2629 2206 2668 n.
2241 2611 2359 2670 LV.

721 2712 888 2784 Quid
922 2717 1028 2771 est
1061 2710 1223 2771 hoc?
1961 2616 1988 2676 l
2371 2616 2387 2681 )

1821 2812 1872 2873 0
1905 2829 2111 2890 quam
2140 2829 2523 2889 magnum...

1941 2912 2102 2975 (ibid.
2133 2929 2189 2967 π.
2221 2910 2405 2978 XVI.)

1820 3002 1871 3064 Ο
1905 3006 1976 3066 tu
2012 3003 2420 3066 illustrata...
2532 3008 2541 3015 ’

1960 3103 2133 3173 «ibid.
2162 3119 2218 3158 n.
2248 3101 2379 3168 XI.)

724 3200 890 3261 Audi
929 3213 1111 3275 ergo,
1150 3215 1186 3257 ο
1224 3196 1443 3271 hom0,
1483 3194 1607 3255 hoc
1633 3195 2054 3256 miraculum:

1824 3301 1984 3371 Ave,
2021 3299 2298 3361 Maria...

726 3489 894 3561 Quid
927 3494 1033 3548 est
1065 3488 1226 3548 hoc?
1935 3399 2093 3459 (Μ’
2125 3414 2180 3454 ”⁹
2212 3397 2429 3463 Um

1826 3598 1877 3657 O
1911 3597 2357 3659 clarissima...

1919 3695 2080 3758 (ibid.
2109 3712 2166 3752 n.
2195 3694 2442 3763 XVIII.)

1826 3788 2012 3848 Nunc
2055 3789 2385 3864 aperuit...

1955 3886 2116 3950 (ibid.
2146 3903 2202 3942 n.
2231 3884 2394 3951 XII.)

1827 3983 1993 4055 Quia
2039 3998 2268 4059 argu...

1951 4084 2111 4153 (ibid.
2140 4100 2196 4141 a.
2226 4081 2421 4149 XIII.)

1827 4178 1880 4239 Ο
1913 4194 2116 4255 quam
2159 4179 2521 4254 pretiosa...

1966 4279 2128 4343 (idib.
2158 4295 2213 4334 π.
2243 4277 2396 4341 XX.)

2101 4454 2273 4527 VH.

734 4661 978 4722 Audiat
1034 4667 1236 4738 terra,
1297 4670 1587 4725 tremant
1643 4666 1994 4725 elementa.
2045 4664 2188 4736 Qua
2236 4665 2476 4726 causa‘.>
2532 4666 2854 4737 Quoniam
2909 4666 3199 4742 primum
3248 4670 3475 4725 ortum
3528 4661 3719 4738 hujus

644 4765 936 4840 Virginis
985 4767 1202 4825 omnis
1252 4773 1562 4828 creatura
1606 4784 1755 4827 cum
1805 4768 2048 4843 gaudio
2098 4769 2420 4845 suscepit,
2475 4769 2567 4830 ita
2623 4769 2800 4846 quod
2857 4769 3029 4831 coeli
3076 4768 3270 4846 quasi
3327 4784 3572 4828 aurora
3618 4781 3716 4824 ru-

645 4873 963 4947 tilabant,
1030 4879 1306 4949 propter
1369 4874 1975 4936 manifestationem
2038 4877 2404 4952 virtutum,
2464 4882 2531 4937 et
2586 4884 2860 4954 propter
2914 4880 3165 4939 claram
3226 4875 3709 4945 fortitudinem,

646 4979 922 5052 quaein
971 4978 1105 5037 illis
1138 4978 1573 5040 emicuerunt:
1624 4981 1781 5056 quia
1829 4980 1933 5040 sol
1980 4979 2291 5042 veritatis
2342 4981 2407 5040 in
2457 4982 2583 5043 ista
2632 4982 2900 5058 Virgine
2948 4997 3211 5043 omnem
3260 4979 3720 5043 sanctificatio-

647 5097 794 5140 nem
832 5082 1202 5143 animarum
1239 5084 1588 5159 expiravit.
