4036 6117
704 480 791 540 56
1863 495 1914 539 s,
1969 492 2509 540 HILDEGARDIS

634 619 886 688 suerat,
922 626 1127 687 opera
1161 625 1284 668 sua
1318 609 1399 668 ad
1435 608 1805 685 perfectum
1847 612 2177 686 perduxit.
2215 613 2512 672 Gloriam
2545 612 2723 670 enim
2765 627 2955 671 suam
2990 612 3178 671 solus
3212 612 3458 673 habere
3494 612 3733 690 noluit,

631 723 749 784 sed
782 734 930 779 eam
964 718 1030 775 in
1078 720 1425 774 creaturas
1461 729 1621 773 suas
1654 713 2025 789 distribuit,
2065 723 2137 775 ut
2184 733 2337 775 cum
2371 734 2448 776 eo
2499 716 2887 791 gauderent;
2935 715 3496 791 quemadmodum
3531 718 3740 793 galli-

624 846 709 888 na
742 825 963 902 pullos
997 836 1158 880 suos
1194 820 1320 879 sub
1353 820 1497 878 alas
1534 836 1692 878 suas
1733 820 2011 895 colligit.
2048 820 2172 879 Sed
2207 822 2464 896 primus
2500 822 2776 895 angelus
2810 821 3076 894 cecidit,
3112 827 3180 880 et
3228 821 3528 897 seipsum
3560 821 3741 880 occi-

620 932 745 1005 dit,
783 945 861 988 ac
893 927 1185 1003 primum
1218 923 1549 983 hominem
1588 925 1826 983 cadere
1865 924 2040 984 fecit.
2077 926 2150 984 In
2185 941 2348 984 casu
2382 932 2606 984 autern
2643 925 2956 999 hominiS,
2995 926 3324 985 elementa
3362 926 3427 984 in
3460 931 3734 985 contur-

625 1034 965 1096 bationem
996 1046 1196 1088 versa
1230 1034 1407 1103 sunt;
1444 1033 1511 1087 et
1545 1029 1612 1086 in
1646 1029 1981 1088 occisione
2016 1029 2205 1102 Abel,
2244 1030 2635 1104 sanguinem
2670 1029 2816 1105 ejus
2853 1036 3319 1104 susceperunt,
3351 1029 3463 1088 ubi
3497 1036 3566 1088 et
3600 1036 3738 1089 ter-

622 1158 700 1199 ra
749 1135 1144 1210 sanguinem
1197 1131 1343 1208 ejus
1395 1132 1582 1192 bibit.
1631 1133 1713 1192 Et
1744 1133 2064 1193 Diabolus
2124 1135 2189 1192 in
2248 1134 2610 1209 semetipso
2669 1133 2855 1193 dixit:
2912 1153 2944 1190 α
2983 1134 3259 1193 Omnem
3316 1136 3734 1194 voluntatem

624 1264 656 1302 »
698 1256 913 1301 meam
947 1239 1014 1297 in
1048 1252 1249 1313 opere
1281 1235 1398 1294 Dei
1433 1237 1802 1311 complebo,
1839 1243 1905 1296 et
1937 1237 2091 1313 plus
2127 1238 2192 1296 in
2227 1238 2341 1297 illo
2379 1237 2619 1297 faciam
2651 1251 2853 1312 quam
2889 1253 3007 1312 per
3041 1253 3147 1296 me
3191 1236 3484 1297 fecerim.
3527 1255 3559 1293 ι
3599 1236 3731 1297 Sed

620 1351 799 1409 Deus
833 1348 898 1406 in
934 1360 1171 1419 magno
1208 1342 1489 1439 cpnsilio
1525 1360 1646 1402 suo
1683 1344 1750 1401 in
1784 1344 2083 1418 seipsum
2124 1345 2408 1419 aspexit,
2447 1344 2838 1403 discernens
2873 1342 3205 1418 quomodo
3255 1342 3591 1402 hominem
3619 1343 3729 1418 ju-

624 1452 969 1524 stificaret,
1006 1448 1120 1524 qui
1156 1446 1466 1522 perierat.
1504 1446 1809 1521 Magnum
1860 1447 2106 1522 quippe
2140 1448 2495 1506 consilium
2528 1446 2645 1506 Dei
2694 1447 2826 1506 tale
2860 1452 2986 1521 est,
3025 1446 3200 1521 quod
3233 1448 3418 1505 nulla
3466 1453 3732 1505 creatu-

622 1573 697 1615 ra
729 1556 953 1631 ipsum
987 1550 1382 1628 penetravit.
1419 1550 1491 1608 In
1524 1549 1754 1609 eodem
1793 1549 2099 1625 consili0,
2135 1550 2311 1610 Deus
2344 1552 2582 1610 Filium
2621 1567 2816 1609 suum
2841 1549 2923 1609 de
2957 1549 3225 1623 Virgine
3264 1551 3452 1609 nasci
3477 1551 3730 1611 consti-

620 1659 773 1732 tuit,
812 1663 884 1716 ut
917 1655 1251 1716 hominem
1284 1654 1665 1727 redimeret;
1703 1654 1811 1712 cui
1845 1654 2127 1713 consilio
2161 1655 2385 1713 nullus
2436 1669 2808 1729 repugnare
2847 1654 3086 1729 potuit.

2012 1862 2315 1921 vallll.

933 2070 1357 2134 Passimzibus
1392 2072 1527 2129 suis
1568 2072 1864 2131 Christus
1892 2075 2169 2146 peccata
2200 2072 2402 2128 etiam
2430 2073 2924 2147 poenitentium
2956 2072 3044 2130 ad
3076 2089 3141 2130 se
3177 2074 3407 2131 traxit.

705 2282 856 2343 137.
906 2282 1073 2341 Nam
1106 2286 1339 2340 contra
1389 2278 1516 2339 hoc
1548 2279 1724 2355 quod
1775 2278 1972 2338 homo
2022 2294 2302 2354 peccare
2351 2280 2592 2355 potuit,
2644 2280 2820 2339 idem
2853 2281 3063 2340 Filius
3111 2279 3226 2339 Dei
3263 2279 3614 2338 mollitiem
3651 2279 3720 2339 in

611 2387 901 2461 pueritia
935 2384 1190 2460 habuit,
1226 2390 1293 2443 et
1327 2389 1558 2442 contra
1600 2388 1871 2458 gustum
1905 2382 2131 2441 carnis
2166 2382 2478 2457 hominiS,
2519 2383 2979 2459 fatigationem
3016 2385 3080 2445 in
3122 2383 3474 2458 juventute
3510 2384 3720 2442 susti-

610 2489 777 2564 nuit;
815 2504 893 2547 ac
920 2492 1159 2547 contra
1208 2486 1571 2561 ingluviem
1614 2486 1939 2545 avaritiae
1990 2486 2058 2544 in
2091 2485 2378 2561 homine,
2429 2488 2722 2546 esuriem
2770 2489 3050 2563 accepit;
3087 2493 3156 2546 et
3202 2491 3434 2546 contra
3482 2501 3722 2561 perpe-

607 2594 785 2649 trata
833 2595 1109 2665 peccata
1156 2588 1580 2665 injustorum,
1634 2589 1911 2648 tristitia
1961 2590 2417 2650 circumdatus
2465 2596 2696 2664 est3‘et
2729 2597 2959 2652 contra
3010 2590 3428 2666 tyrannidem
3479 2591 3719 2666 impio-

607 2711 782 2769 rum,
818 2695 1128 2771 plurimis
1169 2694 1550 2770 opprobriis
1602 2693 2000 2753 inclamatus
2050 2700 2174 2767 est;
2214 2711 2292 2753 ac
2341 2701 2574 2754 contra
2608 2696 2782 2754 mala
2831 2695 3366 2769 homicidiorum,
3413 2695 3479 2753 in
3512 2710 3716 2754 cruce

606 2816 855 2875 passus
903 2805 1031 2872 est;
1066 2805 1133 2858 et
1181 2805 1411 2858 contra
1445 2798 1676 2873 gravia
1722 2803 1997 2873 peccata
2047 2798 2308 2873 mortiS,
2350 2799 2417 2856 in
2464 2799 2710 2873 quibus
2743 2798 3047 2859 homines
3091 2798 3337 2873 sepulti
3379 2804 3593 2871 erant,
3633 2804 3715 2857 ut

603 2920 728 2962 eos
764 2903 845 2961 de
880 2909 1092 2961 morte
1124 2903 1436 2978 eriperet,
1478 2903 1542 2960 in
1575 2917 1772 2960 cruce
1822 2902 2210 2977 exspiravit.
2246 2904 2319 2962 In
2368 2903 2678 2962 omnibus
2715 2904 2889 2961 enim
2941 2902 3047 2961 his
3088 2901 3434 2960 doloribus
3487 2901 3718 2961 omnia

600 3013 878 3085 peccata
911 3005 1416 3082 poenitentium,
1454 3010 1521 3064 et
1554 3021 1785 3064 eorum
1821 3005 1936 3081 qui
1973 3005 2192 3081 ipsum
2226 3021 2354 3064 non
2389 3012 2653 3081 negant,
2692 3005 2774 3066 ad
2810 3020 2881 3066 se
2917 3005 3139 3065 traxit.
3185 3003 3605 3079 Quapropter
3636 3010 3710 3063 et

606 3113 749 3188 ipse
805 3112 1081 3186 angelus
1138 3111 1360 3185 magni
1424 3110 1690 3169 consilii
1746 3116 2048 3185 vocatur,
2114 3111 2428 3185 quoniam
2473 3104 2519 3188 ¹)
2573 3111 2640 3170 in
2687 3111 2996 3172 omnibus
3046 3110 3152 3169 his
3195 3110 3422 3185 justus
3456 3114 3523 3167 et
3570 3109 3707 3168 cle-

604 3228 792 3273 mens
826 3219 951 3273 est.

2051 3421 2234 3482 CXX.

1123 3632 1468 3693 Homicida
1493 3652 1618 3709 per
1651 3632 1935 3692 vulnera
1970 3590 2214 3693 Christi
2247 3635 2316 3692 in
2346 3635 2763 3709 poenitentia
2793 3634 3182 3710 requiritur.

695 3838 847 3900 ⁴138.
899 3838 1023 3898 Sed
1060 3855 1211 3898 cum
1245 3839 1465 3899 omnia
1500 3845 1774 3915 peccata
1816 3839 2195 3914 periculosa
2225 3846 2295 3898 et
2328 3840 2503 3898 mala
2554 3840 2709 3912 sint,
2749 3839 3184 3899 homicidium
3225 3844 3449 3898 tamen
3480 3837 3696 3914 pessi-

599 3960 785 4004 mum
823 3945 1073 4002 malum
1107 3944 1434 4001 malorum
1476 3948 1602 4017 est,
1642 3944 1754 4002 ubi
1789 3942 1983 4002 homo
2021 3944 2098 4001 ad
2152 3959 2268 4002 cor
2302 3961 2497 4003 suum
2533 3963 2662 4005 non
2710 3946 2991 4020 reducit,
3030 3945 3205 4020 quod
3247 3945 3424 4003 Deus
3459 3945 3697 4002 timen-

594 4050 721 4109 dus
758 4050 869 4123 sit,
906 4065 1059 4108 cum
1107 4065 1275 4123 opus
1329 4048 1490 4106 illud
1540 4048 1714 4123 quod
1749 4048 1830 4106 ad
1867 4048 2222 4122 imaginem
2271 4049 2417 4123 ejus
2470 4048 2717 4107 factum
2767 4056 2894 4124 est,
2948 4049 3296 4124 extinguit.
3346 4045 3528 4106 Unde
3579 4047 3693 4105 ille

590 4154 705 4228 qui
750 4153 842 4212 ita
888 4158 1306 4224 excoecatur,
1342 4151 1519 4226 quod
1567 4151 1769 4209 Deum
1813 4152 1874 4209 in
1912 4151 2034 4209 hoc
2070 4153 2444 4226 periculoso
2484 4152 2655 4210 sacto
2707 4153 3069 4227 postponit,
3107 4167 3226 4226 per
3272 4150 3589 4209 transfixa
3623 4156 3694 4209 et

591 4255 932 4330 perforata
965 4257 1240 4315 vulnera
1286 4256 1538 4316 Christi
1573 4256 1638 4314 in
1674 4255 2080 4331 poenitentia
2117 4256 2505 4331 requiritur,
2542 4257 2656 4330 qui
2704 4256 2889 4314 solus
2925 4255 3224 4313 torcular
3271 4254 3504 4312 beatae
3537 4269 3691 4328 pas·

592 4361 801 4418 sionis
836 4361 1177 4434 sustinuit,
1219 4367 1289 4419 ut
1324 4361 1657 4435 perditum
1690 4366 1755 4418 et
1789 4360 2135 4418 cadentem
2172 4360 2505 4419 hominem
2557 4361 2934 4432 redimeret,
2974 4360 3085 4419 ubi
3119 4360 3350 4419 auxilii
3400 4360 3686 4418 alterius

590 4462 879 4521 hominis
914 4479 1042 4522 non
1079 4463 1377 4538 indiguit.
1420 4465 1595 4523 Haec
1629 4471 1851 4522 autem
1886 4464 1964 4521 de
2011 4465 2491 4539 poenitentium
2527 4464 2878 4523 animabus
2920 4463 3286 4540 purgandis
3320 4470 3387 4521 et
3421 4464 3686 4522 salvan·

584 4566 691 4624 dis
746 4566 926 4625 dicta
976 4572 1153 4640 sunt,
1204 4573 1270 4625 et
1321 4567 1537 4625 fidelia
1588 4572 1764 4640 sunt,
1824 4573 1889 4625 et
1941 4566 2156 4625 fidelis
2207 4567 2311 4626 his
2361 4568 2683 4640 attendat,
2737 4573 2803 4626 et
2850 4583 2927 4627 ea
2979 4568 3044 4625 in
3096 4566 3415 4625 memoria
3465 4566 3679 4625 bonae

585 4671 911 4729 scientiae
944 4679 1316 4746 componat.

672 4774 822 4834 139.
876 4776 1061 4834 Alios
1096 4792 1361 4851 quoque
1394 4776 1695 4852 ejusdem
1739 4777 2187 4837 multitudinis
2223 4777 2552 4852 malignos
2603 4778 2884 4853 spiritus
2917 4776 3079 4850 vidi,
3118 4777 3230 4851 qui
3274 4775 3528 4835 dolosis
3563 4792 3681 4834 nu-

581 4878 764 4938 tibus
814 4878 944 4938 sibi
994 4879 1277 4938 invicem
1326 4880 1817 4956 applaudebant
1866 4882 2335 4941 vociferantes:
2394 4901 2424 4940 α
2465 4882 2729 4940 Lucifer
2778 4881 3095 4941 Dominus
3143 4887 3372 4939 noster
3418 4886 3542 4940 est.
3594 4882 3675 4940 Et

586 4999 617 5038 »
658 4982 816 5058 quid
850 4982 1045 5040 nobis
1094 4983 1333 5057 oberit,
1372 4985 1429 5044 si
1465 4985 1639 5044 alius
1686 5001 1763 5045 eo
1802 4986 2037 5045 sortior
2084 4987 2222 5045 est‘?
2257 4988 2464 5046 Istum
2515 4986 2864 5046 Dominum
2902 4986 3318 5057 habebimus;
3355 5001 3474 5058 per
3523 5001 3675 5042 eum

659 5141 702 5210 ¹)
741 5144 887 5214 quod
912 5145 971 5199 in
996 5143 1243 5199 omnibus
1266 5142 1334 5196 Α.
