4036 6117
757 522 886 584 152
1915 522 1964 566 s.
2021 521 2555 569 ntnnsseAnnts

692 678 723 715 »
763 671 843 715 ne
878 650 1098 712 anima
1131 645 1359 705 vivere
1394 657 1522 700 non
1556 645 1801 716 potest,
1840 641 1938 699 sic
1973 656 2094 699 nec
2130 642 2306 701 ullus
2346 641 2602 701 fructus
2640 648 2880 717 terrae,
2919 644 3063 704 sine
3096 647 3317 721 gratia
3361 648 3479 709 Dei
3513 651 3779 711 crescit,

683 781 714 819 »
755 755 1014 832 Inspice
1047 764 1206 824 ergo
1241 761 1401 806 ossa
1434 749 1879 816 mortuorum,
1917 759 2088 819 quae
2126 745 2189 803 in
2216 745 2543 820 sepulcris
2565 746 2812 820 jacent,
2843 753 2911 806 et
2935 749 3287 809 considera
3319 752 3477 827 quid
3508 751 3777 812 faciant,

685 887 716 923 ι)
755 861 934 924 Nihil
966 857 1144 918 enim
1194 851 1468 924 faciunt,
1520 848 1650 908 nisi
1698 848 1874 924 quod
1927 849 1992 908 in
2040 848 2390 924 putredine
2434 849 2677 925 jacent.
2722 850 2829 910 Sic
2862 856 2928 910 et
2961 857 3034 913 tu
3067 853 3232 913 nihil
3264 857 3591 931 operarie,
3646 858 3779 916 nisi

679 988 710 1027 »
748 964 925 1044 quod
958 959 1373 1036 negligenter
1407 953 1603 1026 viviS,
1640 953 1797 1028 quia
1833 953 1976 1011 sine
2009 939 2228 1027 gratia
2260 953 2377 1012 Dei
2409 954 2639 1013 vivere
2673 955 2800 1028 vis,
2838 972 2959 1015 nec
2991 957 3360 1034 desideras,
3408 975 3529 1019 nec
3564 976 3770 1037 quae-

672 1091 704 1130 »
744 1070 840 1129 ris
886 1066 1096 1125 Deum
1148 1063 1218 1120 in
1263 1057 1574 1119 omnibus
1625 1056 2193 1116 sollicitudinibus
2242 1059 2396 1117 tuiS.
2446 1059 2581 1134 Ego
2633 1065 2858 1119 autem
2907 1061 2973 1119 in
3023 1062 3375 1122 altissimis
3409 1064 3664 1139 habito,
3706 1070 3777 1123 et

672 1195 704 1235 n
744 1180 1183 1248 unaquaeque
1207 1166 1276 1224 in
1301 1162 1636 1223 creaturis
1664 1177 1817 1221 cum
1849 1163 2069 1237 gratia
2100 1155 2144 1240 ¹)
2183 1163 2470 1236 invenio,
2500 1164 2816 1238 quoniam
2841 1164 2981 1223 vita
3017 1171 3084 1224 et
3116 1166 3426 1226 viriditas
3458 1168 3522 1226 in
3557 1168 3771 1227 omni-

669 1296 701 1334 »
734 1276 861 1334 bus
895 1271 1088 1332 bonis
1121 1266 1436 1343 operibus
1471 1280 1644 1338 sum,
1682 1279 1760 1322 ac
1793 1264 2038 1323 monile
2071 1265 2364 1323 omnium
2401 1266 2749 1326 virtutum,
2785 1265 3153 1326 Delectatio
3180 1284 3445 1345 quoque
3472 1286 3552 1329 ac
3583 1286 3768 1329 com..

674 1396 706 1437 ›
744 1374 1101 1454 prehensio
1137 1369 1388 1431 amoris
1420 1368 1560 1441 Dei,
1596 1373 1664 1426 et
1697 1366 2073 1427 aedificatio
2109 1368 2318 1427 totius
2366 1367 2683 1428 desiderii
2717 1370 2865 1444 ejus
2899 1386 3075 1445 sum,
3109 1372 3268 1447 quia
3301 1388 3768 1449 quaecumque

663 1499 696 1539 a
733 1478 910 1540 Deus
957 1476 1103 1536 vult
1153 1473 1347 1548 facio,
1397 1478 1466 1531 et
1513 1486 1666 1530 cum
1713 1472 1948 1547 pennis
1997 1471 2208 1532 bonae
2259 1472 2627 1532 voluntatis
2677 1489 2879 1548 supra
2914 1474 3135 1533 sidera
3171 1475 3341 1534 coeli
3375 1477 3612 1550 volito,
3667 1478 3763 1536 ita

667 1604 698 1642 10
737 1582 917 1661 quod
963 1579 1377 1639 voluntatem
1424 1575 1541 1634 Dei
1591 1575 1658 1633 in
1704 1574 2013 1634 omnibus
2056 1574 2345 1649 justitiis
2395 1576 2606 1651 ipsius
2655 1576 2949 1652 perficio.
3008 1577 3088 1636 Et
3135 1579 3238 1636 sic
3282 1578 3489 1638 etiarn
3546 1595 3756 1654 supra

660 1709 694 1747 ι»
733 1692 994 1747 montes
1027 1682 1260 1744 Bethel
1292 1680 1603 1752 ascendo,
1641 1678 1753 1738 ubi
1790 1695 1995 1754 opera
2027 1678 2142 1738 Dei
2183 1677 2351 1738 facie
2385 1680 2463 1741 ad
2505 1679 2744 1741 faciem
2779 1681 3087 1757 inspicio,
3141 1682 3231 1743 ita
3280 1683 3458 1759 quod
3492 1699 3619 1742 nee
3649 1701 3754 1743 re-

662 1810 695 1849 »
734 1791 952 1867 q-uiro,
1003 1802 1128 1847 nec
1172 1784 1505 1858 desidem,
1557 1798 1678 1841 nec
1712 1781 1893 1841 aliud
1940 1783 2095 1843 volo
2132 1798 2333 1858 quam
2383 1783 2560 1859 quod
2610 1790 2916 1844 sanctum
2952 1790 3079 1859 est,
3131 1785 3304 1844 unde
3351 1787 3755 1862 psalterium

657 1914 692 1954 1>
727 1901 796 1954 et
842 1891 1104 1952 cithara
1145 1887 1588 1966 iucunditatis
1642 1886 1789 1962 ejus
1839 1902 2007 1945 sum.
2068 1885 2191 1946 Sed
2240 1892 2307 1946 et
2356 1887 2484 1947 hoc
2536 1887 2731 1948 modo
2783 1888 2847 1947 in
2895 1889 3205 1949 omnibus
3255 1891 3481 1950 causis
3530 1892 3751 1951 coele-

661 2019 696 2059 »
737 2000 864 2060 stis
899 2013 1068 2058 sum.
1109 2012 1141 2053 ›

2140 2204 2242 2264 XI.

1826 2411 2029 2471 Verba
2076 2411 2565 2473 obstinationis

737 2625 841 2687 16.
878 2624 1074 2684 Sexta
1103 2637 1266 2682 vero
1302 2621 1520 2695 imago
1558 2620 1840 2680 formam
1889 2620 2118 2680 bubali
2167 2619 2475 2680 habebat.
2526 2621 2605 2680 Et
2638 2620 2825 2680 dixit:
2882 2639 2913 2679 α
2952 2621 3386 2698 Nequaquam
3433 2623 3742 2683 nimieta-

647 2749 682 2788 »
720 2736 856 2789 tem
891 2735 1007 2787 aut
1056 2725 1586 2802 superfluitatem
1635 2724 2057 2783 diversarum
2106 2740 2331 2784 rerum
2379 2731 2446 2783 et
2493 2740 2849 2785 causarum
2900 2727 2966 2784 in
3000 2742 3103 2784 me
3140 2727 3375 2801 habeo,
3430 2727 3545 2786 sed
3581 2744 3734 2787 cum

651 2857 683 2895 »
724 2837 850 2896 hoc
881 2842 951 2895 et
982 2835 1108 2895 hoc
1139 2833 1313 2907 dicO,
1352 2831 1514 2891 illud
1551 2831 1847 2907 segniter
1893 2837 1961 2890 et
2008 2832 2303 2891 molliter
2348 2832 2650 2906 proferre
2699 2849 2828 2893 non
2859 2834 3071 2892 vale0.
3124 2833 3189 2892 Si
3223 2834 3399 2892 enim
3442 2840 3621 2893 terra
3653 2835 3737 2893 de

644 2961 676 2999 ι)
716 2940 943 3017 pluvia
977 2944 1044 2998 et
1074 2938 1157 2996 de
1190 2935 1589 3012 pinguedine
1623 2937 1847 2995 mollis
1883 2952 2149 3011 semper
2180 2942 2383 3009 esset,
2420 2942 2485 2995 et
2521 2937 2578 2994 si
2614 2936 2933 2996 duritiam
2975 2953 3105 2996 non
3140 2938 3438 3012 haberet,
3492 2938 3617 2998 hoc
3650 2938 3732 2998 ad

635 3066 667 3105 n
707 3046 961 3106 nullam
993 3042 1355 3103 utilitatem
1388 3040 1666 3115 valeret,
1704 3041 2015 3116 quoniam
2058 3038 2312 3101 fructus
2347 3040 2490 3116 eJus
2524 3040 2651 3100 hoc
2686 3039 2880 3101 modo
2907 3057 3037 3101 non
3062 3042 3483 3117 proficerent;
3521 3048 3637 3103 aut
3667 3043 3727 3103 si

630 3168 665 3208 1>
704 3156 934 3209 tenera
968 3152 1173 3220 esset,
1209 3159 1423 3222 aquae
1459 3159 1660 3218 super
1690 3159 1840 3203 eam
1889 3143 2169 3202 fluentes
2218 3147 2430 3203 totam
2476 3143 2918 3203 destruerent.
2971 3144 3051 3203 Et
3085 3144 3244 3221 quid
3278 3144 3404 3206 hoc-
3439 3162 3544 3205 me
3588 3147 3719 3205 lae-

634 3271 667 3309 »
706 3252 826 3326 dit,
863 3251 922 3311 si
955 3248 1026 3309 in
1056 3262 1454 3324 unaquaque
1489 3263 1693 3306 causa
1728 3247 1952 3307 mollis
1983 3262 2114 3306 non
2149 3263 2321 3321 sum,
2369 3262 2572 3321 quum
2610 3247 3049 3322 incongruens
3093 3252 3159 3306 et
3204 3249 3549 3322 repentina
3580 3250 3726 3324 plu-

631 3376 662 3415 »
701 3358 810 3415 via
843 3354 1110 3427 cadenS,
1146 3358 1397 3412 terram
1429 3350 1622 3410 valde
1657 3350 1894 3410 laedat.
1932 3350 1999 3408 Si
2031 3356 2256 3410 autem
2290 3351 2630 3426 suspirare
2671 3366 2801 3409 non
2832 3367 3132 3425 possum,
3180 3350 3305 3410 hoc
3339 3352 3433 3411 ita
3465 3352 3575 3426 sit;
3610 3353 3720 3411 vel

622 3478 658 3519 a
698 3461 756 3519 si
789 3473 921 3518 non
952 3456 1285 3530 lacrimor‚
1322 3456 1506 3515 nulla
1537 3470 1700 3514 eura
1732 3454 1895 3514 mihi
1926 3461 2055 3529 est,
2107 3455 2264 3530 quia
2298 3455 2496 3514 multi
2524 3470 2643 3529 per
2691 3454 3101 3514 moestitiam
3133 3460 3437 3531 pereunt,
3472 3462 3538 3514 et
3571 3456 3718 3514 nul-

627 3586 660 3625 »
699 3567 744 3626 li
779 3568 1054 3640 propter
1086 3562 1402 3621 lacrimas
1450 3560 1783 3619 deficiunt.
1833 3560 1998 3619 Nam
2047 3576 2310 3619 ornnem
2356 3560 2643 3635 gratiam
2692 3574 2895 3635 quam
2941 3557 3119 3618 Deus
3166 3565 3510 3634 praestare
3544 3559 3715 3633 vult,

623 3688 657 3727 ι
698 3669 882 3728 illam
914 3670 1233 3743 praestat.
1269 3664 1349 3725 Et
1382 3680 1502 3724 cur
1533 3680 1655 3740 pro
1691 3664 1806 3723 illa
1840 3670 1978 3723 tam
2009 3665 2445 3739 pertinaciter
2476 3664 2888 3724 laborarem?
2925 3664 3008 3723 Et
3038 3680 3159 3724 cur
3190 3665 3394 3725 etiam
3428 3680 3549 3740 pro
3592 3666 3708 3725 illo

619 3790 652 3831 ι
694 3771 1104 3845 laborarem,
1140 3768 1320 3845 quod
1351 3766 1670 3843 perficere
1702 3783 1834 3826 non
1863 3768 2169 3843 possem?
2211 3768 2376 3829 Cum
2408 3768 2585 3827 enim
2619 3767 2903 3843 quilibet
2934 3767 3221 3844 inquirit
3249 3767 3428 3845 quod
3462 3768 3713 3827 inveni-

617 3896 649 3937 »
690 3894 762 3939 re
795 3894 925 3938 non
957 3878 1204 3954 potest,
1245 3874 1408 3934 nihil
1445 3874 1544 3934 illi
1576 3874 1871 3950 prodest.
1899 3893 1930 3931 ι)

2081 4080 2225 4145 XII.

1421 4300 1830 4375 Responsum
1883 4298 2420 4373 compunctionis
2469 4299 2703 4358 cordis.

693 4508 798 4568 17.
848 4507 925 4566 Et
975 4508 1216 4567 iterum
1264 4506 1345 4565 de
1393 4506 1697 4583 praefata
1745 4505 2012 4568 turbida
2047 4506 2218 4565 nube
2252 4521 2484 4565 vocem
2519 4505 2744 4566 audivi
2780 4506 2935 4565 huic
2977 4506 3249 4583 imagini
3286 4507 3386 4567 sic
3414 4524 3695 4590 ‘respon-

596 4627 746 4673 sum
793 4611 1061 4670 dantem
1113 4629 1145 4670 α
1176 4609 1355 4681 Quae
1389 4626 1462 4669 es
1496 4617 1590 4684 tu,
1628 4627 1665 4669 o
1701 4610 2068 4684 acerbitaS‚
2106 4624 2277 4686 quae
2310 4609 2480 4670 dicis
2515 4610 2693 4687 quod
2727 4610 2793 4670 in
2841 4610 2980 4669 vita
3029 4616 3143 4671 tua
3200 4612 3506 4671 laborare
3556 4628 3688 4671 non

603 4736 633 4771 ))
674 4716 921 4793 possiS,
951 4732 1102 4775 cum
1130 4715 1461 4788 volucres,
1499 4714 1738 4790 pisceS‚
1774 4715 2032 4774 bestiae
2066 4721 2132 4774 et
2166 4715 2455 4790 pecudes
2489 4731 2568 4775 ac
2600 4732 2865 4775 vermes
2898 4718 2966 4776 et
2999 4718 3287 4794 reptilia,
3324 4733 3555 4777 omnes
3590 4718 3684 4777 la-

599 4838 630 4875 »
670 4819 925 4893 horeat,
963 4824 1038 4877 ut
1067 4818 1460 4877 vescantur?
1492 4818 1663 4877 Pulli
1698 4833 1964 4895 quoque
1997 4818 2080 4877 de
2113 4819 2443 4880 matribus
2478 4819 2618 4879 suis
2667 4819 2891 4880 eibum
2940 4826 3205 4895 petunt,
3256 4826 3325 4880 et
3372 4823 3553 4880 terra
3599 4820 3683 4879 de

594 4942 626 4979 »
665 4938 820 4982 aere
868 4937 1130 4982 omnem
1178 4922 1587 4982 viriditatem
1640 4939 1833 4982 suam
1867 4924 2184 4999 postulat.
2228 4923 2306 4983 Et
2340 4940 2460 4983 cur
2492 4926 2873 4984 nominatur
2904 4924 3082 4985 Deus
3112 4932 3326 5002 pater,
3364 4927 3495 4986 nisi
3530 4943 3683 5003 pro-

595 5046 624 5082 n
665 5032 893 5102 pterea
936 5027 1251 5103 quoniam
1286 5027 1404 5087 filii
1439 5028 1544 5087 sui
1575 5025 1624 5105 ²)
1659 5043 1813 5087 eum
1850 5026 2179 5087 invocant.
2215 5028 2293 5087 Et
2326 5045 2478 5087 cum
2513 5030 2655 5104 ipse
2686 5045 2805 5104 per
2829 5030 3113 5104 gratiam
3150 5046 3339 5089 suam
3374 5030 3473 5089 eis
3507 5030 3683 5090 bona

657 5193 697 5260 ¹)
734 5211 851 5248 cum
874 5196 1063 5265 qratia
1093 5194 1196 5250 Dei
1222 5194 1310 5250 W.
1347 5225 1408 5233 --
1435 5196 1479 5262 2)
1507 5198 1767 5266 quoniam
1791 5211 1910 5251 cum
1933 5195 2045 5267 filii
2070 5194 2159 5249 W.
