4036 6117
1331 491 1796 540 Emsromatm
1845 490 2028 539 Nova
2077 490 2322 538 sirmas,
3176 470 3305 531 533

283 614 507 675 vinam
557 615 847 691 gratiam
882 615 1104 675 sciunt
1150 618 1218 674 et
1251 613 1654 690 intelligunt,
1704 613 1881 672 Deus
1917 613 2109 688 signa
2159 610 2301 689 (fol.
2340 609 2455 689 58)
2490 611 2571 670 de
2607 610 2859 670 sanctis
2894 609 3038 669 suis
3073 607 3208 669 illis
3243 625 3374 670 non

285 720 601 779 ostendit.
649 720 729 778 Et
762 719 912 777 finis
963 716 1250 776 hominis
1304 717 1509 792 illius,
1545 718 1627 776 de
1663 733 1794 792 quo
1846 717 2141 792 quaeris,
2193 715 2482 774 nondum
2534 714 2745 788 adest,
2799 713 2917 772 sed
2965 718 3031 772 et
3074 713 3208 773 luci
3257 713 3379 773 ali-

285 829 610 897 quantum
659 822 891 881 tardus
926 826 1049 879 est.
1102 819 1311 881 Homo
1349 826 1572 879 autem
1620 821 1734 879 ille
1770 819 1850 878 de
1899 835 2031 895 quo
2069 819 2477 893 interrogaS,
2529 817 3065 876 benevolentiam
3114 816 3371 889 habuit,

285 941 457 1001 quae
491 927 570 986 ad
605 926 813 985 Deum
848 925 1179 995 ascendit,
1216 932 1283 984 et
1314 924 1491 984 Deus
1524 939 1677 983 eum
1712 924 1984 983 amavit.

379 1034 558 1093 Haec
605 1035 809 1093 verba
847 1035 1214 1110 sapientiae
1248 1050 1369 1109 ego
1414 1034 1822 1110 paupercula
1857 1033 2072 1092 forma
2106 1032 2230 1092 tibi
2265 1032 2532 1108 scripsi.
2568 1032 2753 1091 Nunc
2787 1047 3022 1092 moneo
3056 1037 3133 1091 ut
3165 1032 3377 1092 tristi-

285 1139 403 1212 tia,
454 1154 627 1213 quae
663 1140 727 1198 in
762 1139 969 1214 stirpe
1004 1139 1385 1214 praedictae
1434 1138 1694 1198 arboris
1729 1138 1809 1197 de
1847 1137 2178 1213 squalidis
2212 1142 2279 1195 et
2327 1136 2579 1195 vilibus
2628 1135 2931 1195 moribus
2964 1133 3378 1195 vicissitudi-

284 1259 445 1302 num
495 1242 835 1301 hominum
886 1248 1185 1319 apparet,
1237 1258 1364 1301 non
1412 1243 1610 1302 valde
1660 1244 1930 1316 timeaS,
1981 1257 2104 1301 nec
2152 1256 2193 1300 a
2238 1241 2410 1300 bona
2459 1240 2944 1301 consuetudine
2991 1244 3130 1314 tua,
3165 1253 3288 1298 nec
3336 1255 3376 1297 a

285 1350 483 1409 bonis
533 1348 850 1425 operibus
885 1350 1020 1409 tuis
1069 1348 1368 1423 recedaS,
1407 1354 1481 1408 ut
1530 1349 1596 1407 in
1629 1352 1976 1408 aeternum
2008 1348 2227 1422 vivas,
2271 1352 2336 1406 et
2369 1348 2562 1423 pater
2595 1352 2753 1406 tuus
2789 1346 2856 1405 in
2889 1344 3132 1421 gaudio
3166 1349 3233 1404 te
3266 1359 3377 1402 su-

288 1450 551 1526 scipiet.

1745 1599 1896 1660 LXI.

1121 1793 1198 1853 B.
1236 1790 1445 1852 abbati
1478 1792 1558 1851 de
1598 1791 1976 1851 Zwivelden
2006 1784 2053 1870 ¹)
2092 1791 2535 1867 Hildeqardis

367 1975 672 2031 Aerumnis
702 1980 968 2031 vexatum
1000 1975 1301 2032 refocillat.

381 2126 452 2185 In
504 2128 811 2188 claritate
845 2135 908 2188 te
957 2130 1180 2201 vide0,
1216 2136 1282 2189 et
1331 2129 1497 2190 haec
1530 2132 1806 2192 claritas
1842 2138 1945 2191 est
1981 2132 2275 2192 conditio
2321 2138 2459 2207 tua,
2495 2132 2611 2208 qui
2648 2132 2714 2191 in
2748 2132 2873 2191 hoc
2907 2148 3176 2193 carcere
3210 2134 3380 2194 affli-

290 2229 578 2288 ctionem
629 2237 859 2290 contra
892 2233 1058 2291 vitia
1107 2232 1338 2308 habeS,
1376 2240 1444 2294 et
1493 2234 1559 2293 in
1594 2235 1902 2295 claritate
1932 2236 2049 2295 illa
2083 2236 2311 2295 audivi
2336 2250 2571 2295 vocem
2606 2235 2688 2295 ad
2722 2241 2789 2296 te
2836 2235 3188 2297 dicentem:
3223 2237 3374 2311 Fili,

293 2332 648 2392 recordare
698 2335 872 2410 quod
909 2335 975 2394 in
1020 2336 1160 2396 vita
1196 2338 1324 2397 ista
1374 2338 1624 2398 malum
1660 2340 1780 2399 tibi
1833 2338 2048 2414 adest,
2084 2343 2151 2399 et
2185 2340 2331 2400 ideo
2369 2355 2610 2414 magna
2644 2341 2940 2415 praemia
2974 2342 3095 2401 tibi
3143 2343 3379 2416 parata

291 2446 467 2500 sunt.
503 2442 583 2501 Et
617 2445 686 2502 tu
723 2444 786 2501 in
821 2443 1224 2505 discretione
1257 2445 1373 2505 Dei
1409 2447 1617 2521 disce,
1656 2447 1832 2522 quod
1866 2452 2054 2507 tanta
2088 2448 2385 2522 praemia
2434 2447 2552 2507 tibi
2588 2449 2824 2521 parata
2872 2450 3057 2522 sunt,
3093 2450 3377 2523 quantas

289 2561 548 2620 pugnas
584 2547 855 2623 pateris,
893 2547 1255 2609 Infirmitas
1290 2556 1407 2609 tua
1441 2551 1729 2610 rutilans
1763 2551 1872 2610 lux
1908 2550 2073 2610 mihi
2108 2556 2213 2611 est
2244 2557 2522 2627 peccata
2556 2549 2920 2625 purgando,

1738 2757 1934 2821 LXII.

1322 2953 1597 3014 Guidam
1631 2956 1882 3014 homini
1914 2906 2362 3031 HildeqordiS.

365 3137 657 3205 Quantum
683 3140 865 3194 valeat
894 3140 1077 3196 oratio
1103 3157 1205 3212 pro
1232 3139 1628 3198 defunctorum
1656 3140 1953 3212 refrigerio
1980 3147 2276 3200 memorat.

386 3275 566 3336 Haec
601 3280 804 3339 verba
839 3280 919 3339 de
955 3281 1286 3357 sapientia
1319 3284 1566 3344 audivi:
1601 3284 1828 3344 Oratio
1881 3301 2190 3360 magnam
2223 3285 2540 3350 ‚virtutem
2592 3285 2768 3362 apud
2800 3284 3007 3344 Deum
3056 3283 3279 3357 habet,
3313 3290 3382 3343 et

296 3396 419 3457 per
452 3383 633 3442 illam
679 3384 855 3444 Deus
891 3391 1106 3445 rotam
1155 3389 1570 3462 captivitatis
1605 3389 1979 3448 animarum
2030 3388 2385 3463 subvertit;
2438 3387 2610 3447 unde
2642 3389 2845 3448 etiam
2890 3404 3142 3464 poenae
3179 3387 3380 3446 istius

299 3489 560 3548 animae
593 3491 786 3550 valde
821 3493 1225 3554 constrictae
1261 3501 1438 3571 sunt,
1475 3501 1543 3555 et
1577 3496 1644 3555 in
1676 3495 1902 3571 aliquo
1938 3486 2359 3578 [refrigerio]
2393 3510 2539 3554 eam
2576 3495 2789 3556 video,
2825 3491 2876 3574 ²)

375 3994 685 4062 Quemdam
712 3997 973 4053 abbatem
999 3997 1235 4062 solatur.
1264 4015 1328 4055 ac
1353 4015 1425 4055 ne
1450 4016 1593 4057 onus
1616 4000 1898 4065 dimittat,
1927 4006 2122 4057 monet
2147 4017 2245 4073 per
2269 3999 2594 4071 allegoriam
2622 4000 3022 4073 multiplicem.

395 4134 470 4195 In
500 4136 812 4211 operibus
845 4141 913 4197 et
945 4139 1246 4198 moribus
1281 4139 1440 4214 tuiS,
1478 4139 1674 4216 quasi
1710 4139 2018 4199 arborem
2053 4145 2119 4199 te
2152 4139 2369 4214 vide0,
2407 4156 2577 4217 quae
2616 4141 2681 4200 in
2716 4140 2893 4203 foliis
2929 4144 3074 4203 suis
3109 4143 3386 4203 multam

303 4238 716 4301 viriditatem
765 4240 988 4314 habet,
1027 4242 1092 4301 in
1123 4258 1254 4319 qua
1288 4249 1511 4303 tamen
1560 4259 1786 4303 ramus
1821 4260 1992 4303 unus
2027 4243 2294 4303 arescit.
2330 4242 2409 4303 Et
2458 4244 2784 4305 elementa
2819 4246 3066 4307 dicunt:
3102 4247 3236 4307 Nos
3269 4261 3390 4322 per

309 4344 696 4403 mixtionem
744 4345 1107 4406 viriditatis
1142 4349 1294 4406 tuae
1329 4346 1412 4405 ad
1447 4351 1510 4404 te
1558 4348 1886 4421 venimuS,
1923 4347 2040 4407 sed
2077 4347 2404 4424 quaedam
2459 4350 2894 4423 tempestates
2940 4364 3061 4408 nos
3096 4348 3386 4408 laedunt.

308 4446 448 4505 Hae
497 4454 652 4506 sunt
699 4448 1076 4508 dubietates
1111 4456 1177 4510 et
1215 4451 1602 4519 varietateS,
1639 4451 1752 4526 qui
1790 4453 1854 4509 in
1889 4452 2189 4511 moribus
2241 4452 2373 4512 tuis
2408 4468 2527 4527 per
2571 4452 3029 4513 tribulationis
3078 4455 3232 4512 tuae
3265 4453 3394 4513 cir-

309 4554 672 4615 cuitionem
707 4555 935 4631 bahem,
989 4559 1172 4616 velut
1207 4557 1677 4617 molendinum.
1717 4556 1840 4616 Sed
1875 4574 2002 4617 non
2038 4559 2157 4618 sic.
2196 4559 2438 4635 Aspice
2472 4560 2539 4619 in
2588 4575 2846 4635 agrum,
2882 4560 2997 4637 qui
3032 4566 3258 4621 aratro
3293 4575 3397 4619 re-

384 4736 514 4800 ¹)1n
536 4737 660 4794 edd.
682 4739 920 4811 epistola
941 4741 1096 4796 Lxx
1110 4742 1321 4799 directa
1345 4741 1414 4796 ad
1435 4743 1693 4799 eumdem
1716 4743 1809 4797 ab·
1898 4743 2080 4813 magis
2127 4743 2345 4812 integra
2381 4759 2550 4814 quam
2593 4745 2926 4816 praecedens
2963 4744 3201 4816 epistola
3244 4744 3393 4799 vide-

317 4826 533 4888 batem.
561 4825 684 4895 ejus
718 4842 922 4880 nomen
960 4827 1321 4896 significatur
1350 4833 1570 4884 tantum
1598 4844 1627 4883 a
1657 4827 1810 4883 litte·
1904 4834 2011 4885 tur.
2046 4860 2111 4869 —-
2137 4829 2182 4895 ³)
2203 4829 2395 4884 Abbas
2424 4830 2689 4886 innuitur
2715 4848 2784 4886 ex
2815 4836 3005 4885 tenore
3036 4829 3309 4900 epistolae
3335 4833 3392 4883 et

315 4928 381 4968 ra
407 4912 472 4974 B.
501 4917 561 4967 et
589 4911 647 4966 in
673 4927 733 4966 ea
758 4912 1045 4974 suadetur,
1069 4910 1217 4968 sicut
1245 4912 1359 4968 sere
1384 4914 1591 4969 caeteri
1619 4927 1812 4969 omnes
1901 4916 1974 4971 ob
2000 4916 2252 4987 symbola
2282 4915 2579 4986 hyacinthi
2605 4922 2658 4972 et
2692 4915 2883 4971 berilli
2904 4955 2920 4978 ,
2958 4914 3171 4984 quibus
3198 4912 3395 4984 lapidi-

315 4996 722 5056 modestissimi
749 4996 1010 5069 praelati.
1045 4996 1104 5051 in
1137 4998 1243 5053 hoc
1280 4998 1619 5054 commercio
1660 4998 1812 5054 litte·
1900 5001 2007 5056 bus
2034 5005 2091 5056 et
2118 5000 2405 5057 coloribus
2434 5001 2681 5056 minores
2710 4999 2947 5072 praelati
2988 5004 3250 5053 utuntur.
3292 4997 3396 5052 Re-

315 5100 532 5146 rarum‚
553 5098 624 5139 ne
651 5088 975 5155 susceptum
997 5098 1141 5139 onus
1160 5085 1441 5154 pastorale
1460 5084 1813 5141 dimittat.—
1902 5085 2044 5158 spici
2076 5085 2341 5141 videntur
2367 5086 2825 5157 Hirsaugienses,
2853 5084 2948 5141 sed
2977 5084 3177 5140 ultima
3199 5085 3396 5140 obscu-

317 5176 688 5246 2)1ntricatae
708 5172 1012 5245 apographi
1038 5171 1351 5242 scripturae
1373 5174 1686 5242 suppletur,
1713 5188 1812 5226 nee
1903 5187 1962 5226 ra
1991 5170 2231 5228 fortasse
2263 5171 2450 5234 hiant.
