4036 6117
788 445 920 504 514
1924 464 1975 508 s,
2031 459 2591 508 nient-:usuum

1107 598 1206 634 om.
1240 583 1296 635 et
1324 591 1492 651 supet·
1518 576 1707 634 omnia
1734 583 1861 636 autc
1887 575 2203 648 adimplent

1113 668 1171 724 in
1199 671 1437 723 mortem
1465 663 1686 722 corruit

1107 768 1235 811 cum
1265 750 1515 808 attendis

1105 856 1235 899 cum
1267 837 1603 894 multotiens
1631 835 1692 891 in
1716 839 1943 908 peccata

1000 930 1057 985 C.
1103 930 1313 984 bonum
1337 927 1520 983 facere
1539 922 1666 979 etsi
1695 930 1832 977 tunc
1855 922 1970 976 cod.
1988 920 2089 990 fol.
2112 923 2209 973 22.

1105 1014 1254 1071 unde
1279 1016 1506 1085 oportet

1103 1108 1240 1156 tunc
1267 1100 1416 1154 idem
1446 1097 1606 1169 pater

1105 1195 1160 1245 te
1188 1203 1405 1261 ponens
1428 1184 1697 1241 dulcibus
1719 1180 2078 1255 amplexibus

1100 1289 1272 1346 quam
1303 1285 1500 1330 verum
1527 1278 1750 1329 notares

990 1363 1055 1418 D.
1097 1381 1200 1420 om.
1229 1362 1328 1433 qui
1352 1360 1548 1431 justus
1570 1373 1631 1414 es
1656 1363 1713 1414 et
1740 1369 1908 1412 verax
1944 1360 2074 1410 ante
2108 1369 2210 1407 nec

1167 1447 1454 1521 judicium
1482 1459 1669 1502 meum

1073 1533 1432 1591 rectitudini
1459 1546 1594 1588 suae
1619 1526 1908 1585 ordinavit

837 1623 940 1675 ⁴23
968 1619 1032 1676 A.
1080 1619 1158 1675 ita
1172 1620 1325 1692 quod
1345 1616 1635 1690 sculptilia
1654 1615 1908 1671 fecerunt
1925 1613 2210 1684 quaeDia-

1166 1707 1334 1763 bolus
1369 1703 1600 1767 invasit.
1645 1711 1704 1759 et
1743 1702 2040 1773 inquibus
2081 1701 2211 1756 illos

1170 1800 1292 1848 tum
1339 1792 1399 1849 in
1443 1789 1759 1865 petulantia
1804 1785 2202 1858 hujusmodi...

1167 1890 1298 1936 cum
1360 1877 1505 1933 illud
1565 1887 1744 1945 genus
1796 1873 2207 1942 subsequentes

1162 1971 1476 2021 creaturam
1498 1968 1556 2017 et
1577 1961 1643 2016 ad
1662 1961 1845 2032 ipsum
1859 1958 1959 2030 qui
1980 1955 2203 2012 Diaboli

985 2049 1046 2106 B.
1083 2058 1204 2124 post
1231 2050 1290 2106 in
1318 2052 1435 2105 sole
1459 2065 1559 2104 om.
1587 2044 1853 2118 justitiae

1094 2141 1322 2197 illorum
1343 2153 1487 2211 quae
1514 2137 1573 2192 in
1596 2131 1897 2207 principali
1926 2128 2205 2203 sapientia

1164 2226 1325 2283 vobis
1348 2241 1451 2281 om.
1483 2223 1805 2292 inter-posita

1091 2313 1303 2387 quibus
1329 2311 1389 2367 in
1417 2319 1617 2364 vanam

1088 2401 1259 2459 mersi
1287 2398 1428 2456 estis

1092 2491 1273 2545 honor
1301 2485 1545 2546 habitat.
1573 2483 1670 2539 sed
1692 2480 1790 2537 illa
1811 2475 2109 2533 horribilis
2130 2477 2203 2531 la-

1161 2573 1338 2630 scivia
1365 2588 1511 2645 quae

1088 2670 1146 2717 et
1173 2662 1270 2716 ubi
1303 2659 1561 2716 vivificae
1598 2670 1681 2727 sp.
1726 2655 1785 2709 in
1814 2670 1863 2709 v.
1908 2670 1990 2725 sp.
2033 2653 2197 2708 habe-

952 2795 958 2800 .
1163 2744 1308 2802 bitis

984 2829 1042 2889 C.
1087 2832 1147 2887 in
1177 2831 1326 2886 vasis
1352 2827 1470 2885 suis
1497 2830 1584 2884 lac

1089 2934 1280 2977 caseos
1305 2915 1598 2976 facientes,
1624 2912 1725 2984 qui
1753 2912 1864 2969 sibi
1894 2909 1955 2966 in
1983 2912 2196 2967 mundo

1086 3009 1236 3065 unde
1261 3006 1435 3064 fortes
1459 3004 1606 3063 casei
1635 3004 1781 3060 tlunt

1085 3094 1238 3169 quod
1267 3094 1323 3150 in
1352 3090 1729 3166 prosperitate

1081 3189 1204 3258 poet
1233 3176 1508 3237 utilitatis
1532 3194 1633 3233 om.
1668 3173 1819 3230 vitae

979 3275 1045 3329 D.
1089 3272 1149 3328 in
1177 3265 1560 3327 teneritudine
1583 3278 1680 3320 sua
1711 3260 2002 3318 inutiliter
2027 3258 2191 3315 semi-

1156 3361 1380 3414 coctum
1406 3359 1465 3410 et
1489 3350 1628 3407 semi
1660 3352 2034 3420 temperatum

1088 3444 1168 3501 ita
1192 3442 1342 3516 quod
1371 3440 1468 3497 isti
1497 3435 1833 3493 multotiens
1859 3433 2024 3490 stulti

1085 3531 1143 3585 in
1169 3526 1437 3602 operibus
1461 3524 1581 3581 suis
1607 3527 1765 3584 sunt.
1790 3520 1924 3590 quia
1951 3519 2130 3573 Deum

1086 3615 1165 3670 ita
1190 3613 1344 3686 quod
1371 3611 1458 3667 illi
1485 3624 1647 3680 saepe

1087 3707 1333 3759 mentem
1362 3710 1520 3754 suam
1547 3691 1880 3751 multotiens
1904 3691 1974 3746 ad

1086 3788 1256 3846 multi
1284 3791 1474 3842 autem

1084 3875 1160 3932 ita
1192 3879 1378 3928 tamen
1402 3867 1551 3941 quod
1580 3866 1792 3923 multas

1082 3960 1179 4020 sed
1210 3966 1396 4017 tamen
1423 3955 1667 4012 victores
1691 3954 1951 4008 existunt

1080 4051 1140 4108 in
1164 4048 1359 4122 quiete
1387 4044 1543 4118 pacis
1566 4038 1924 4113 quiescerent

818 4146 920 4198 424
944 4143 1011 4198 A.
1055 4140 1274 4197 coercet
1300 4131 1577 4206 adjuvans

1073 4222 1223 4298 quod
1250 4234 1400 4277 mors
1426 4217 1576 4290 ipsos
1602 4211 1816 4269 intrare
1841 4214 2084 4267 conatur

1077 4322 1294 4382 semper
1318 4304 1593 4361 assistunt

1078 4396 1235 4451 nulla
1261 4389 1610 4447 obscuritate

1076 4474 1422 4537 mirabiliter
1448 4472 1784 4530 multotiens
1809 4470 1957 4528 t'acio

947 4560 1030 4623 ‘tt
1073 4567 1245 4624 etiam
1276 4561 1607 4618 vulneribus
1635 4573 1733 4631 per
1759 4557 1994 4612 multam

1077 4651 1375 4726 superbam
1419 4650 1668 4703 mentem
1715 4656 1872 4698 suam
1926 4640 2178 4713 ineptam

1147 4733 1445 4795 ascendere
1469 4733 1738 4807 putantes

1076 4840 1174 4881 sua
1221 4821 1468 4879 versutia
1512 4823 1610 4875 aut
1657 4814 1951 4872 ferocitate
1995 4814 2178 4887 possit

1145 4911 1387 4969 evellere
1411 4909 1527 4965 cod.
1557 4905 1657 4977 sol.
1689 4906 1777 4959 23.

1068 5006 1127 5056 et
1151 4991 1428 5068 aequitati
1457 5006 1613 5047 meae

1064 5081 1398 5140 multotiens
1434 5090 1660 5149 quoque
1700 5079 1758 5127 ut
1801 5074 1954 5128 vides
1982 5074 2079 5128 ubi
2110 5074 2170 5129 in

1141 5167 1429 5224 oblivione

2603 575 2661 632 C.
2708 565 3046 634 multotiens
3071 575 3244 635 etiam
3272 576 3423 634 banc

2710 665 2769 720 in
2800 668 2904 726 hac
2933 668 3054 738 lege
3079 684 3140 723 se

2704 776 2734 815 a
2764 777 2822 818 sc
2849 759 3154 816 abscidunt

2602 845 2664 899 D.
2708 844 3036 918 conceperit

2698 945 2829 986 cum
2859 931 2918 985 in
2946 935 3158 986 secreta

2702 1031 2799 1071 cor
2825 1015 3079 1088 ejusdem
3107 1013 3320 1070 formae

2706 1115 2795 1156 res
2819 1100 3071 1157 circuitu

2441 1188 2546 1240 485
2587 1185 2654 1240 Α.
2697 1185 2869 1255 regit.
2897 1188 3058 1243 velut

2706 1272 2931 1353 viribus
2960 1271 3085 1328 suis

2704 1358 2973 1430 quoniam
3005 1356 3358 1413 viriditatem

2700 1444 2807 1500 toti
2836 1443 3057 1515 corpori
3089 1441 3295 1497 tribuit
3325 1441 3483 1496 velut

2701 1531 2876 1587 ramis
2899 1530 3000 1585 dat

2698 1617 2890 1674 eadem
2923 1617 3097 1672 forma
3129 1614 3383 1671 hominis

2699 1704 2952 1776 ejusdem
2981 1701 3242 1759 mulieris
3268 1699 3591 1770 egrediente

2701 1794 2884 1857 (male)

2592 1875 2654 1934 B.
2697 1877 2809 1934 sibi
2839 1877 3084 1933 inducit.

2696 1980 2755 2021 se
2777 1962 3028 2037 proferre
3052 1960 3359 2018 ostendens

2597 2048 2656 2106 C.
2699 2066 2759 2106 se
2805 2050 3103 2106 incurvare
3144 2045 3469 2118 coeperint.
3507 2045 3677 2100 anima
3705 2046 3765 2099 le-

2768 2151 2865 2191 mo
2877 2151 2966 2191 res

2694 2221 2836 2292 quid
2863 2227 2952 2276 est
2972 2220 3111 2276 boc?

2695 2315 2756 2363 et
2778 2323 2977 2363 sensus
3002 2304 3258 2377 exspirat

2589 2392 2654 2449 D.
2699 2409 2757 2450 se
2783 2393 2851 2448 ad
2879 2391 3217 2447 movendum
3244 2390 3451 2447 babeat

2694 2480 2914 2534 sarcina
2944 2471 3319 2534 medullarum

2695 2564 2905 2621 infixus
2932 2571 3020 2620 est

2691 2650 3010 2706 certissime
3037 2647 3293 2721 procedit

2690 2739 2811 2795 sive
2835 2738 2980 2795 bona
3008 2739 3135 2794 sire
3162 2738 3307 2792 mala
3336 2734 3461 2790 sint

2689 2825 2809 2898 ipse
2837 2843 2899 2882 ea
2930 2826 3034 2881 boc
3067 2825 3231 2881 modo
3256 2822 3484 2880 excutit

2448 2915 2551 2967 426
2577 2910 2643 2969 A.
2687 2919 2789 2968 aut
2812 2911 3081 2968 amabilia
3108 2915 3210 2965 aut
3234 2907 3477 2965 odibilia

2686 3001 2773 3055 vel
2800 2999 2869 3054 ad
2900 3006 3140 3055 mortem

2689 3090 2911 3162 tepidae
2935 3094 2996 3145 et
3022 3103 3135 3142 non
3164 3084 3563 3154 intelligibiles

2683 3176 2779 3233 sed
2806 3182 2865 3233 et
2892 3180 3011 3247 ipse
3035 3179 3128 3231 est

2682 3260 2928 3319 medulla
2954 3260 3306 3331 reliquarum
3337 3254 3547 3313 virium
3568 3254 3757 3310 animae

2749 3348 3002 3404 existens
3028 3347 3186 3402 velut
3208 3345 3480 3399 humerus
3506 3341 3729 3414 corporis

2682 3432 2846 3490 tortis
2872 3439 2962 3490 cst

2675 3519 2827 3592 quod
2855 3518 3090 3576 inflexio
3117 3512 3339 3570 brachii
3361 3517 3445 3567 est

2680 3606 2759 3662 ita
2790 3609 3197 3675 nonoperatur

2674 3691 2815 3763 quid
2840 3696 2926 3747 est
2955 3691 3091 3767 boc?

2568 3776 2630 3833 B.
2677 3776 3006 3846 intelligens
3034 3775 3192 3829 velut
3213 3773 3330 3830 cod.
3359 3772 3459 3843 sol.
3492 3772 3588 3825 24.

2676 3864 2886 3917 malum
2916 3860 3273 3932 negligentes

2674 3947 2735 4002 in
2768 3948 2872 4004 hac
2898 3952 3058 4019 parte
3079 3945 3305 4000 animae

2678 4034 2846 4090 homo
2873 4032 3043 4103 qui...
3078 4046 3212 4087 suae
3234 4026 3505 4086 consistit
3528 4031 3592 4081 ut

2670 4120 2893 4176 scilicet
2919 4117 3187 4173 dext-rum

2668 4205 2922 4276 ejusdem
2950 4203 3154 4259 domus

2563 4292 2621 4347 C.
2663 4292 2926 4363 quodque
2951 4304 3095 4361 opus

2668 4376 2725 4432 in
2755 4375 3079 4447 inceptione
3105 4372 3273 4429 molit

2665 4482 2768 4522 om.
2803 4477 2931 4518 nam
2958 4468 3085 4517 ante
3107 4474 3233 4515 esca

2559 4549 2625 4606 D.
2671 4556 2858 4606 tamen
2888 4549 2945 4605 in
2977 4550 3268 4602 voluntate
3294 4546 3550 4615 graditur

2666 4636 2728 4693 in
2757 4636 2904 4691 idem
2937 4634 3366 4691 tabernaculum

2667 4725 2854 4797 turpis
2885 4723 3127 4780 laetitia.

2662 4826 2759 4867 sua
2791 4810 3048 4880 tangitur
3071 4813 3126 4864 et
3156 4806 3240 4864 sic
3271 4807 3585 4877 petulantia

2421 4905 2527 4955 427
2552 4900 2619 4956 A.
2663 4898 2733 4955 de
2751 4912 2860 4970 qua
2889 4897 2948 4952 in
2975 4900 3170 4951 eodem
3203 4894 3563 4952 tabernaculo

2657 4983 2993 5040 hominibus
3021 4981 3237 5037 faciens

2655 5086 2781 5128 cum
2809 5071 3002 5127 eadem
3036 5068 3152 5125 tab.

2655 5155 2990 5215 multotiens
3015 5153 3075 5211 in
3102 5152 3232 5211 odio
3259 5157 3315 5211 et
3343 5152 3403 5210 in
3431 5148 3660 5221 reliquis
