4036 6117
658 380 788 441 216
1804 399 1858 447 s.
1911 399 2448 451 ntLoEcAnms

2012 645 2252 704 LXXII.

1578 850 1754 922 Quae
1803 856 2117 929 maqister
2167 872 2392 913 cavere
2443 852 2691 912 debeat.

675 1058 782 1119 91.
832 1057 957 1118 Sed
1005 1057 1330 1133 magister
1376 1056 1492 1133 qui
1541 1072 1695 1117 cum
1742 1057 1977 1118 dolosa
2030 1059 2274 1135 injuria
2324 1074 2526 1137 super
2574 1060 2788 1119 bonos
2836 1064 2904 1117 et
2946 1058 3171 1134 justos
3209 1060 3341 1119 sibi
3376 1057 3676 1119 subditos

587 1163 790 1237 cadit,
822 1161 1094 1223 Judaeis
1126 1160 1243 1237 qui
1276 1159 1684 1237 Stephanum
1720 1162 2108 1238 lapidabant
2142 1164 2580 1237 assimilatum
2618 1164 2685 1223 et
2717 1164 2833 1240 qui
2869 1163 3258 1223 innocentes
3308 1170 3376 1223 et
3412 1167 3676 1224 sanctos

581 1266 843 1341 affligit,
879 1272 947 1325 et
982 1266 1075 1326 ita
1121 1265 1293 1325 bona
1341 1282 1547 1341 opera
1594 1282 1827 1326 eorum
1878 1283 1997 1343 per
2033 1268 2262 1344 iniqua
2300 1268 2516 1343 spolia
2554 1268 2718 1343 ipsis
2752 1268 3109 1343 abstrahit,
3149 1269 3349 1345 lupus
3383 1270 3675 1328 nomina-

587 1379 720 1448 tur3
754 1375 823 1431 et
854 1371 1155 1447 quicum
1186 1370 1381 1429 vanis
1427 1372 1495 1429 et
1526 1369 2071 1447 delinquentibus
2121 1373 2526 1448 pravitatem
2574 1387 2809 1432 eorum
2858 1372 3345 1432 dissimulando
3396 1373 3674 1432 societa-

584 1484 720 1538 tem
754 1477 975 1552 habet,
1013 1476 1208 1554 quasi
1237 1476 1344 1535 fur
1369 1476 1637 1550 dicitur;
1674 1477 1849 1536 unde
1884 1494 1921 1536 a
1957 1476 2265 1538 fidelibus
2300 1477 2730 1553 corripiatur,
2759 1472 2805 1556 ⁸)
2841 1492 2923 1536 ne
2956 1492 3227 1552 gregem
3253 1476 3517 1536 Domini
3544 1475 3673 1535 dis-

584 1586 778 1661 sipet.
828 1583 1048 1643 Bonus
1097 1588 1320 1643 autem
1372 1582 1694 1656 magister
1741 1582 2368 1657 praevaricantibus
2427 1581 2781 1658 discipulis
2830 1582 3066 1642 oculus
3126 1583 3190 1641 in
3238 1581 3346 1640 die
3392 1587 3462 1641 et
3508 1580 3676 1640 bona

583 1705 746 1748 cura
780 1688 847 1746 in
879 1691 1073 1748 nocte
1106 1687 1219 1761 sit,
1258 1702 1335 1745 ac
1368 1686 1535 1745 bene
1568 1691 1927 1761 operantes
1963 1702 2117 1745 cum
2152 1686 2412 1746 cithara
2447 1686 2694 1760 laudet,
2731 1691 2799 1745 et
2831 1687 3024 1747 bonis
3057 1702 3136 1746 ac
3169 1687 3445 1762 optimis
3478 1685 3675 1745 disci-

583 1791 761 1868 pulis
796 1789 1229 1868 congaudeat.

1993 1999 2266 2060 LXXIII.

1417 2210 1642 2269 Bonus
1690 2211 2004 2285 maqister
2046 2226 2220 2286 puro
2267 2211 2519 2270 aetheri
2571 2208 2829 2269 similis.

667 2420 780 2480 92.
832 2419 997 2478 Nam
1045 2416 1203 2478 boni
1251 2414 1559 2490 magistri
1592 2431 1760 2491 puro
1794 2415 2055 2475 aetheri
2103 2415 2590 2489 assimilantur,
2642 2415 2756 2491 qui
2791 2430 2944 2475 cum
2978 2415 3384 2476 discretione
3418 2419 3489 2477 et
3526 2432 3671 2476 cum

570 2529 761 2604 juxta
797 2524 1217 2601 correptione
1249 2522 1618 2597 discipulos
1652 2529 1912 2599 regunt.
2568 2516 2571 2519 ’
3118 2520 3124 2525 ’

1968 2729 2269 2791 LXXIIII.

1426 2933 1597 2997 Boni
1646 2934 1962 3013 discipuli
2010 2955 2248 2996 currus
2295 2940 2599 3015 magistri
2645 2940 2800 2999 sint.

639 3148 763 3210 93.
798 3146 923 3208 Sed
957 3145 1293 3221 discipuli,
1331 3144 1447 3220 qui
1481 3144 1654 3205 bona
1689 3144 2105 3221 subjectione
2138 3145 2325 3206 velut
2360 3163 2545 3207 auro,
2582 3152 2650 3207 et
2684 3147 2880 3207 bonis
2912 3146 3232 3222 operibus
3266 3147 3454 3207 velut
3490 3162 3671 3224 gem-

572 3253 703 3313 mis
749 3250 971 3312 ornati
1002 3250 1178 3322 sunt,
1215 3263 1453 3308 currus
1503 3247 1828 3323 magistro
1878 3265 2001 3309 suo
2051 3264 2204 3309 esse
2253 3249 2517 3324 debent,
2569 3250 3130 3326 quemadmodum
3178 3251 3487 3326 planetae
3541 3250 3664 3310 soli

569 3354 910 3415 assistunt.
961 3353 1036 3414 In
1083 3352 1186 3412 his
1234 3352 1513 3412 consilia
1547 3353 1852 3429 magistri
1884 3353 2274 3429 probentur,
2312 3370 2390 3414 ac
2422 3354 2783 3414 comitatus
2816 3370 3094 3432 operum
3129 3355 3344 3431 ipsius
3370 3369 3526 3413 cum
3563 3354 3664 3414 his

569 3460 756 3519 velut
786 3473 939 3518 cum
970 3472 1173 3516 curru
1209 3456 1687 3532 sustineantur,
1725 3457 1902 3517 sicut
1935 3457 2140 3517 etiam
2173 3463 2241 3516 et
2272 3458 2578 3534 planetae
2616 3459 2744 3519 soli
2777 3459 3178 3519 ministrant.

1986 3695 2221 3757 LXXV.

1630 3877 1722 3963 De
1772 3900 1932 3963 bono
1979 3913 2043 3963 et
2096 3923 2304 3981 pravo
2348 3922 2565 3984 opere.

649 4114 758 4178 94.
810 4113 1027 4193 Opera
1059 4115 1282 4175 autem
1317 4125 1489 4190 quae
1531 4109 1728 4173 homo
1764 4119 2103 4189 operatur,
2139 4128 2220 4174 ea
2241 4110 2291 4192 ²)
2329 4115 2411 4174 ad
2443 4114 2651 4174 Deum
2685 4113 2954 4191 dirigat,
2991 4114 3306 4192 quoniam
3339 4130 3507 4191 opus
3547 4113 3659 4175 ho·

561 4221 764 4282 minis
796 4220 971 4297 quod
1008 4219 1089 4278 ad
1121 4217 1329 4279 Deum
1357 4217 1590 4292 tendit,
1615 4217 1681 4276 in
1707 4217 2114 4278 coelestibus
2149 4216 2550 4293 fulminabit;
2588 4219 2764 4295 quod
2790 4235 2949 4279 vero
2976 4219 3058 4279 ad
3085 4218 3433 4279 Diabolum
3468 4235 3658 4279 ever-

559 4326 748 4399 titur,
774 4315 824 4403 ²)
863 4324 928 4382 in
960 4323 1195 4399 poenis
1229 4320 1792 4382 manifestabitur.
1827 4321 2004 4381 Deus
2037 4322 2211 4382 enim
2249 4322 2582 4383 hominem
2620 4324 2897 4398 creavit,
2935 4326 3002 4384 et
3027 4323 3125 4383 illi
3152 4324 3446 4399 reliquas
3473 4339 3657 4382 crea·

556 4435 743 4489 turas
793 4426 1110 4503 subjecit,
1162 4428 1492 4502 quatenus
1543 4424 1610 4485 in
1656 4427 1756 4486 eis
1805 4429 2218 4502 operaretur,
2260 4425 2353 4486 ita
2386 4432 2460 4486 ut
2492 4427 2665 4487 bona
2698 4443 2902 4503 opera
2935 4428 3150 4503 ipsius
3192 4443 3324 4487 non
3356 4427 3654 4487 deleren-

557 4541 689 4608 tur,
742 4534 919 4594 mala
967 4534 1190 4594 autem
1247 4548 1367 4609 per
1421 4533 1898 4592 commercium
1953 4533 2423 4594 manifestatae
2479 4534 2924 4610 poenitentiae
2979 4534 3427 4595 abolerentur.
3488 4534 3653 4594 Cum

548 4637 726 4697 enim
776 4636 972 4697 homo
1020 4635 1501 4712 proprietatem
1547 4635 1915 4697 voluntatis
1964 4648 2128 4696 suae
2160 4636 2409 4710 vendit,
2450 4638 2818 4712 pretiosam
2868 4638 3305 4712 margaritam
3349 4637 3533 4711 emit,
3575 4651 3651 4695 ac

547 4756 699 4801 eam
734 4740 800 4801 in
835 4740 1051 4799 sinum
1104 4755 1299 4799 suum
1349 4739 1629 4814 colligit,
1667 4745 1735 4800 et
1768 4745 2001 4817 postea
2035 4740 2442 4815 poenitentia
2479 4740 2660 4801 illius
2695 4756 2920 4801 coram
2955 4740 3111 4814 Deo,
3161 4740 3224 4800 in
3258 4739 3648 4800 confusione

549 4844 974 4920 serpentinae
1006 4844 1445 4920 deceptioniS,
1481 4858 1748 4919 semper
1783 4843 2083 4919 fulgebit.

619 5084 661 5154 ¹)
689 5087 1016 5160 corripietur·
1066 5084 1156 5140 W.
1191 5116 1256 5124 -—
1281 5085 1326 5156 2)
1352 5102 1414 5139 ea
1443 5099 1552 5138 om.
1585 5085 1649 5139 Α.
1687 5114 1747 5123 —
1776 5081 1820 5150 ²³)
1852 5082 1887 5137 f.
1922 5086 2168 5138 vertitur.
