4036 6117
1724 534 2162 581 EmsroLAE
3285 522 3409 582 331

404 649 865 709 Gemblacensi
916 650 1224 723 ecclesia,
1277 665 1396 724 pro
1432 651 1648 710 salute
1698 657 1812 712 tua
1843 653 1976 713 Deo
2030 654 2508 730 supplicanteS,
2562 657 2627 713 et
2664 654 2786 713 hoc
2839 656 3055 729 ipsum
3106 654 3405 712 vicissim
3444 671 3482 712 a

405 760 468 809 te
503 768 621 825 pro
674 753 837 828 ipsis
872 752 1016 811 fieri
1064 752 1512 812 obsecrantes,
1566 752 1791 815 Saluto
1828 760 1890 816 te
1939 757 2467 833 praecordialius
2514 773 2660 831 ego,
2715 759 2827 832 qui
2866 757 3033 817 hanc
3071 758 3189 817 tibi
3241 757 3480 831 scripsi

400 856 778 931 epistolam,
830 862 897 916 et
930 857 1124 917 multi
1159 857 1271 917 alii
1309 872 1591 933 mecum,
1643 865 1710 919 et
1747 861 1875 934 ipsi
1924 863 2302 922 orationum
2353 868 2616 922 tuarum
2654 863 2975 938 suffragia
3026 870 3477 939 exposcentes..

405 959 561 1018 Vale
597 960 662 1018 in
696 959 987 1033 ChristO,
1023 959 1298 1019 Domina
1333 959 1496 1020 mihi
1532 977 1796 1037 semper
1829 963 2246 1024 charissima.

1902 1174 1977 1233 11.

1151 1371 1568 1447 Hildeqardis
1617 1371 1696 1429 de
1746 1372 1933 1429 modo
1981 1374 2375 1433 visitationis
2426 1394 2603 1433 suae.
2654 1369 2697 1449 ¹)

402 1554 681 1615 uniberto
719 1557 1020 1628 respondet
1059 1556 1446 1626 Hildegardis.
1486 1574 1549 1613 ac
1577 1557 1849 1630 premisso
1886 1559 2092 1614 humili
2124 1560 2211 1614 sui
2242 1560 2420 1631 ipsius
2448 1567 2727 1631 respectu,
2758 1566 2815 1613 et
2842 1560 3193 1615 considerata
3233 1560 3483 1615 hominis

479 1642 695 1698 lubrica
737 1640 1069 1711 fragilitate.
1109 1643 1319 1719 repetit
1355 1643 1428 1698 ab
1468 1642 1713 1699 infantia
1753 1644 1953 1700 seriem
1996 1650 2326 1717 perpetuam
2369 1646 2686 1709 visionum,
2730 1647 3071 1716 modumque
3109 1652 3166 1702 et
3205 1647 3481 1703 rationem

478 1731 839 1787 revelationis
866 1747 965 1787 seu
990 1734 1325 1787 visitationis
1348 1749 1480 1787 suae
1503 1732 1761 1804 exponit.
1801 1739 1858 1787 et
1884 1748 1996 1802 quo
2024 1747 2298 1797 sermone,
2329 1734 2483 1804 quali
2513 1734 2748 1789 memori
2779 1735 3096 1797 intellectu,
3125 1735 3281 1804 quali
3310 1734 3481 1791 etiam

479 1835 604 1875 cum
633 1819 970 1876 infirmitate
997 1836 1055 1876 se
1082 1820 1308 1882 habeat,
1338 1819 1816 1876 comminiscitur.

1801 1982 1866 2037 Α.
1922 1988 2076 2038 ¹¹71.

493 2148 671 2207 Haec
721 2148 924 2207 verba
958 2165 1086 2207 non
1135 2166 1172 2207 a
1210 2163 1334 2223 me,
1389 2164 1508 2208 nec
1558 2148 1640 2207 ab
1675 2148 1806 2207 alio
1857 2148 2121 2210 homine
2170 2151 2339 2210 dico:
2394 2152 2509 2211 sed
2546 2158 2619 2211 ut
2653 2168 2732 2210 ea
2785 2152 2846 2209 in
2885 2167 3172 2227 superna
3224 2149 3480 2208 visione

403 2252 656 2328 accepi,
709 2251 994 2327 profero.
1031 2252 1082 2311 O
1132 2267 1325 2312 serve
1368 2251 1509 2326 Dei,
1562 2267 1682 2327 per
1730 2253 2078 2327 speculum
2129 2254 2301 2328 fidei,
2356 2255 2421 2313 in
2454 2271 2586 2330 qua
2619 2254 2827 2314 Deum
2875 2254 3334 2329 cognoscendo
3389 2254 3483 2311 in-

408 2356 647 2431 tendiS‚
682 2361 771 2430 et,
823 2372 859 2415 o
893 2355 986 2416 fili
1017 2355 1157 2429 Dei,
1208 2371 1327 2432 per
1379 2353 1840 2414 formationem
1879 2354 2190 2431 hominis,
2229 2358 2295 2416 in
2328 2374 2524 2433 quem
2573 2357 2748 2417 Deus
2796 2358 3121 2417 miracula
3171 2372 3294 2418 sua
3326 2374 3480 2417 con-

403 2463 623 2523 stituit
657 2468 723 2523 et
755 2464 1066 2538 signavit3
1104 2464 1262 2539 quia
1300 2464 1476 2522 sicut
1510 2464 1856 2538 speculum
1891 2464 1956 2522 in
1990 2481 2121 2539 quo
2157 2467 2621 2541 quodcumque
2658 2465 2987 2540 videntur,
3027 2466 3171 2524 vasi
3206 2481 3326 2524 suo
3365 2467 3483 2525 im·-

399 2568 686 2642 ponitur‚
740 2569 830 2629 ita
879 2570 1226 2630 rationalis
1275 2571 1496 2629 anima
1546 2570 1809 2644 corpori
1860 2572 2044 2630 velut
2094 2571 2277 2630 fictili
2322 2572 2468 2632 vasi
2520 2572 2923 2646 immittitur3
2976 2577 3305 2649 quatenus
3366 2589 3483 2649 per

400 2673 612 2746 ipsam
666 2690 910 2751 corpus
959 2676 1239 2736 videndo
1297 2679 1597 2751 regatur,
1656 2682 1723 2735 et
1772 2683 1842 2736 ut
1892 2680 2112 2736 anima
2161 2694 2277 2751 per
2335 2678 2529 2736 fidem
2577 2679 2894 2737 coelestia
2943 2678 3431 2752 contempletur
3460 2725 3474 2751 ‚

396 2777 551 2836 audi
584 2779 760 2853 quod
797 2779 1179 2839 indeficiens
1214 2780 1438 2843 lumen
1463 2780 1644 2839 dicit:

507 2881 714 2941 Homo
750 2884 1062 2942 coeles-tis
1096 2890 1162 2943 et
1212 2885 1555 2943 terrestris
1588 2895 1712 2944 est:
1764 2902 1881 2959 per
1930 2887 2173 2945 bonam
2222 2887 2490 2962 quidem
2541 2888 2892 2945 scientiam
2942 2887 3293 2947 rationalis
3344 2888 3483 2946 ani-

401 3000 567 3061 mae,
604 2987 937 3062 coelestis;
991 2994 1057 3046 et
1090 3004 1209 3064 per
1243 2989 1513 3058 malam,
1569 2987 1828 3066 fragilis
1863 2995 1930 3049 et
1964 2990 2385 3065 tenebrosus;
2436 2996 2503 3049 et
2536 2997 2783 3067 quanto
2832 3006 2903 3049 se
2941 2990 3003 3048 in
3038 2990 3209 3049 bono
3245 3006 3484 3066 cogno-

400 3091 550 3165 scit,
603 3098 784 3152 tanto
819 3095 1108 3168 amplius
1155 3093 1363 3153 Deum
1412 3095 1650 3170 diligit.
1688 3096 1852 3155 Nam
1903 3097 1958 3155 si
1995 3097 2254 3155 vultum
2306 3113 2501 3155 suum
2539 3097 2602 3155 in
2646 3098 2916 3172 speculo
2968 3097 3381 3156 sordidatum
3417 3103 3482 3155 et

405 3196 677 3268 pulvere
728 3213 1035 3272 sparsum
1087 3199 1446 3274 aspexerit,
1499 3199 1817 3258 mundare
1849 3206 1917 3259 et
1963 3205 2225 3274 tergere
2276 3201 2517 3259 studet:
2570 3203 2663 3259 ita
2705 3203 2906 3260 etiam
2962 3202 3019 3260 si
3056 3218 3127 3260 se
3171 3217 3481 3275 peccasse

400 3301 467 3358 et
495 3299 799 3359 varietati
829 3301 1197 3361 vanitatum
1225 3318 1298 3361 se
1328 3302 1720 3377 implicitum
1749 3319 1899 3362 esse
1927 3304 2348 3377 intellexerit,
2372 3306 2613 3379 gemat3
2637 3305 2948 3380 quoniam
2982 3305 3045 3363 in
3072 3305 3243 3364 bona
3271 3306 3482 3363 scien-

401 3404 492 3463 tia
528 3420 599 3463 se
632 3405 959 3480 pollutum
997 3407 1146 3481 scit,
1199 3409 1265 3466 et
1299 3422 1450 3466 cum
1485 3408 1836 3482 psalmista
1869 3408 2163 3482 plangat,
2216 3408 2464 3467 dicens:
2499 3407 2675 3467 Filia
2724 3407 3059 3467 Babilonis
3110 3411 3377 3484 misera,
3429 3406 3478 3486 ²)

400 3507 623 3567 beatus
659 3511 772 3586 qui
803 3509 1118 3569 retribuet
1156 3510 1270 3570 tibi
1303 3511 1805 3571 retributionem
1837 3520 2043 3586 tuam,
2080 3531 2278 3589 qua-m
2313 3513 2679 3571 retribuisti
2713 3511 2912 3571 nobis,
2954 3514 3200 3571 Beatus
3234 3516 3347 3590 qui
3391 3519 3482 3572 te-

407 3611 580 3671 nebit
616 3621 675 3672 et
712 3614 944 3672 allidet
975 3616 1286 3691 parvulos
1322 3622 1463 3674 tuos
1499 3618 1583 3675 ad
1610 3622 1898 3693 petram.
1935 3611 1983 3694 ⁸)

490 3717 672 3787 Quod
728 3723 865 3777 est:
926 3718 1227 3779 Humana
1283 3721 1824 3797 concupiscentia
1881 3738 1999 3796 per
2059 3738 2365 3798 spumam
2430 3725 2763 3798 serpentis
2820 3731 2926 3788 est
2982 3725 3279 3786 confusa.
3331 3727 3481 3802 Ipsa

400 3822 599 3880 etiam
651 3838 903 3898 pauper
936 3829 1002 3882 et
1049 3839 1256 3899 egena
1299 3832 1425 3893 est,
1476 3827 1792 3901 quoniam
1843 3827 1908 3885 in
1957 3828 2375 3906 speculativa
2425 3829 2702 3888 scientia
2754 3829 3120 3890 honorifica
3170 3831 3479 3908 opinione

403 3929 605 3984 caret:
658 3927 938 4000 scilicet,
989 3931 1166 4002 quod
1215 3929 1498 4003 gloriam
1548 3936 1859 3990 aeternae
1907 3932 2111 4004 vitae,
2158 3948 2357 4006 quam
2410 3947 2527 4006 per
2560 3932 2801 3991 bonam
2844 3933 3190 3992 scientiam
3226 3937 3477 4008 gustat,

403 4030 566 4089 adeo
600 4032 979 4106 quaerendo
1014 4047 1143 4091 non
1177 4033 1533 4094 desiderat.
1587 4034 1832 4094 Beatus
1868 4041 2090 4094 autem
2129 4036 2240 4094 ille
2275 4041 2399 4110 est,
2438 4036 2550 4111 qui
2586 4036 2838 4095 tenebit
2875 4036 3022 4110 hoc,
3061 4037 3237 4112 quod
3272 4056 3309 4096 a
3343 4038 3475 4097 Deo

401 4135 591 4209 vivit,
643 4141 709 4195 et
743 4136 932 4211 cujus
983 4139 1262 4197 scientia
1310 4153 1459 4196 eum
1495 4138 1714 4209 docet,
1768 4140 1924 4215 quia
1957 4139 2133 4199 Deus
2168 4157 2320 4199 cum
2354 4142 2683 4200 creaverit
2732 4147 2797 4199 et
2836 4141 3214 4217 redemerit;
3266 4150 3332 4202 et
3367 4144 3481 4219 qui

405 4245 678 4312 propter
728 4240 1188 4299 liberationem
1241 4241 1435 4310 hanc,
1473 4258 1603 4317 qua
1636 4241 1811 4302 Deus
1845 4242 2066 4318 ipsum
2104 4244 2438 4317 liberavit,
2477 4259 2739 4302 omnem
2781 4246 3025 4304 malam
3060 4248 3489 4306 consuetudi-

405 4359 556 4402 nem
606 4347 1033 4420 peccatorum
1083 4362 1357 4410 suorum
1392 4348 1698 4421 conterit,
1750 4354 1818 4407 et
1849 4364 2114 4408 ornnem
2151 4349 2490 4408 miseriam
2540 4354 2607 4407 et
2639 4355 3128 4424 paupertatem,
3182 4367 3381 4426 quam
3418 4353 3483 4411 in

406 4449 810 4508 coelestibus
844 4449 1101 4508 divitiis
1129 4449 1349 4521 habet,
1380 4467 1584 4526 supra
1617 4457 1875 4526 petram
1910 4452 2121 4522 illam,
2157 4470 2329 4529 quae
2364 4454 2853 4512 firmamentum
2887 4453 3321 4514 beatitudinis
3355 4461 3481 4526 est,

407 4551 693 4626 projicit.
725 4552 886 4610 Nam
922 4568 1072 4611 cum
1100 4552 1298 4613 homo
1349 4555 1745 4616 lutulentam
1767 4552 1814 4634 ⁴)
1852 4556 2266 4629 putredinem
2305 4573 2375 4615 se
2410 4555 2657 4616 habere
2692 4557 2842 4629 scit,
2879 4561 2945 4615 et
2978 4573 3399 4634 nequaquam
3449 4578 3486 4620 a

409 4659 607 4729 gustu
659 4663 1084 4730 peccatorum
1142 4674 1213 4716 se
1263 4660 1604 4718 continere
1648 4660 1847 4734 valet,
1899 4661 2301 4734 nigerrimae
2351 4678 2509 4719 aves
2551 4656 2597 4737 ⁵)
2649 4677 2800 4720 eum
2853 4667 3063 4720 totum
3116 4663 3483 4738 sordidant;

409 4760 525 4818 sed
574 4762 731 4819 tunc
781 4761 922 4834 ipse
956 4777 1075 4837 per
1125 4762 1518 4822 rationalem
1570 4765 1881 4839 animam,
1933 4782 2133 4840 quam
2183 4782 2304 4825 nec
2337 4766 2539 4838 videt,
2593 4782 2713 4825 nec
2756 4768 3121 4843 cognoscit,
3178 4769 3241 4828 in
3275 4769 3483 4830 Deum

486 4929 526 4994 ¹)
563 4930 743 5001 Epist.
786 4934 889 4985 2⁴0
929 4931 988 4987 in
1025 4931 1199 4987 catal.
1243 4934 1400 4989 codd.
1447 4936 1536 4990 W.
1583 4966 1649 4974 —
1684 4937 1729 5000 2)
1773 4936 1902 4992 Huc
1991 4953 2111 5008 cap.
2162 4936 2236 4992 11.
2302 4937 2400 4992 lib.
2452 4937 2526 4993 11.
2575 4936 2789 5005 Dialog.
2854 4938 2908 4993 S.
2963 4940 3218 5008 Gregorii
3274 4941 3479 4997 Patr-01.

414 5031 592 5086 usquc
618 5018 707 5072 W.
753 5018 936 5073 locum
979 5018 1337 5088 integriorem
1381 5020 1624 5092 requirit
1662 5038 1901 5092 sequens
1991 5022 2170 5077 XLVI
2209 5025 2315 5078 col.
2363 5027 2480 5080 1:32:
2532 5047 2552 5071 ι
2598 5023 2867 5078 Tentator
2904 5024 3110 5086 adsuit.
3155 5040 3279 5079 nam
3322 5025 3479 5095 nigra

412 5105 870 5163 commentarius.
911 5138 975 5148 -
1003 5107 1048 5174 ³)
1077 5108 1163 5164 Ps.
1206 5107 1464 5171 CXXX1,
1493 5113 1544 5164 8.
1577 5112 1626 5163 9.
1671 5139 1737 5150 -
1764 5109 1807 5172 ⁴)
1835 5111 1902 5165 li·
1995 5125 2273 5182 parvaque
2311 5108 2465 5172 avis,
2503 5125 2647 5180 quae
2688 5112 2847 5179 volgo
2886 5111 3094 5165 merola
3135 5110 3481 5174 nominatur,

414 5192 689 5251 talentum:
736 5194 823 5248 W.
861 5225 920 5232 —
960 5196 1001 5260 ⁵)
1043 5192 1079 5249 s.
1126 5193 1357 5266 respicit
1399 5193 1570 5248 vitam
1600 5195 1653 5250 S.
1698 5193 1899 5251 Bened.
1995 5196 2142 5251 circa
2171 5195 2291 5267 rjus
2322 5194 2516 5251 facicm
2552 5196 2784 5250 volitare
2815 5196 3018 5269 coepit.
3064 5221 3081 5242 ι
