4036 6117
1573 476 2036 526 emsa-onan.
2404 487 2414 496 ·
2884 461 2889 464 “
3159 445 3290 515 407

261 629 426 685 rem,
455 611 521 670 et
555 604 701 668 hoc:
732 607 875 667 Etsi
901 606 1258 681 imperitus
1287 621 1612 677 sermone,
1644 603 1758 662 sed
1784 620 1916 661 non
1950 601 2254 672 scientia,
2280 593 2326 675 ¹)
2365 597 2537 657 istud
2566 612 2851 672 quoque:
2893 596 3203 657 Libenter
3232 597 3367 675 ylo·-

263 714 480 775 riabor
504 716 576 771 in
610 707 1103 790 infirmitatibus
1128 706 1316 780 meis,
1352 713 1423 765 ut
1463 705 1778 766 inhabitet
1814 710 1887 765 in
1936 724 2040 763 me
2089 706 2300 761 virtus
2340 703 2605 775 Christi3
2644 720 2792 762 cum
2825 705 2999 760 enim
3035 701 3358 780 infirmor,

268 824 425 874 tunc
455 815 693 895 fortior
728 829 896 884 sum,
930 807 981 888 ²)
1016 814 1083 868 et
1117 810 1309 885 plura
1346 810 1410 867 in
1448 809 1622 867 hunc
1657 807 1946 868 modum.
1981 805 2061 865 Et
2091 805 2172 865 de
2206 802 2313 862 his
2348 803 2615 878 quidem
2653 802 2993 862 hactenus,

356 917 478 976 Sed
529 914 843 991 quoniam
894 927 972 970 ex
1019 913 1374 973 occasione
1422 910 1809 970 notificandi
1860 913 2104 982 statuS‚
2158 907 2320 966 mihi
2371 907 2617 965 mentio
2669 906 2902 965 incidit
2948 906 3367 967 venerandae

271 1025 507 1083 matris
557 1018 1010 1094 Hildegardis,
1063 1021 1131 1077 et
1185 1033 1224 1077 a
1273 1017 1584 1091 pluribus
1634 1033 1834 1092 saepe
1883 1023 1952 1076 et
1997 1016 2283 1075 multum
2326 1019 2618 1088 rogatus
2676 1027 2846 1084 sum,
2900 1016 2972 1069 ut
3019 1012 3125 1071 vel
3180 1027 3372 1087 prae·

272 1128 575 1187 sentibus
632 1123 968 1183 communi
1021 1136 1332 1181 sermone
1381 1135 1760 1192 narrarem,
1813 1119 1920 1177 vel
1957 1117 2348 1177 absentibus
2399 1115 2867 1191 qualicumque
2918 1113 3092 1187 stylo
3141 1129 3371 1173 exara-

270 1239 336 1291 ta
386 1229 936 1297 transmitterem,
990 1224 1215 1299 aliqua
1264 1222 1344 1281 de
1381 1229 1533 1281 ortu
1583 1222 2097 1282 conversatione
2131 1227 2198 1280 et
2249 1220 2483 1279 habitu
2522 1219 2759 1293 ipsiuS,
2813 1231 2984 1292 quae
3018 1223 3203 1276 tanto
3253 1217 3374 1277 ho·

271 1335 380 1393 die
438 1333 633 1406 longe
684 1330 947 1403 lateque
1008 1325 1223 1385 famae
1281 1325 1661 1384 celebratur
1725 1327 2120 1402 praeconiO,
2187 1324 2482 1383 divinam
2545 1320 2625 1380 ad
2675 1320 2802 1379 hoc
2864 1335 3054 1394 opem
3118 1320 3374 1396 efflagi-

273 1447 447 1510 tanS,
476 1435 660 1511 pium
688 1433 1002 1505 arbitror,
1037 1436 1104 1489 et
1138 1429 1475 1489 nonnullis
1501 1428 1896 1506 proficuum,
1931 1445 2066 1488 non
2101 1429 2415 1487 universa
2456 1426 2662 1498 illiuS,
2699 1423 2875 1499 quod
2910 1430 3093 1483 esset
3129 1424 3376 1501 impos-

274 1542 492 1613 sibile,
545 1538 658 1597 sed
710 1537 790 1596 de
836 1535 1241 1613 praecipuis,
1293 1537 1375 1594 et.
1401 1534 1482 1594 de
1532 1534 1636 1593 his
1684 1542 1908 1593 tamen
1960 1535 2027 1594 in
2074 1533 2319 1609 quibus
2368 1533 2551 1591 nulla
2601 1547 2884 1607 prorsus
2932 1531 3207 1591 veritati
3256 1531 3374 1591 fiat

277 1645 542 1720 injuria,
597 1642 834 1700 saltem
873 1653 1086 1715 pauca
1132 1637 1406 1697 referre.
1445 1639 1654 1697 Tanta
1701 1638 1876 1696 enim
1914 1653 2087 1714 quae
2135 1636 2442 1696 dicturus
2489 1650 2663 1708 sum,
2704 1632 2863 1692 mihi
2904 1634 3028 1693 fide
3064 1637 3378 1694 constant

279 1748 506 1822 animi,
558 1763 636 1806 ac
671 1748 727 1805 si
763 1763 841 1806 ea
878 1747 1045 1823 ipsis
1090 1747 1292 1805 etiam
1321 1745 1772 1805 exterioribus
1821 1745 2040 1804 oculis
2075 1743 2552 1822 perspexerim:
2587 1735 2635 1820 ⁸)
2674 1742 2917 1816 quippe
2967 1757 3117 1801 cum
3154 1743 3380 1818 aliqua

285 1869 364 1913 ex
412 1853 519 1913 bis
552 1854 637 1914 ab
686 1869 801 1914 ore
839 1854 1074 1931 ipsiUS,
1126 1853 1448 1930 pleraque
1495 1868 1727 1911 eorum
1763 1853 1984 1936 ‘relata
2032 1851 2148 1926 qui
2199 1849 2665 1917 interfuerant,
2716 1850 2783 1907 et
2815 1849 2989 1907 scire
3025 1865 3096 1908 se
3145 1850 3380 1909 certis-

281 1955 448 2013 sime
500 1953 902 2028 fatebantur,
953 1953 1322 2014 didicerim.
1374 1954 1499 2012 Sed
1532 1969 1613 2012 ne
1663 1951 2103 2028 praefationis
2151 1950 2505 2026 prolixitas
2553 1950 2774 2025 pariat
2827 1948 3195 2025 fastidium,
3242 1950 3383 2026 jam

283 2057 390 2114 hic
424 2055 775 2116 affectatae
804 2052 852 2135 ⁴)
888 2056 1099 2115 series
1134 2056 1540 2115 narrationis
1575 2060 1797 2114 sumat
1830 2053 2199 2112 exordium.

1663 2270 1993 2344 XXVII.

1134 2511 1557 2587 Hildeqardis
1608 2512 1762 2583 vita,
1814 2516 2079 2570 auctore
2132 2507 2461 2568 Guiberto.
2511 2502 2558 2585 ⁸)

294 2713 408 2768 Vix
438 2713 760 2785 incoeptum
783 2729 923 2785 opus
949 2728 980 2767 a
1002 2712 1201 2767 limine
1229 2687 1434 2782 pendet
1456 2710 1863 2783 interruptum,
1897 2709 2110 2766 fabrica
2137 2708 2373 2765 fortasse
2401 2708 2604 2781 potius
2637 2707 2947 2780 intercepta
2976 2725 3042 2764 ex
3070 2707 3233 2764 obitu
3260 2705 3391 2766 nn-

362 2799 619 2869 degardis
642 2814 812 2870 quam
842 2812 1158 2870 temporum
1183 2803 1285 2852 aut
1309 2795 1569 2852 codicum
1598 2794 1833 2868 injuria.

1692 2959 1748 2996 a.
1789 2940 1968 2996 1180.

1821 3137 1866 3195 Ι.

389 3346 615 3409 Electa
647 3346 838 3423 virgo
889 3353 956 3407 et
1002 3363 1249 3423 sponsa
1300 3343 1552 3407 Christi
1604 3342 2055 3420 HildegardiS,
2106 3344 2174 3403 in
2209 3343 2551 3404 territorio
2602 3344 3024 3420 Maguntinae
3073 3344 3400 3423 civitatiS,

302 3468 474 3528 quae
524 3454 588 3510 in
622 3451 960 3511 citerioris
1010 3450 1403 3510 Germaniae
1454 3449 1761 3524 partibus
1807 3449 1940 3508 sita
1973 3451 2099 3523 est,
2151 3448 2329 3506 circa
2365 3465 2609 3507 annum
2657 3449 3045 3510 Dominicae
3098 3452 3400 3513 incarna-

306 3555 508 3614 tionis
543 3553 974 3613 millesimum
1024 3554 1489 3627 centesimum,
1536 3550 1584 3631 ο)
1637 3553 1702 3612 in
1736 3553 2065 3628 principio
2075 3598 2182 3612 .....
2233 3559 2381 3612 orta
2424 3558 2549 3612 est.
2587 3554 2905 3615 Parentes
2956 3555 3103 3631 eius
3133 3553 3182 3636 ⁷)
3235 3574 3401 3635 quo·

304 3677 452 3721 rum
501 3661 674 3719 alter
728 3652 1248 3744 [Hildebertus],
1301 3661 1513 3719 altera
1563 3650 1967 3743 [Mathildis]
2024 3665 2263 3719 vocata
2310 3665 2448 3735 est,
2510 3663 2880 3722 saecularis
2933 3661 3110 3721 fastu
3158 3662 3402 3722 nobiti-

311 3766 473 3824 tatis
521 3764 869 3837 sublimeS,
917 3760 968 3843 ⁸)
1017 3780 1220 3841 opum
1269 3766 1689 3824 terrenarum
1739 3762 2083 3823 affluentia
2131 3764 2608 3839 exuberanteS,
2664 3766 2881 3827 famae
2930 3768 3275 3827 celeritate
3328 3768 3404 3826 il-

310 3871 596 3939 lustreS,
654 3876 721 3929 et
769 3869 946 3946 quod
1011 3870 1116 3929 his
1164 3870 1452 3943 excellit,
1489 3868 1843 3928 devotione
1900 3874 2286 3927 sanctorum
2349 3871 2416 3929 et
2470 3869 2830 3931 affectuum
2888 3877 2956 3931 et
3002 3887 3278 3946 operum
3336 3872 3404 3931 in

309 3970 516 4031 Deum
555 3971 912 4046 ferventes,
963 3989 1202 4033 nomen
1243 3972 1536 4031 habuere
1571 3970 1840 4047 grande,
1873 3970 2063 4046 juxta
2111 3986 2351 4030 nomen
2384 3987 2775 4047 magnorum
2822 3974 2935 4049 qui
2974 3980 3128 4034 sunt
3162 3975 3229 4034 in
3276 3981 3409 4035 ter-

389 4189 433 4253 ¹)
472 4188 545 4244 11.
577 4188 700 4245 Cor.
731 4189 837 4252 Xl,
867 4194 917 4245 6.
950 4220 1016 4230 ---
1042 4191 1088 4256 ²)
1114 4188 1188 4245 11.
1220 4162 1341 4246 Cor.
1371 4187 1507 4251 xn.
1532 4193 1582 4244 3.
1613 4192 1723 4243 etc.
1752 4216 1818 4226 -—·
1914 4185 2026 4240 ima
2047 4189 2105 4241 ct
2134 4184 2193 4241 in
2227 4186 2433 4242 ultimo
2462 4186 2599 4245 solio
2624 4188 3036 4259 quaternionis.
3068 4188 3302 4246 Excidit
3325 4206 3413 4245 er-

315 4272 362 4339 3)
382 4278 752 4348 prospexerint
776 4274 899 4330 cod.
928 4305 997 4315 --
1020 4274 1066 4339 ⁴)
1091 4277 1343 4346 affectare
1378 4274 1499 4331 cod.
1529 4278 1721 4345 aperte
1761 4272 1821 4327 in
1913 4287 1980 4341 go
2008 4287 2247 4343 sequens
2272 4272 2599 4337 fasciculus,
2627 4273 2729 4345 qui
2755 4275 2894 4332 alibi
2924 4276 3147 4331 utinam
3183 4276 3409 4333 tandem

317 4372 506 4430 apogr.
527 4389 593 4399 -·-
612 4361 657 4423 ὅ)
681 4358 767 4414 Ex
781 4358 902 4414 eod.
930 4358 1051 4415 cod.
1072 4358 1169 4415 sol.
1207 4365 1325 4416 187.
1343 4360 1558 4431 Operae
1572 4360 1819 4430 pretium
1912 4356 2247 4429 reperiatur!
2280 4358 2387 4414 Sed
2414 4359 2562 4430 quod
2597 4360 2796 4423 miror.
2824 4376 3005 4432 neque
3040 4361 3417 4419 Mabillonius

317 4449 469 4500 esset
493 4443 779 4514 integrum
802 4460 942 4515 opus
967 4444 1260 4507 babere.si
1288 4449 1476 4500 tamen
1497 4445 1820 4500 absolutum
1912 4447 2011 4518 qui
2060 4446 2281 4503 codices
2323 4446 2590 4504 Guiberti
2630 4446 2827 4512 novit,
2879 4465 3060 4520 neque
3096 4450 3419 4508 Martenius

320 4528 527 4592 fuerit,
580 4533 779 4601 utpote
817 4529 879 4584 in
917 4531 1038 4586 loco
1074 4537 1133 4586 et
1173 4537 1422 4602 tempore
1461 4530 1606 4603 ipso,
1658 4530 1819 4601 quasi
1912 4533 2014 4604 qui
2055 4533 2277 4588 eosdem
2336 4532 2551 4587 evolvit
2588 4537 2645 4588 et
2683 4533 2892 4606 partim
2951 4534 3276 4608 descripsit,
3320 4552 3418 4593 ne-

223 4611 233 4621 ’
321 4620 430 4676 sub
463 4618 646 4675 oculis
672 4617 1060 4688 Hildegardis,
1093 4625 1405 4677 exaratum.
1444 4619 1552 4676 Sed
1587 4636 1656 4675 ex
1685 4618 1824 4691 ipsis
1914 4634 2026 4689 que
2070 4616 2427 4674 Bollandiani
2471 4617 2776 4675 Gcmblaco
2830 4619 3195 4684 vicinissimi.
3241 4621 3420 4677 ullam

320 4704 394 4760 ab
433 4702 606 4759 initio
647 4703 831 4760 tribus
870 4704 1124 4768 lacunis.
1166 4704 1376 4762 inferre
1414 4704 1552 4761 licet
1589 4705 1672 4759 nil
1712 4703 1825 4760 nisi
1913 4706 2089 4778 hujus
2113 4705 2262 4761 vitae
2285 4704 2613 4760 memoriam
2636 4704 3018 4776 reliquerunt,
3043 4706 3216 4762 immo
3236 4713 3420 4764 exsta-

323 4788 674 4846 schediasma
716 4788 1112 4860 imperfectum
1139 4789 1496 4847 remansisse.
1527 4790 1665 4862 Spes
1691 4805 1828 4845 non-
1917 4808 1978 4847 re
2004 4806 2127 4847 eam
2146 4790 2337 4846 ultimi
2364 4795 2591 4860 negant.
2619 4789 2696 4854 cf,
2720 4793 2852 4848 Acta
2877 4791 2973 4848 SS.
3002 4793 3099 4848 1.1.
3126 4809 3183 4848 n.
3206 4797 3326 4849 ¹9⁴.
3351 4822 3421 4836 -

324 4876 483 4931 nulla
519 4872 658 4937 fuit,
701 4873 819 4930 sore
857 4879 924 4930 ut
966 4875 1162 4932 lacuna
1193 4877 1527 4947 impleretur
1554 4893 1621 4931 ex
1649 4878 1828 4933 altero
1918 4880 1965 4941 ⁸)
1991 4878 2060 4935 Α.
2096 4881 2233 4933 1098
2261 4877 2477 4949 placuit
2501 4877 2890 4942 Bollandistis;
2924 4878 3056 4935 aliis
3080 4896 3129 4936 a.
3168 4884 3322 4936 1099.
3353 4911 3425 4923 ·-

324 4959 588 5019 (wiberti
628 4959 820 5016 codice
841 4960 1219 5016 Bruxellensi.
1247 4960 1545 5017 Curatores
1574 4978 1703 5017 vero
1748 4962 1831 5018 in·
1922 4965 1967 5027 Ι1)
1995 4982 2179 5021 eorum
2199 4964 2323 5021 cod.
2344 4980 2472 5020 cum
2501 4965 2876 5036 sequentibus
2904 4964 3142 5021 lacunis.
3168 4996 3232 5006 —-
3258 4965 3304 5029 ⁸)
3331 4966 3434 5021 Pa-

330 5045 599 5115 tet-rogati
627 5045 869 5101 comiter
896 5047 1307 5118 responderunt
1333 5048 1584 5103 eamdem
1611 5048 1689 5104 ibi
1714 5049 1834 5104 hia·
1928 5055 2014 5106 ter
2054 5052 2299 5106 vasallus
2337 5056 2460 5105 erat
2496 5049 2845 5119 meginharti
2885 5048 3117 5107 comitis
3154 5049 3219 5104 dr
3261 5049 3439 5122 Span-

324 5145 386 5186 re
426 5133 710 5195 lacunam,
751 5147 865 5187 non
907 5148 1036 5188 vero
1075 5131 1134 5188 in
1177 5133 1360 5189 media
1388 5134 1614 5206 pagina.
1645 5136 1829 5193 sedin
1926 5137 2101 5194 heim.
