4036 6117
733 474 870 538 436
1879 493 1930 536 s,
1983 490 2544 537 nthnoAnnts

659 612 913 672 veteris
962 617 1028 672 et
1069 613 1220 671 novi
1274 611 1681 672 Testamenti
1733 613 2058 687 sapiebat.
2109 614 2246 672 Non
2297 619 2523 672 autem
2573 613 3189 687 interpretationem
3239 612 3612 673 verborum
3660 606 3773 671 vel

646 703 932 775 ¹casuum
983 724 1097 775 aut
1142 723 1519 792 temporum
1569 717 2016 791 cognitionem
2050 718 2379 793 capiebat.
2431 718 2595 776 Nam
2634 717 2758 775 hoc
2807 719 2982 777 sicut
3018 717 3100 776 ad
3148 718 3513 777 Adrianum
3547 714 3607 794 ⁴)
3646 716 3776 776 Pa-

653 834 811 894 pam
844 822 1139 895 scripsit‚
1193 822 1320 879 sibi
1356 822 1586 880 datum
1637 838 1763 880 non
1799 837 1974 894 esse,
2014 822 2081 881 in
2114 822 2683 893 coelesti-visione
2720 823 2996 882 audivit.
3035 823 3159 882 Sed
3194 824 3587 899 praedictus
3628 839 3775 883 mo-

655 927 913 986 nachus
963 927 1108 1001 ejus
1160 928 1256 985 rei
1310 928 1535 985 limam
1585 927 1871 1000 habeuS,
1925 926 2005 984 ad
2058 932 2290 1000 aptum
2339 943 2579 986 sonum
2629 927 2973 986 hominum
3024 929 3322 987 visiones
3371 935 3440 989 et
3500 930 3770 1003 scripta

658 1029 999 1104 expolivit.
1053 1029 1219 1099 Quia
1256 1045 1413 1087 vero
1447 1045 1610 1087 vasa
1659 1029 1845 1104 figuli
1891 1029 2134 1103 probat
2172 1029 2426 1103 fornax,
2472 1036 2540 1088 et
2576 1031 2793 1088 virtus
2830 1031 2894 1089 in
2947 1031 3333 1090 infirmitate
3382 1032 3766 1107 perficitur,

657 1134 1009 1192 continuos
1069 1133 1336 1208 quidem
1395 1132 1660 1192 dolores
1711 1134 2108 1207 languorum
2167 1149 2365 1208 saepe
2414 1134 2817 1209 patiebatur,
2855 1137 2921 1194 et
2953 1135 3034 1193 de
3083 1134 3190 1193 his
3241 1152 3392 1194 cum
3436 1135 3770 1209 Apostolo

658 1238 883 1295 tamen
934 1236 1170 1295 fortior
1215 1243 1282 1294 et
1330 1238 1566 1311 potens
1614 1235 2054 1296 efficiebatur.
2109 1237 2407 1313 Cumque
2452 1237 2591 1312 jam
2621 1243 2904 1313 .tempus
2953 1238 3257 1312 instaret,
3308 1254 3441 1313 quo
3492 1237 3575 1296 ad
3618 1253 3779 1311 pro-

663 1341 913 1400 fectum
962 1343 1324 1399 multorum
1371 1342 1580 1400 vitam
1613 1347 1681 1400 et
1730 1340 2107 1400 doctrinam
2153 1340 2301 1415 ejus
2341 1341 2517 1399 Deus
2568 1341 3054 1413 manifestaret,
3115 1357 3281 1400 voce
3327 1341 3410 1400 ad
3461 1357 3620 1401 earn
3671 1341 3779 1401 di·

657 1446 911 1504 vinitus
950 1445 1125 1504 facta
1172 1451 1659 1514 commovetur,
1714 1450 1786 1503 ut
1819 1460 1990 1520 quae
2027 1445 2107 1502 de
2157 1449 2422 1504 caetero
2470 1445 2755 1517 videret,
2809 1445 2914 1503 vel
2950 1445 3235 1518 audiret,
3288 1445 3593 1503 scribere
3634 1460 3769 1504 non

660 1551 1112 1608 cunctaretur.
1157 1549 1274 1607 Sed
1329 1565 1480 1607 cum
1530 1565 1733 1624 super
1783 1548 1886 1606 his
1937 1548 2309 1608 verecunde
2362 1548 2747 1623 haesitaret,
2803 1549 3187 1608 infirmitate
3237 1547 3769 1623 corripiebatur:

660 1668 700 1711 a
732 1669 862 1727 qua
915 1657 1159 1728 tamen,
1211 1670 1363 1712 cum
1405 1653 1488 1713 ab
1537 1652 1779 1711 abbate
1830 1669 1948 1711 suo
1998 1652 2377 1725 adhortata,
2418 1668 2685 1712 manum
2721 1653 2802 1711 ad
2838 1652 3265 1711 scribendum
3314 1652 3601 1728 appulit,
3658 1667 3766 1709 sa-

655 1757 961 1816 nabatur.
1022 1757 1200 1828 Quae
1247 1763 1472 1816 autem
1523 1757 1796 1829 viderit,
1850 1773 2022 1832 quae
2072 1756 2452 1830 scripserit,
2505 1773 2678 1832 quae
2727 1757 3060 1830 docuerit,
3113 1757 3266 1832 quis
3316 1755 3512 1816 facile
3561 1772 3765 1815 enar—

660 1880 810 1923 rare
844 1865 1125 1941 poterit?
1157 1864 1351 1923 Certe
1388 1864 1548 1923 illud
1601 1879 1909 1937 magnum
1946 1863 2225 1937 pelagus
2261 1862 2583 1921 librorum
2619 1862 2785 1937 eJuS,
2839 1863 3099 1921 scilicet
3133 1863 3302 1921 liber
3336 1862 3452 1937 qui
3501 1861 3767 1921 dicitur

663 1973 931 2044 SciriczS,
969 1976 1035 2031 et
1071 1970 1239 2029 liber
1292 1970 1472 2030 Vitae
1519 1973 1933 2044 meritorum,
1986 1970 2157 2028 liber
2204 1985 2471 2044 quoque
2521 1970 2911 2028 Divinorum
2944 1988 3215 2045 operum
3262 1970 3551 2044 ingentia
3605 1973 3765 2026 sunt

656 2080 1106 2149 monumenta,
1160 2077 1224 2133 et
1258 2074 1687 2150 propheticae
1736 2074 1992 2147 gratiae
2041 2063 2460 2142 documenta,
2500 2073 2675 2148 quod
2714 2074 2778 2132 in
2813 2089 2890 2132 ea
2927 2074 3278 2149 sapientia,
3315 2073 3509 2148 quasi
3548 2073 3621 2130 in
3658 2088 3769 2130 so-

659 2185 748 2244 lio
782 2183 1141 2260 potentiae,
1192 2180 1463 2240 sublimi
1498 2181 1900 2239 auctoritate
1934 2180 2229 2253 sedebat,
2267 2185 2333 2237 et
2367 2195 2487 2255 per
2519 2196 2669 2239 eam
2706 2196 2928 2239 rerum
2958 2179 3209 2254 judicia
3242 2178 3672 2238 decernebat.

2170 2372 2240 2431 V.

749 2556 918 2615 Illud
953 2561 1300 2630 praeterea
1337 2554 1567 2613 mirari
1596 2553 1704 2612 vix
1733 2553 1898 2612 satis
1936 2568 2323 2628 pOSSUmUS,
2363 2553 2541 2628 quod
2578 2568 2728 2612 cum
2757 2554 3141 2612 litterarum
3178 2568 3311 2611 non
3338 2551 3624 2611 haberet
3657 2564 3762 2609 co-

657 2658 1046 2733 gnitionem,
1105 2662 1171 2715 et
1221 2657 1482 2715 litteras
1531 2657 1720 2731 prius
1773 2655 2051 2726 invisaS‚
2094 2660 2158 2712 et
2210 2655 2473 2728 linguae
2511 2660 2704 2714 antea
2743 2656 3081 2714 inauditae
3128 2641 3506 2729 composuit
3556 2653 3765 2713 ratio-

661 2778 836 2835 nem,
890 2760 1161 2835 insuper
1209 2766 1277 2818 et
1325 2775 1598 2818 suavem
1647 2764 1884 2817 cantus
1937 2758 2293 2816 melodiam
2344 2759 2422 2816 ad
2474 2760 2770 2817 musicae
2821 2759 2990 2816 artis
3040 2750 3527 2833 symphoniam.
3579 2756 3757 2815 Haec

660 2864 883 2922 omnia
911 2863 991 2921 ad
1028 2863 1363 2935 praelatos
1391 2862 1811 2936 Moguntinae
1840 2863 2168 2920 ecelesiae
2195 2878 2345 2920 cum
2385 2861 2671 2920 fuissent
2704 2862 2985 2936 perlata,
3014 2858 3063 2938 ²)
3100 2860 3523 2919 discussione
3551 2857 3750 2932 facta,

659 2969 930 3027 inventa
978 2971 1135 3024 sunt
1169 2981 1294 3023 non
1346 2964 1611 3023 aliunde
1662 2980 1862 3040 quam
1897 2982 1932 3023 a
1981 2965 2115 3024 Deo
2165 2964 2490 3023 ordinata.
2528 2964 2740 3038 Super
2773 2963 2937 3023 haec
2983 2962 3272 3023 domnus
3318 2962 3501 3037 Papa
3546 2961 3760 3035 Euge-

658 3073 843 3145 niuS‚
893 3076 1272 3129 cumesset
1322 3070 1670 3143 'freberiS,
1721 3076 2001 3145 accepta
2048 3070 2248 3143 hujus
2299 3070 2605 3129 miraculi
2655 3070 2820 3144 side,
2882 3070 3138 3129 nuntiis
3187 3074 3254 3128 et
3302 3068 3555 3128 litteris
3612 3068 3755 3127 suis

656 3195 804 3238 eam
839 3177 1162 3247 visitavit,
1217 3191 1472 3250 suaque
1520 3176 1920 3235 auctoritate
1956 3175 2037 3233 ad
2090 3175 2518 3234 scribendum
2554 3191 2631 3234 ea
2680 3191 2851 3250 quae
2889 3175 2953 3233 in
2988 3174 3232 3249 spiritu
3279 3173 3567 3246 viderat,
3619 3174 3757 3233 ani·-

660 3283 887 3342 mavit.
933 3281 1090 3341 Post
1125 3281 1287 3339 haec
1322 3283 1512 3356 gravi
1564 3282 1949 3341 infirmitate
1986 3281 2349 3350 laboravit,
2400 3281 2609 3339 donec
2645 3281 2725 3339 ad
2779 3282 2995 3340 locum
3033 3281 3163 3340 sibi
3211 3281 3495 3341 coelitus
3531 3286 3758 3342 osten·-

658 3407 805 3450 sum
839 3389 1261 3462 demigravit.
1299 3388 1421 3459 Qui
1457 3390 1642 3448 locus
1685 3390 1769 3448 ab
1804 3389 2078 3463 antiquo
2116 3389 2484 3462 neglectuS,
2539 3389 2695 3447 licet
2731 3395 2888 3448 tunc
2922 3406 3074 3449 raro
3110 3389 3520 3449 incoleretur
3568 3388 3750 3449 habi·

658 3500 897 3563 tatorc,
952 3498 1174 3551 tamen
1210 3494 1380 3551 inter
1414 3509 1649 3567 vepres
1700 3499 1766 3553 et
1817 3494 2047 3552 vineas
2097 3493 2481 3552 continebat
2528 3494 2888 3552 ecclesiam
2938 3494 3149 3553 sancti
3186 3493 3465 3552 Roberti
3513 3500 3581 3552 et
3615 3509 3749 3552 ma-

659 3598 784 3656 tris
832 3596 1001 3671 ejus,‚
1055 3596 1143 3655 ibi
1193 3596 1704 3670 quiescentium,
1756 3596 2212 3656 venerabilem
2265 3596 2536 3656 honore.
2587 3598 2684 3657 Ibi
2739 3614 2926 3672 virgo
2974 3598 3091 3656 Dei
3141 3614 3295 3657 cum
3342 3597 3454 3657 XX
3501 3598 3747 3673 puellis

661 3699 1047 3786 aliquandiu
1100 3700 1403 3758 maximis
1454 3702 1792 3775 pressuris
1827 3702 2277 3776 affligebatur,
2313 3720 2350 3761 a
2387 3703 2631 3778 quibus
2666 3703 2957 3778 tandem,
2991 3702 3124 3762 Deo
3167 3703 3581 3776 consolante,
3618 3698 3754 3761 suf·-

664 3805 962 3864 ficienter
997 3803 1442 3862 relevabatur.

2156 4016 2256 4075 VI.

749 4222 1168 4281 Confluentes
1219 4222 1474 4283 interea
1521 4225 1603 4283 ad
1639 4240 1711 4283 se
1747 4224 1980 4284 turbas
2029 4225 2414 4299 exhortanS,
2467 4224 2707 4284 abdita·
2728 4224 3050 4284 mentium
3084 4240 3317 4284 earum
3365 4220 3749 4282 manifesta·

658 4328 775 4387 vit.
812 4326 936 4385 Sed
971 4333 1036 4386 et
1073 4328 1400 4403 quosdam
1443 4331 1924 4389 necessitatum
1959 4330 2433 4403 corporalium,
2486 4330 2811 4404 quosdam
2849 4331 3240 4405 languorum
3278 4328 3625 4388 laboribus
3659 4326 3753 4385 al-

655 4433 969 4491 leviabat.
1020 4432 1459 4492 praevidebat
1493 4434 1669 4492 enim
1716 4412 1792 4492 in.
1817 4434 2061 4509 spiritu
2094 4435 2303 4492 vitam
2355 4433 2695 4493 hominum
2732 4442 2799 4493 et
2833 4435 3435 4507 conversationem,
3488 4439 3557 4491 et
3589 4447 3747 4508 quo-

659 4534 963 4595 rumdam
998 4536 1174 4593 vitae
1218 4538 1590 4609 praesentis
1625 4536 2299 4605 consummationem,
2352 4553 2430 4595 ac
2466 4538 2832 4596 secundum
2881 4538 3275 4614 qualitatem
3325 4534 3745 4607 meritorum,

658 4642 942 4717 gloriam
990 4641 1096 4699 vel
1145 4656 1393 4715 poenas
1442 4641 1817 4699 animarum
1865 4657 2118 4701 eorum.
2168 4642 2338 4700 Illud
2389 4644 2592 4701 etiam
2642 4643 3012 4718 pret10sum
3060 4644 3225 4714 erat,
3279 4640 3456 4716 quod
3504 4637 3751 4715 puellis

657 4747 798 4806 suis
845 4747 908 4804 in
939 4746 1186 4805 divinis
1221 4747 1485 4822 officiiS,
1533 4748 1720 4823 juxta
1760 4748 2217 4807 habitudinem
2252 4749 2474 4808 cordis
2511 4750 2640 4823 sui,
2680 4750 3123 4824 respondebat
3172 4747 3750 4808 benedictionibus

655 4853 968 4930 propriis,
1008 4852 1304 4927 Cumque
1341 4854 1692 4927 cogeretur
1731 4869 1847 4927 per
1878 4855 2236 4923 visionem,
2274 4860 2347 4912 ut
2385 4854 2721 4913 laboraret
2757 4856 2935 4914 circa
2972 4854 3100 4913 loci
3136 4855 3236 4913 sui
3273 4852 3746 4928 emancipatio-

722 5074 766 5134 ¹)
796 5074 909 5130 Hic
935 5075 1080 5139 alter
1111 5073 1457 5144 biographus
1485 5073 1869 5129 Theodoricus
1899 5073 2158 5129 rescribi·
2248 5074 2380 5129 dum
2423 5080 2507 5129 cst
2552 5079 2625 5131 ad
2670 5077 3034 5133 Anastasium.
3074 5108 3140 5116 —
3167 5079 3213 5143 2)
3258 5076 3378 5131 Νοη
3405 5073 3620 5139 omnia.
3648 5068 3742 5130 sed

657 5165 748 5213 tur
783 5175 910 5215 cum
939 5161 1131 5215 eodem
1163 5161 1386 5223 mondo,
1427 5161 1525 5216 ubi
1556 5178 1655 5232 pro
1683 5161 1929 5216 Adriano
1972 5163 2153 5229 legen·
2248 5176 2374 5231 pars
2418 5167 2635 5217 tantum
2667 5162 2875 5234 prioris
2900 5164 3086 5236 operis
3112 5179 3344 5220 excussa
3372 5167 3479 5219 est.
