<?xml version="1.0" encoding="UTF-8"?>
<!DOCTYPE html PUBLIC "-//W3C//DTD XHTML 1.0 Transitional//EN"
    "http://www.w3.org/TR/xhtml1/DTD/xhtml1-transitional.dtd">
<html xmlns="http://www.w3.org/1999/xhtml" xml:lang="en" lang="en">
 <head>
  <title>
</title>
<meta http-equiv="Content-Type" content="text/html;charset=utf-8" />
  <meta name='ocr-system' content='tesseract 3.04.00' />
  <meta name='ocr-capabilities' content='ocr_page ocr_carea ocr_par ocr_line ocrx_word'/>
</head>
<body>
  <div class='ocr_page' id='page_1' title='image "analectasacrasp05pitrgoog_0345.png"; bbox 0 0 4036 6117; ppageno 0'>
   <div class='ocr_carea' id='block_1_1' title="bbox 1348 489 3379 554">
    <p class='ocr_par' dir='ltr' id='par_1_1' title="bbox 1348 489 3379 554">
     <span class='ocr_line' id='line_1_1' title="bbox 1348 489 3379 554; baseline -0.001 -2"><span class='ocrx_word' id='word_1_1' title='bbox 1348 505 1764 553; x_wconf 71' lang='lat' dir='ltr'>sxroslrio</span> <span class='ocrx_word' id='word_1_2' title='bbox 1812 506 2466 554; x_wconf 70' lang='lat' dir='ltr'>EVANcamonum.</span> <span class='ocrx_word' id='word_1_3' title='bbox 3252 489 3379 552; x_wconf 85' lang='lat'>307</span> 
     </span>
    </p>
   </div>
   <div class='ocr_carea' id='block_1_2' title="bbox 359 625 3464 2992">
    <p class='ocr_par' dir='ltr' id='par_1_2' title="bbox 359 625 3454 1326">
     <span class='ocr_line' id='line_1_2' title="bbox 363 625 3442 703; baseline 0.001 -20"><span class='ocrx_word' id='word_1_4' title='bbox 363 631 468 684; x_wconf 91' lang='lat' dir='ltr'>cet</span> <span class='ocrx_word' id='word_1_5' title='bbox 517 625 1043 686; x_wconf 83' lang='lat' dir='ltr'>aedificationem</span> <span class='ocrx_word' id='word_1_6' title='bbox 1078 625 1503 701; x_wconf 77' lang='lat' dir='ltr'>salvationiS,</span> <span class='ocrx_word' id='word_1_7' title='bbox 1557 628 1647 686; x_wconf 92' lang='lat' dir='ltr'>ita</span> <span class='ocrx_word' id='word_1_8' title='bbox 1683 630 1756 688; x_wconf 90' lang='lat' dir='ltr'>ut</span> <span class='ocrx_word' id='word_1_9' title='bbox 1804 626 2000 686; x_wconf 88' lang='lat' dir='ltr'>homo</span> <span class='ocrx_word' id='word_1_10' title='bbox 2035 626 2134 699; x_wconf 70' lang='lat' dir='ltr'>de⁸</span> <span class='ocrx_word' id='word_1_11' title='bbox 2163 628 2460 703; x_wconf 90' lang='lat' dir='ltr'>peccatis</span> <span class='ocrx_word' id='word_1_12' title='bbox 2495 627 2576 686; x_wconf 92' lang='lat' dir='ltr'>ad</span> <span class='ocrx_word' id='word_1_13' title='bbox 2619 627 2952 703; x_wconf 88' lang='lat' dir='ltr'>justitiam</span> <span class='ocrx_word' id='word_1_14' title='bbox 2990 630 3442 699; x_wconf 87' lang='lat' dir='ltr'>convertatur,</span> 
     </span>
     <span class='ocr_line' id='line_1_3' title="bbox 359 731 3447 808; baseline 0.001 -20"><span class='ocrx_word' id='word_1_15' title='bbox 359 733 533 808; x_wconf 79' lang='lat' dir='ltr'>flevit</span> <span class='ocrx_word' id='word_1_16' title='bbox 584 750 783 807; x_wconf 84' lang='lat' dir='ltr'>super</span> <span class='ocrx_word' id='word_1_17' title='bbox 817 732 1027 806; x_wconf 86' lang='lat' dir='ltr'>illam,</span> <span class='ocrx_word' id='word_1_18' title='bbox 1075 731 1307 790; x_wconf 88' lang='lat' dir='ltr'>intima</span> <span class='ocrx_word' id='word_1_19' title='bbox 1340 731 1697 790; x_wconf 78' lang='lat' dir='ltr'>dilectione</span> <span class='ocrx_word' id='word_1_20' title='bbox 1730 746 2148 807; x_wconf 83' lang='lat' dir='ltr'>compassuS,</span> <span class='ocrx_word' id='word_1_21' title='bbox 2185 732 2410 792; x_wconf 81' lang='lat' dir='ltr'>dicens</span> <span class='ocrx_word' id='word_1_22' title='bbox 2444 748 2563 808; x_wconf 92' lang='lat' dir='ltr'>per</span> <span class='ocrx_word' id='word_1_23' title='bbox 2594 732 3131 792; x_wconf 79' lang='lat' dir='ltr'>admonitionem:</span> <span class='ocrx_word' id='word_1_24' title='bbox 3188 734 3357 804; x_wconf 77' lang='lat' dir='ltr'>Quia</span> <span class='ocrx_word' id='word_1_25' title='bbox 3393 734 3447 791; x_wconf 82' lang='lat' dir='ltr'>si</span> 
     </span>
     <span class='ocr_line' id='line_1_4' title="bbox 364 836 3453 912; baseline 0 -19"><span class='ocrx_word' id='word_1_26' title='bbox 364 838 760 911; x_wconf 70' lang='lat' dir='ltr'>coynovisses</span> <span class='ocrx_word' id='word_1_27' title='bbox 793 842 856 895; x_wconf 87' lang='lat' dir='ltr'>et</span> <span class='ocrx_word' id='word_1_28' title='bbox 892 843 990 911; x_wconf 88' lang='lat' dir='ltr'>tu,</span> <span class='ocrx_word' id='word_1_29' title='bbox 1028 840 1100 895; x_wconf 95' lang='lat' dir='ltr'>ut</span> <span class='ocrx_word' id='word_1_30' title='bbox 1133 850 1278 912; x_wconf 90' lang='lat' dir='ltr'>ego,</span> <span class='ocrx_word' id='word_1_31' title='bbox 1318 836 1384 894; x_wconf 92' lang='lat' dir='ltr'>in</span> <span class='ocrx_word' id='word_1_32' title='bbox 1416 836 1663 912; x_wconf 91' lang='lat' dir='ltr'>quibus</span> <span class='ocrx_word' id='word_1_33' title='bbox 1710 836 2032 911; x_wconf 91' lang='lat' dir='ltr'>periculis</span> <span class='ocrx_word' id='word_1_34' title='bbox 2065 851 2279 909; x_wconf 80' lang='lat' dir='ltr'>esseS‚</span> <span class='ocrx_word' id='word_1_35' title='bbox 2329 852 2490 912; x_wconf 90' lang='lat' dir='ltr'>prae</span> <span class='ocrx_word' id='word_1_36' title='bbox 2525 837 2887 912; x_wconf 79' lang='lat' dir='ltr'>angustiiS,</span> <span class='ocrx_word' id='word_1_37' title='bbox 2937 839 3012 896; x_wconf 90' lang='lat' dir='ltr'>ut</span> <span class='ocrx_word' id='word_1_38' title='bbox 3054 837 3353 896; x_wconf 80' lang='lat' dir='ltr'>torcular</span> <span class='ocrx_word' id='word_1_39' title='bbox 3388 841 3453 894; x_wconf 91' lang='lat' dir='ltr'>te</span> 
     </span>
     <span class='ocr_line' id='line_1_5' title="bbox 363 939 3454 1019; baseline 0.001 -23"><span class='ocrx_word' id='word_1_40' title='bbox 363 941 863 1015; x_wconf 79' lang='lat' dir='ltr'>comprimereS‚</span> <span class='ocrx_word' id='word_1_41' title='bbox 900 947 967 1000; x_wconf 90' lang='lat' dir='ltr'>et</span> <span class='ocrx_word' id='word_1_42' title='bbox 998 946 1073 1001; x_wconf 88' lang='lat' dir='ltr'>ut</span> <span class='ocrx_word' id='word_1_43' title='bbox 1106 940 1559 1001; x_wconf 79' lang='lat' dir='ltr'>molendinum</span> <span class='ocrx_word' id='word_1_44' title='bbox 1607 945 1671 999; x_wconf 92' lang='lat' dir='ltr'>te</span> <span class='ocrx_word' id='word_1_45' title='bbox 1704 939 1829 1000; x_wconf 89' lang='lat' dir='ltr'>hac</span> <span class='ocrx_word' id='word_1_46' title='bbox 1861 941 1931 1000; x_wconf 92' lang='lat' dir='ltr'>et</span> <span class='ocrx_word' id='word_1_47' title='bbox 1962 940 2118 1000; x_wconf 88' lang='lat' dir='ltr'>illac</span> <span class='ocrx_word' id='word_1_48' title='bbox 2149 946 2473 1001; x_wconf 76' lang='lat' dir='ltr'>verteres.</span> <span class='ocrx_word' id='word_1_49' title='bbox 2522 942 2605 1001; x_wconf 85' lang='lat' dir='ltr'>Et</span> <span class='ocrx_word' id='word_1_50' title='bbox 2639 942 2906 1019; x_wconf 85' lang='lat' dir='ltr'>quidem</span> <span class='ocrx_word' id='word_1_51' title='bbox 2937 943 3012 1001; x_wconf 80' lang='lat' dir='ltr'>in</span> <span class='ocrx_word' id='word_1_52' title='bbox 3044 944 3162 1002; x_wconf 78' lang='lat' dir='ltr'>hac</span> <span class='ocrx_word' id='word_1_53' title='bbox 3196 941 3301 999; x_wconf 86' lang='lat' dir='ltr'>die</span> <span class='ocrx_word' id='word_1_54' title='bbox 3338 946 3454 998; x_wconf 86' lang='lat' dir='ltr'>tua</span> 
     </span>
     <span class='ocr_line' id='line_1_6' title="bbox 365 1037 3453 1127; baseline 0.001 -27"><span class='ocrx_word' id='word_1_55' title='bbox 365 1058 537 1117; x_wconf 91' lang='lat' dir='ltr'>quae</span> <span class='ocrx_word' id='word_1_56' title='bbox 559 1037 604 1120; x_wconf 90' lang='lat'>¹)</span> <span class='ocrx_word' id='word_1_57' title='bbox 656 1043 832 1102; x_wconf 90' lang='lat' dir='ltr'>diem</span> <span class='ocrx_word' id='word_1_58' title='bbox 863 1049 1085 1119; x_wconf 82' lang='lat' dir='ltr'>putaS‚</span> <span class='ocrx_word' id='word_1_59' title='bbox 1138 1044 1254 1103; x_wconf 92' lang='lat' dir='ltr'>ubi</span> <span class='ocrx_word' id='word_1_60' title='bbox 1287 1045 1480 1120; x_wconf 90' lang='lat' dir='ltr'>plena</span> <span class='ocrx_word' id='word_1_61' title='bbox 1529 1059 1604 1103; x_wconf 91' lang='lat' dir='ltr'>es</span> <span class='ocrx_word' id='word_1_62' title='bbox 1637 1042 1825 1103; x_wconf 91' lang='lat' dir='ltr'>vitiis</span> <span class='ocrx_word' id='word_1_63' title='bbox 1865 1049 1932 1103; x_wconf 87' lang='lat' dir='ltr'>et</span> <span class='ocrx_word' id='word_1_64' title='bbox 1967 1044 2335 1119; x_wconf 81' lang='lat' dir='ltr'>spurcitiiS,</span> <span class='ocrx_word' id='word_1_65' title='bbox 2371 1062 2537 1121; x_wconf 83' lang='lat' dir='ltr'>quae</span> <span class='ocrx_word' id='word_1_66' title='bbox 2572 1045 2656 1103; x_wconf 88' lang='lat' dir='ltr'>ad</span> <span class='ocrx_word' id='word_1_67' title='bbox 2683 1063 2913 1127; x_wconf 82' lang='lat' dir='ltr'>pacem</span> <span class='ocrx_word' id='word_1_68' title='bbox 2948 1043 3086 1119; x_wconf 85' lang='lat' dir='ltr'>tibi,</span> <span class='ocrx_word' id='word_1_69' title='bbox 3139 1044 3453 1119; x_wconf 89' lang='lat' dir='ltr'>quoniam</span> 
     </span>
     <span class='ocr_line' id='line_1_7' title="bbox 362 1146 3453 1233; baseline 0 -28"><span class='ocrx_word' id='word_1_70' title='bbox 362 1161 623 1221; x_wconf 88' lang='lat' dir='ltr'>pugnas</span> <span class='ocrx_word' id='word_1_71' title='bbox 670 1146 928 1206; x_wconf 85' lang='lat' dir='ltr'>Diaboli</span> <span class='ocrx_word' id='word_1_72' title='bbox 978 1164 1097 1222; x_wconf 90' lang='lat' dir='ltr'>pro</span> <span class='ocrx_word' id='word_1_73' title='bbox 1148 1163 1310 1224; x_wconf 90' lang='lat' dir='ltr'>pace</span> <span class='ocrx_word' id='word_1_74' title='bbox 1360 1147 1600 1222; x_wconf 82' lang='lat' dir='ltr'>habeS‚</span> <span class='ocrx_word' id='word_1_75' title='bbox 1651 1153 1719 1207; x_wconf 93' lang='lat' dir='ltr'>et</span> <span class='ocrx_word' id='word_1_76' title='bbox 1766 1149 2047 1209; x_wconf 88' lang='lat' dir='ltr'>vulnera</span> <span class='ocrx_word' id='word_1_77' title='bbox 2078 1164 2199 1223; x_wconf 90' lang='lat' dir='ltr'>pro</span> <span class='ocrx_word' id='word_1_78' title='bbox 2249 1148 2537 1233; x_wconf 18' lang='lat' dir='ltr'>gaudliiS,</span> <span class='ocrx_word' id='word_1_79' title='bbox 2574 1153 2774 1226; x_wconf 89' lang='lat' dir='ltr'>atque</span> <span class='ocrx_word' id='word_1_80' title='bbox 2811 1148 3300 1208; x_wconf 86' lang='lat' dir='ltr'>immunditiam</span> <span class='ocrx_word' id='word_1_81' title='bbox 3332 1162 3453 1223; x_wconf 90' lang='lat' dir='ltr'>pro</span> 
     </span>
     <span class='ocr_line' id='line_1_8' title="bbox 369 1250 3399 1326; baseline 0 -17"><span class='ocrx_word' id='word_1_82' title='bbox 369 1250 714 1325; x_wconf 80' lang='lat' dir='ltr'>munditia,</span> <span class='ocrx_word' id='word_1_83' title='bbox 749 1270 929 1311; x_wconf 83' lang='lat' dir='ltr'>nunc</span> <span class='ocrx_word' id='word_1_84' title='bbox 962 1257 1187 1310; x_wconf 85' lang='lat' dir='ltr'>autem</span> <span class='ocrx_word' id='word_1_85' title='bbox 1218 1251 1592 1312; x_wconf 81' lang='lat' dir='ltr'>abscondita</span> <span class='ocrx_word' id='word_1_86' title='bbox 1625 1259 1778 1311; x_wconf 83' lang='lat' dir='ltr'>sunt</span> <span class='ocrx_word' id='word_1_87' title='bbox 1815 1251 1891 1311; x_wconf 88' lang='lat' dir='ltr'>ab</span> <span class='ocrx_word' id='word_1_88' title='bbox 1924 1254 2130 1313; x_wconf 87' lang='lat' dir='ltr'>oculis</span> <span class='ocrx_word' id='word_1_89' title='bbox 2165 1256 2321 1326; x_wconf 76' lang='lat' dir='ltr'>tuiS,</span> <span class='ocrx_word' id='word_1_90' title='bbox 2356 1252 2424 1312; x_wconf 90' lang='lat' dir='ltr'>id</span> <span class='ocrx_word' id='word_1_91' title='bbox 2456 1257 2561 1311; x_wconf 88' lang='lat' dir='ltr'>est</span> <span class='ocrx_word' id='word_1_92' title='bbox 2593 1252 2674 1311; x_wconf 89' lang='lat' dir='ltr'>de</span> <span class='ocrx_word' id='word_1_93' title='bbox 2709 1252 2990 1312; x_wconf 85' lang='lat' dir='ltr'>scientia</span> <span class='ocrx_word' id='word_1_94' title='bbox 3024 1251 3246 1310; x_wconf 90' lang='lat' dir='ltr'>cordis</span> <span class='ocrx_word' id='word_1_95' title='bbox 3281 1251 3399 1310; x_wconf 88' lang='lat' dir='ltr'>tui.</span> 
     </span>
    </p>

    <p class='ocr_par' dir='ltr' id='par_1_3' title="bbox 366 1354 3461 2161">
     <span class='ocr_line' id='line_1_9' title="bbox 457 1354 3452 1431; baseline -0 -18"><span class='ocrx_word' id='word_1_96' title='bbox 457 1354 629 1427; x_wconf 80' lang='lat' dir='ltr'>Quia</span> <span class='ocrx_word' id='word_1_97' title='bbox 672 1357 939 1415; x_wconf 84' lang='lat' dir='ltr'>venient</span> <span class='ocrx_word' id='word_1_98' title='bbox 975 1355 1120 1414; x_wconf 86' lang='lat' dir='ltr'>dies</span> <span class='ocrx_word' id='word_1_99' title='bbox 1154 1358 1228 1415; x_wconf 86' lang='lat' dir='ltr'>in</span> <span class='ocrx_word' id='word_1_100' title='bbox 1261 1363 1348 1431; x_wconf 89' lang='lat' dir='ltr'>te,</span> <span class='ocrx_word' id='word_1_101' title='bbox 1386 1354 1502 1415; x_wconf 92' lang='lat' dir='ltr'>ubi</span> <span class='ocrx_word' id='word_1_102' title='bbox 1534 1355 1821 1415; x_wconf 80' lang='lat' dir='ltr'>rutilans</span> <span class='ocrx_word' id='word_1_103' title='bbox 1870 1356 1982 1416; x_wconf 87' lang='lat' dir='ltr'>lux</span> <span class='ocrx_word' id='word_1_104' title='bbox 2016 1357 2085 1415; x_wconf 87' lang='lat' dir='ltr'>in</span> <span class='ocrx_word' id='word_1_105' title='bbox 2132 1362 2198 1416; x_wconf 90' lang='lat' dir='ltr'>te</span> <span class='ocrx_word' id='word_1_106' title='bbox 2231 1355 2614 1430; x_wconf 85' lang='lat' dir='ltr'>descendet,</span> <span class='ocrx_word' id='word_1_107' title='bbox 2666 1370 2838 1430; x_wconf 90' lang='lat' dir='ltr'>quae</span> <span class='ocrx_word' id='word_1_108' title='bbox 2870 1354 3278 1431; x_wconf 88' lang='lat' dir='ltr'>poenitentia</span> <span class='ocrx_word' id='word_1_109' title='bbox 3324 1359 3452 1428; x_wconf 88' lang='lat' dir='ltr'>est,</span> 
     </span>
     <span class='ocr_line' id='line_1_10' title="bbox 367 1456 3461 1537; baseline 0 -20"><span class='ocrx_word' id='word_1_110' title='bbox 367 1464 429 1517; x_wconf 86' lang='lat' dir='ltr'>et</span> <span class='ocrx_word' id='word_1_111' title='bbox 479 1456 978 1518; x_wconf 82' lang='lat' dir='ltr'>circumdabunt</span> <span class='ocrx_word' id='word_1_112' title='bbox 1015 1465 1078 1518; x_wconf 86' lang='lat' dir='ltr'>te</span> <span class='ocrx_word' id='word_1_113' title='bbox 1128 1474 1278 1518; x_wconf 89' lang='lat' dir='ltr'>cum</span> <span class='ocrx_word' id='word_1_114' title='bbox 1314 1459 1612 1519; x_wconf 81' lang='lat' dir='ltr'>lacrimis</span> <span class='ocrx_word' id='word_1_115' title='bbox 1647 1460 1945 1533; x_wconf 78' lang='lat' dir='ltr'>fletuum,</span> <span class='ocrx_word' id='word_1_116' title='bbox 1981 1466 2045 1519; x_wconf 85' lang='lat' dir='ltr'>et</span> <span class='ocrx_word' id='word_1_117' title='bbox 2080 1459 2591 1537; x_wconf 74' lang='lat' dir='ltr'>coanyustabunt</span> <span class='ocrx_word' id='word_1_118' title='bbox 2630 1465 2692 1517; x_wconf 84' lang='lat' dir='ltr'>te</span> <span class='ocrx_word' id='word_1_119' title='bbox 2724 1460 3019 1536; x_wconf 81' lang='lat' dir='ltr'>undique</span> <span class='ocrx_word' id='word_1_120' title='bbox 3055 1474 3206 1518; x_wconf 89' lang='lat' dir='ltr'>cum</span> <span class='ocrx_word' id='word_1_121' title='bbox 3243 1458 3461 1533; x_wconf 89' lang='lat' dir='ltr'>suspi-</span> 
     </span>
     <span class='ocr_line' id='line_1_11' title="bbox 370 1562 3459 1640; baseline 0 -20"><span class='ocrx_word' id='word_1_122' title='bbox 370 1562 513 1636; x_wconf 80' lang='lat' dir='ltr'>riiS,</span> <span class='ocrx_word' id='word_1_123' title='bbox 541 1567 604 1620; x_wconf 91' lang='lat' dir='ltr'>et</span> <span class='ocrx_word' id='word_1_124' title='bbox 631 1563 716 1620; x_wconf 87' lang='lat' dir='ltr'>ad</span> <span class='ocrx_word' id='word_1_125' title='bbox 744 1569 994 1621; x_wconf 83' lang='lat' dir='ltr'>terram</span> <span class='ocrx_word' id='word_1_126' title='bbox 1013 1569 1440 1640; x_wconf 77' lang='lat' dir='ltr'>prosternent</span> <span class='ocrx_word' id='word_1_127' title='bbox 1469 1569 1555 1639; x_wconf 90' lang='lat' dir='ltr'>te,</span> <span class='ocrx_word' id='word_1_128' title='bbox 1586 1564 1678 1623; x_wconf 90' lang='lat' dir='ltr'>ita</span> <span class='ocrx_word' id='word_1_129' title='bbox 1704 1569 1778 1623; x_wconf 89' lang='lat' dir='ltr'>ut</span> <span class='ocrx_word' id='word_1_130' title='bbox 1810 1564 1893 1624; x_wconf 89' lang='lat' dir='ltr'>ad</span> <span class='ocrx_word' id='word_1_131' title='bbox 1929 1569 2180 1624; x_wconf 90' lang='lat' dir='ltr'>terram</span> <span class='ocrx_word' id='word_1_132' title='bbox 2207 1563 2564 1639; x_wconf 81' lang='lat' dir='ltr'>projiciant</span> <span class='ocrx_word' id='word_1_133' title='bbox 2589 1569 2653 1622; x_wconf 91' lang='lat' dir='ltr'>te</span> <span class='ocrx_word' id='word_1_134' title='bbox 2681 1563 3033 1622; x_wconf 83' lang='lat' dir='ltr'>dicentem:</span> <span class='ocrx_word' id='word_1_135' title='bbox 3063 1562 3197 1637; x_wconf 87' lang='lat' dir='ltr'>Ego</span> <span class='ocrx_word' id='word_1_136' title='bbox 3224 1577 3459 1637; x_wconf 88' lang='lat' dir='ltr'>pecca-</span> 
     </span>
     <span class='ocr_line' id='line_1_12' title="bbox 366 1666 3454 1745; baseline 0 -21"><span class='ocrx_word' id='word_1_137' title='bbox 366 1670 476 1724; x_wconf 86' lang='lat' dir='ltr'>tor</span> <span class='ocrx_word' id='word_1_138' title='bbox 524 1681 696 1739; x_wconf 91' lang='lat' dir='ltr'>sum,</span> <span class='ocrx_word' id='word_1_139' title='bbox 733 1672 795 1725; x_wconf 87' lang='lat' dir='ltr'>et</span> <span class='ocrx_word' id='word_1_140' title='bbox 845 1667 1015 1745; x_wconf 83' lang='lat' dir='ltr'>filios</span> <span class='ocrx_word' id='word_1_141' title='bbox 1048 1673 1193 1726; x_wconf 85' lang='lat' dir='ltr'>tuos</span> <span class='ocrx_word' id='word_1_142' title='bbox 1228 1666 1344 1742; x_wconf 93' lang='lat' dir='ltr'>qui</span> <span class='ocrx_word' id='word_1_143' title='bbox 1379 1667 1446 1726; x_wconf 92' lang='lat' dir='ltr'>in</span> <span class='ocrx_word' id='word_1_144' title='bbox 1498 1672 1563 1727; x_wconf 91' lang='lat' dir='ltr'>te</span> <span class='ocrx_word' id='word_1_145' title='bbox 1596 1673 1774 1742; x_wconf 87' lang='lat' dir='ltr'>sunt,</span> <span class='ocrx_word' id='word_1_146' title='bbox 1811 1668 1906 1728; x_wconf 92' lang='lat' dir='ltr'>ita</span> <span class='ocrx_word' id='word_1_147' title='bbox 1941 1669 2013 1728; x_wconf 90' lang='lat' dir='ltr'>ut</span> <span class='ocrx_word' id='word_1_148' title='bbox 2045 1668 2249 1728; x_wconf 90' lang='lat' dir='ltr'>etiam</span> <span class='ocrx_word' id='word_1_149' title='bbox 2284 1682 2516 1726; x_wconf 90' lang='lat' dir='ltr'>omnes</span> <span class='ocrx_word' id='word_1_150' title='bbox 2552 1666 2886 1743; x_wconf 82' lang='lat' dir='ltr'>nequitias</span> <span class='ocrx_word' id='word_1_151' title='bbox 2921 1681 3092 1742; x_wconf 90' lang='lat' dir='ltr'>quae</span> <span class='ocrx_word' id='word_1_152' title='bbox 3124 1666 3205 1725; x_wconf 92' lang='lat' dir='ltr'>de</span> <span class='ocrx_word' id='word_1_153' title='bbox 3239 1671 3305 1724; x_wconf 92' lang='lat' dir='ltr'>te</span> <span class='ocrx_word' id='word_1_154' title='bbox 3340 1682 3454 1724; x_wconf 90' lang='lat' dir='ltr'>na-</span> 
     </span>
     <span class='ocr_line' id='line_1_13' title="bbox 371 1770 3458 1850; baseline -0.001 -18"><span class='ocrx_word' id='word_1_155' title='bbox 371 1776 479 1832; x_wconf 86' lang='lat' dir='ltr'>tae</span> <span class='ocrx_word' id='word_1_156' title='bbox 528 1774 704 1845; x_wconf 88' lang='lat' dir='ltr'>sunt,</span> <span class='ocrx_word' id='word_1_157' title='bbox 758 1771 839 1831; x_wconf 89' lang='lat' dir='ltr'>ad</span> <span class='ocrx_word' id='word_1_158' title='bbox 873 1771 1155 1831; x_wconf 90' lang='lat' dir='ltr'>nihilum</span> <span class='ocrx_word' id='word_1_159' title='bbox 1205 1771 1529 1847; x_wconf 83' lang='lat' dir='ltr'>redigant.</span> <span class='ocrx_word' id='word_1_160' title='bbox 1574 1772 1658 1832; x_wconf 88' lang='lat' dir='ltr'>Et</span> <span class='ocrx_word' id='word_1_161' title='bbox 1706 1790 1840 1832; x_wconf 83' lang='lat' dir='ltr'>non</span> <span class='ocrx_word' id='word_1_162' title='bbox 1885 1773 2270 1850; x_wconf 74' lang='lat' dir='ltr'>relinquent</span> <span class='ocrx_word' id='word_1_163' title='bbox 2329 1772 2622 1849; x_wconf 77' lang='lat' dir='ltr'>lapidem</span> <span class='ocrx_word' id='word_1_164' title='bbox 2668 1790 2870 1847; x_wconf 80' lang='lat' dir='ltr'>super</span> <span class='ocrx_word' id='word_1_165' title='bbox 2926 1771 3247 1848; x_wconf 82' lang='lat' dir='ltr'>lapidem,</span> <span class='ocrx_word' id='word_1_166' title='bbox 3299 1770 3458 1845; x_wconf 81' lang='lat' dir='ltr'>quia</span> 
     </span>
     <span class='ocr_line' id='line_1_14' title="bbox 369 1870 3453 1951; baseline -0.001 -16"><span class='ocrx_word' id='word_1_167' title='bbox 369 1874 779 1950; x_wconf 88' lang='lat' dir='ltr'>poenitentia</span> <span class='ocrx_word' id='word_1_168' title='bbox 818 1875 914 1935; x_wconf 91' lang='lat' dir='ltr'>ita</span> <span class='ocrx_word' id='word_1_169' title='bbox 962 1876 1339 1951; x_wconf 81' lang='lat' dir='ltr'>penetrabit</span> <span class='ocrx_word' id='word_1_170' title='bbox 1386 1882 1476 1951; x_wconf 92' lang='lat' dir='ltr'>te,</span> <span class='ocrx_word' id='word_1_171' title='bbox 1527 1882 1600 1936; x_wconf 90' lang='lat' dir='ltr'>ut</span> <span class='ocrx_word' id='word_1_172' title='bbox 1633 1877 1889 1936; x_wconf 90' lang='lat' dir='ltr'>nullum</span> <span class='ocrx_word' id='word_1_173' title='bbox 1922 1877 2185 1950; x_wconf 91' lang='lat' dir='ltr'>vitium,</span> <span class='ocrx_word' id='word_1_174' title='bbox 2222 1890 2343 1935; x_wconf 91' lang='lat' dir='ltr'>nec</span> <span class='ocrx_word' id='word_1_175' title='bbox 2381 1877 2589 1936; x_wconf 91' lang='lat' dir='ltr'>ullam</span> <span class='ocrx_word' id='word_1_176' title='bbox 2623 1876 3018 1951; x_wconf 82' lang='lat' dir='ltr'>spurcitiam</span> <span class='ocrx_word' id='word_1_177' title='bbox 3051 1874 3368 1948; x_wconf 86' lang='lat' dir='ltr'>dimittat,</span> <span class='ocrx_word' id='word_1_178' title='bbox 3403 1870 3453 1951; x_wconf 80' lang='lat'>²)</span> 
     </span>
     <span class='ocr_line' id='line_1_15' title="bbox 369 1977 3458 2063; baseline -0 -26"><span class='ocrx_word' id='word_1_179' title='bbox 369 1979 530 2054; x_wconf 88' lang='lat' dir='ltr'>quin</span> <span class='ocrx_word' id='word_1_180' title='bbox 563 1979 787 2038; x_wconf 89' lang='lat' dir='ltr'>omnia</span> <span class='ocrx_word' id='word_1_181' title='bbox 833 1995 873 2039; x_wconf 89' lang='lat' dir='ltr'>a</span> <span class='ocrx_word' id='word_1_182' title='bbox 906 1985 970 2039; x_wconf 91' lang='lat' dir='ltr'>te</span> <span class='ocrx_word' id='word_1_183' title='bbox 1017 1980 1379 2056; x_wconf 85' lang='lat' dir='ltr'>abstergat:</span> <span class='ocrx_word' id='word_1_184' title='bbox 1416 1999 1490 2040; x_wconf 89' lang='lat' dir='ltr'>eo</span> <span class='ocrx_word' id='word_1_185' title='bbox 1521 1981 1692 2057; x_wconf 83' lang='lat' dir='ltr'>quod</span> <span class='ocrx_word' id='word_1_186' title='bbox 1724 1999 1857 2040; x_wconf 85' lang='lat' dir='ltr'>non</span> <span class='ocrx_word' id='word_1_187' title='bbox 1891 1982 2261 2058; x_wconf 78' lang='lat' dir='ltr'>coqnoveris</span> <span class='ocrx_word' id='word_1_188' title='bbox 2295 1988 2554 2058; x_wconf 80' lang='lat' dir='ltr'>tempus</span> <span class='ocrx_word' id='word_1_189' title='bbox 2601 1981 2999 2040; x_wconf 79' lang='lat' dir='ltr'>visitationis</span> <span class='ocrx_word' id='word_1_190' title='bbox 3031 1984 3211 2063; x_wconf 73' lang='lat' dir='ltr'>tuae,</span> <span class='ocrx_word' id='word_1_191' title='bbox 3258 1977 3323 2036; x_wconf 90' lang='lat' dir='ltr'>id</span> <span class='ocrx_word' id='word_1_192' title='bbox 3354 1984 3458 2037; x_wconf 90' lang='lat' dir='ltr'>est</span> 
     </span>
     <span class='ocr_line' id='line_1_16' title="bbox 368 2083 2458 2161; baseline 0 -19"><span class='ocrx_word' id='word_1_193' title='bbox 368 2083 682 2159; x_wconf 89' lang='lat' dir='ltr'>quoniam</span> <span class='ocrx_word' id='word_1_194' title='bbox 722 2083 784 2143; x_wconf 91' lang='lat' dir='ltr'>in</span> <span class='ocrx_word' id='word_1_195' title='bbox 818 2083 1154 2145; x_wconf 87' lang='lat' dir='ltr'>oblivione</span> <span class='ocrx_word' id='word_1_196' title='bbox 1190 2085 1483 2145; x_wconf 85' lang='lat' dir='ltr'>habuisti</span> <span class='ocrx_word' id='word_1_197' title='bbox 1518 2087 1691 2161; x_wconf 90' lang='lat' dir='ltr'>quod</span> <span class='ocrx_word' id='word_1_198' title='bbox 1729 2092 1963 2145; x_wconf 89' lang='lat' dir='ltr'>sancta</span> <span class='ocrx_word' id='word_1_199' title='bbox 1995 2085 2217 2145; x_wconf 90' lang='lat' dir='ltr'>anima</span> <span class='ocrx_word' id='word_1_200' title='bbox 2248 2100 2458 2144; x_wconf 89' lang='lat' dir='ltr'>esses.</span> 
     </span>
    </p>

    <p class='ocr_par' dir='ltr' id='par_1_4' title="bbox 371 2183 3464 2992">
     <span class='ocr_line' id='line_1_17' title="bbox 461 2183 3461 2265; baseline -0.001 -18"><span class='ocrx_word' id='word_1_201' title='bbox 461 2187 542 2247; x_wconf 87' lang='lat' dir='ltr'>Et</span> <span class='ocrx_word' id='word_1_202' title='bbox 576 2188 912 2263; x_wconf 69' lang='lat' dir='ltr'>inyressus</span> <span class='ocrx_word' id='word_1_203' title='bbox 940 2191 1014 2247; x_wconf 85' lang='lat' dir='ltr'>in</span> <span class='ocrx_word' id='word_1_204' title='bbox 1040 2188 1387 2265; x_wconf 84' lang='lat' dir='ltr'>templum,</span> <span class='ocrx_word' id='word_1_205' title='bbox 1424 2189 1519 2248; x_wconf 89' lang='lat' dir='ltr'>ita</span> <span class='ocrx_word' id='word_1_206' title='bbox 1552 2197 1625 2249; x_wconf 89' lang='lat' dir='ltr'>ut</span> <span class='ocrx_word' id='word_1_207' title='bbox 1659 2189 2025 2247; x_wconf 89' lang='lat' dir='ltr'>admonitio</span> <span class='ocrx_word' id='word_1_208' title='bbox 2069 2187 2355 2262; x_wconf 87' lang='lat' dir='ltr'>Spiritus</span> <span class='ocrx_word' id='word_1_209' title='bbox 2389 2187 2611 2247; x_wconf 86' lang='lat' dir='ltr'>Sancti</span> <span class='ocrx_word' id='word_1_210' title='bbox 2647 2187 3061 2262; x_wconf 84' lang='lat' dir='ltr'>ingrediatur</span> <span class='ocrx_word' id='word_1_211' title='bbox 3096 2187 3162 2244; x_wconf 89' lang='lat' dir='ltr'>in</span> <span class='ocrx_word' id='word_1_212' title='bbox 3195 2200 3312 2244; x_wconf 91' lang='lat' dir='ltr'>cor</span> <span class='ocrx_word' id='word_1_213' title='bbox 3346 2183 3461 2243; x_wconf 89' lang='lat' dir='ltr'>ho·-</span> 
     </span>
     <span class='ocr_line' id='line_1_18' title="bbox 373 2289 3461 2368; baseline -0.002 -16"><span class='ocrx_word' id='word_1_214' title='bbox 373 2291 595 2365; x_wconf 77' lang='lat' dir='ltr'>miniS,</span> <span class='ocrx_word' id='word_1_215' title='bbox 632 2295 838 2368; x_wconf 85' lang='lat' dir='ltr'>coepit</span> <span class='ocrx_word' id='word_1_216' title='bbox 872 2289 1111 2365; x_wconf 82' lang='lat' dir='ltr'>ejicere</span> <span class='ocrx_word' id='word_1_217' title='bbox 1146 2293 1503 2352; x_wconf 81' lang='lat' dir='ltr'>vendentes</span> <span class='ocrx_word' id='word_1_218' title='bbox 1537 2296 1608 2352; x_wconf 84' lang='lat' dir='ltr'>in</span> <span class='ocrx_word' id='word_1_219' title='bbox 1642 2293 1783 2367; x_wconf 88' lang='lat' dir='ltr'>illo,</span> <span class='ocrx_word' id='word_1_220' title='bbox 1824 2292 2084 2352; x_wconf 90' lang='lat' dir='ltr'>scilicet</span> <span class='ocrx_word' id='word_1_221' title='bbox 2114 2291 2298 2367; x_wconf 83' lang='lat' dir='ltr'>sugat</span> <span class='ocrx_word' id='word_1_222' title='bbox 2332 2292 2713 2367; x_wconf 88' lang='lat' dir='ltr'>superbiam</span> <span class='ocrx_word' id='word_1_223' title='bbox 2752 2306 2793 2350; x_wconf 89' lang='lat' dir='ltr'>a</span> <span class='ocrx_word' id='word_1_224' title='bbox 2826 2290 3026 2350; x_wconf 91' lang='lat' dir='ltr'>corde</span> <span class='ocrx_word' id='word_1_225' title='bbox 3061 2289 3349 2349; x_wconf 92' lang='lat' dir='ltr'>hominis</span> <span class='ocrx_word' id='word_1_226' title='bbox 3385 2289 3461 2348; x_wconf 92' lang='lat' dir='ltr'>il-</span> 
     </span>
     <span class='ocr_line' id='line_1_19' title="bbox 375 2393 3464 2472; baseline -0.001 -18"><span class='ocrx_word' id='word_1_227' title='bbox 375 2396 529 2469; x_wconf 80' lang='lat' dir='ltr'>liuS,</span> <span class='ocrx_word' id='word_1_228' title='bbox 566 2401 630 2454; x_wconf 88' lang='lat' dir='ltr'>et</span> <span class='ocrx_word' id='word_1_229' title='bbox 658 2401 966 2470; x_wconf 85' lang='lat' dir='ltr'>ementes,</span> <span class='ocrx_word' id='word_1_230' title='bbox 1003 2395 1317 2455; x_wconf 90' lang='lat' dir='ltr'>videlicet</span> <span class='ocrx_word' id='word_1_231' title='bbox 1346 2397 1498 2457; x_wconf 89' lang='lat' dir='ltr'>illos</span> <span class='ocrx_word' id='word_1_232' title='bbox 1533 2397 1648 2472; x_wconf 91' lang='lat' dir='ltr'>qui</span> <span class='ocrx_word' id='word_1_233' title='bbox 1675 2395 2017 2456; x_wconf 89' lang='lat' dir='ltr'>libidinem</span> <span class='ocrx_word' id='word_1_234' title='bbox 2052 2411 2170 2470; x_wconf 89' lang='lat' dir='ltr'>per</span> <span class='ocrx_word' id='word_1_235' title='bbox 2205 2402 2428 2455; x_wconf 88' lang='lat' dir='ltr'>scorta</span> <span class='ocrx_word' id='word_1_236' title='bbox 2465 2395 2593 2454; x_wconf 90' lang='lat' dir='ltr'>sibi</span> <span class='ocrx_word' id='word_1_237' title='bbox 2628 2399 3069 2470; x_wconf 86' lang='lat' dir='ltr'>attraxerunt,</span> <span class='ocrx_word' id='word_1_238' title='bbox 3122 2394 3348 2453; x_wconf 83' lang='lat' dir='ltr'>dicens</span> <span class='ocrx_word' id='word_1_239' title='bbox 3381 2393 3464 2451; x_wconf 83' lang='lat' dir='ltr'>il-</span> 
     </span>
     <span class='ocr_line' id='line_1_20' title="bbox 371 2498 3462 2578; baseline 0 -22"><span class='ocrx_word' id='word_1_240' title='bbox 371 2499 479 2558; x_wconf 84' lang='lat' dir='ltr'>lis:</span> <span class='ocrx_word' id='word_1_241' title='bbox 521 2499 857 2576; x_wconf 81' lang='lat' dir='ltr'>Scriptum</span> <span class='ocrx_word' id='word_1_242' title='bbox 890 2505 1014 2570; x_wconf 84' lang='lat' dir='ltr'>est,</span> <span class='ocrx_word' id='word_1_243' title='bbox 1054 2500 1117 2559; x_wconf 93' lang='lat' dir='ltr'>id</span> <span class='ocrx_word' id='word_1_244' title='bbox 1152 2502 1256 2559; x_wconf 89' lang='lat' dir='ltr'>est</span> <span class='ocrx_word' id='word_1_245' title='bbox 1290 2499 1627 2559; x_wconf 88' lang='lat' dir='ltr'>firmatum</span> <span class='ocrx_word' id='word_1_246' title='bbox 1661 2506 1788 2576; x_wconf 88' lang='lat' dir='ltr'>est,</span> <span class='ocrx_word' id='word_1_247' title='bbox 1824 2503 1981 2578; x_wconf 83' lang='lat' dir='ltr'>quia</span> <span class='ocrx_word' id='word_1_248' title='bbox 2013 2500 2241 2559; x_wconf 86' lang='lat' dir='ltr'>domus</span> <span class='ocrx_word' id='word_1_249' title='bbox 2273 2519 2443 2575; x_wconf 84' lang='lat' dir='ltr'>mea,</span> <span class='ocrx_word' id='word_1_250' title='bbox 2482 2515 2597 2558; x_wconf 94' lang='lat' dir='ltr'>cor</span> <span class='ocrx_word' id='word_1_251' title='bbox 2630 2498 2920 2558; x_wconf 90' lang='lat' dir='ltr'>hominis</span> <span class='ocrx_word' id='word_1_252' title='bbox 2953 2499 3183 2558; x_wconf 83' lang='lat' dir='ltr'>domus</span> <span class='ocrx_word' id='word_1_253' title='bbox 3227 2500 3462 2557; x_wconf 81' lang='lat' dir='ltr'>oratio-</span> 
     </span>
     <span class='ocr_line' id='line_1_21' title="bbox 371 2600 3463 2679; baseline 0 -20"><span class='ocrx_word' id='word_1_254' title='bbox 371 2604 476 2660; x_wconf 80' lang='lat' dir='ltr'>nis</span> <span class='ocrx_word' id='word_1_255' title='bbox 525 2608 644 2675; x_wconf 88' lang='lat' dir='ltr'>est,</span> <span class='ocrx_word' id='word_1_256' title='bbox 680 2600 993 2661; x_wconf 88' lang='lat' dir='ltr'>videlicet</span> <span class='ocrx_word' id='word_1_257' title='bbox 1042 2602 1307 2662; x_wconf 89' lang='lat' dir='ltr'>cultura</span> <span class='ocrx_word' id='word_1_258' title='bbox 1338 2604 1730 2679; x_wconf 82' lang='lat' dir='ltr'>angelorum</span> <span class='ocrx_word' id='word_1_259' title='bbox 1779 2609 1847 2662; x_wconf 87' lang='lat' dir='ltr'>et</span> <span class='ocrx_word' id='word_1_260' title='bbox 1878 2603 2257 2677; x_wconf 87' lang='lat' dir='ltr'>exemplum</span> <span class='ocrx_word' id='word_1_261' title='bbox 2306 2609 2690 2662; x_wconf 87' lang='lat' dir='ltr'>sanctorum</span> <span class='ocrx_word' id='word_1_262' title='bbox 2727 2602 2836 2660; x_wconf 90' lang='lat' dir='ltr'>hic</span> <span class='ocrx_word' id='word_1_263' title='bbox 2882 2600 3031 2661; x_wconf 90' lang='lat' dir='ltr'>erit.</span> <span class='ocrx_word' id='word_1_264' title='bbox 3088 2600 3200 2660; x_wconf 85' lang='lat' dir='ltr'>Vos</span> <span class='ocrx_word' id='word_1_265' title='bbox 3235 2606 3463 2660; x_wconf 85' lang='lat' dir='ltr'>autem</span> 
     </span>
     <span class='ocr_line' id='line_1_22' title="bbox 373 2702 3463 2785; baseline -0.001 -19"><span class='ocrx_word' id='word_1_266' title='bbox 373 2708 440 2766; x_wconf 91' lang='lat' dir='ltr'>in</span> <span class='ocrx_word' id='word_1_267' title='bbox 488 2706 840 2781; x_wconf 86' lang='lat' dir='ltr'>iniquitate</span> <span class='ocrx_word' id='word_1_268' title='bbox 871 2713 1100 2767; x_wconf 90' lang='lat' dir='ltr'>vestra</span> <span class='ocrx_word' id='word_1_269' title='bbox 1146 2709 1399 2785; x_wconf 80' lang='lat' dir='ltr'>fecistis</span> <span class='ocrx_word' id='word_1_270' title='bbox 1435 2708 1626 2767; x_wconf 87' lang='lat' dir='ltr'>illam</span> <span class='ocrx_word' id='word_1_271' title='bbox 1659 2708 2048 2785; x_wconf 83' lang='lat' dir='ltr'>speluncam</span> <span class='ocrx_word' id='word_1_272' title='bbox 2098 2708 2458 2781; x_wconf 84' lang='lat' dir='ltr'>latronum,</span> <span class='ocrx_word' id='word_1_273' title='bbox 2511 2707 2669 2784; x_wconf 91' lang='lat' dir='ltr'>quia</span> <span class='ocrx_word' id='word_1_274' title='bbox 2703 2706 2863 2766; x_wconf 90' lang='lat' dir='ltr'>olim</span> <span class='ocrx_word' id='word_1_275' title='bbox 2905 2705 3186 2781; x_wconf 88' lang='lat' dir='ltr'>lupanar</span> <span class='ocrx_word' id='word_1_276' title='bbox 3223 2702 3347 2763; x_wconf 90' lang='lat' dir='ltr'>fuit</span> <span class='ocrx_word' id='word_1_277' title='bbox 3397 2704 3463 2763; x_wconf 93' lang='lat' dir='ltr'>in</span> 
     </span>
     <span class='ocr_line' id='line_1_23' title="bbox 371 2808 3463 2890; baseline 0 -23"><span class='ocrx_word' id='word_1_278' title='bbox 371 2809 800 2884; x_wconf 79' lang='lat' dir='ltr'>suggestione</span> <span class='ocrx_word' id='word_1_279' title='bbox 847 2809 1126 2871; x_wconf 89' lang='lat' dir='ltr'>Diaboli.</span> <span class='ocrx_word' id='word_1_280' title='bbox 1187 2811 1267 2871; x_wconf 89' lang='lat' dir='ltr'>Et</span> <span class='ocrx_word' id='word_1_281' title='bbox 1319 2818 1462 2871; x_wconf 83' lang='lat' dir='ltr'>erat</span> <span class='ocrx_word' id='word_1_282' title='bbox 1525 2812 1762 2872; x_wconf 85' lang='lat' dir='ltr'>docens</span> <span class='ocrx_word' id='word_1_283' title='bbox 1810 2812 2101 2890; x_wconf 80' lang='lat' dir='ltr'>quotidie</span> <span class='ocrx_word' id='word_1_284' title='bbox 2151 2815 2224 2872; x_wconf 88' lang='lat' dir='ltr'>in</span> <span class='ocrx_word' id='word_1_285' title='bbox 2272 2812 2553 2887; x_wconf 86' lang='lat' dir='ltr'>templo,</span> <span class='ocrx_word' id='word_1_286' title='bbox 2607 2812 2699 2871; x_wconf 92' lang='lat' dir='ltr'>ita</span> <span class='ocrx_word' id='word_1_287' title='bbox 2748 2816 2820 2869; x_wconf 88' lang='lat' dir='ltr'>ut</span> <span class='ocrx_word' id='word_1_288' title='bbox 2870 2815 3099 2885; x_wconf 89' lang='lat' dir='ltr'>aperte</span> <span class='ocrx_word' id='word_1_289' title='bbox 3149 2808 3325 2869; x_wconf 86' lang='lat' dir='ltr'>facta</span> <span class='ocrx_word' id='word_1_290' title='bbox 3375 2809 3463 2868; x_wconf 91' lang='lat' dir='ltr'>sit</span> 
     </span>
     <span class='ocr_line' id='line_1_24' title="bbox 372 2911 2403 2992; baseline 0.002 -22"><span class='ocrx_word' id='word_1_291' title='bbox 372 2911 517 2970; x_wconf 89' lang='lat' dir='ltr'>laus</span> <span class='ocrx_word' id='word_1_292' title='bbox 553 2913 941 2987; x_wconf 89' lang='lat' dir='ltr'>angelorum</span> <span class='ocrx_word' id='word_1_293' title='bbox 976 2921 1043 2974; x_wconf 91' lang='lat' dir='ltr'>et</span> <span class='ocrx_word' id='word_1_294' title='bbox 1076 2916 1390 2989; x_wconf 85' lang='lat' dir='ltr'>gaudium</span> <span class='ocrx_word' id='word_1_295' title='bbox 1427 2916 1829 2992; x_wconf 89' lang='lat' dir='ltr'>populorum</span> <span class='ocrx_word' id='word_1_296' title='bbox 1866 2916 1932 2974; x_wconf 92' lang='lat' dir='ltr'>in</span> <span class='ocrx_word' id='word_1_297' title='bbox 1969 2916 2233 2976; x_wconf 86' lang='lat' dir='ltr'>homine</span> <span class='ocrx_word' id='word_1_298' title='bbox 2274 2916 2403 2975; x_wconf 89' lang='lat' dir='ltr'>illc.</span> 
     </span>
    </p>
   </div>
   <div class='ocr_carea' id='block_1_3' title="bbox 1749 3184 2059 3285">
    <p class='ocr_par' dir='ltr' id='par_1_5' title="bbox 1749 3184 2059 3285">
     <span class='ocr_line' id='line_1_25' title="bbox 1749 3184 2059 3285; baseline -0.006 -2"><span class='ocrx_word' id='word_1_299' title='bbox 1749 3184 2059 3285; x_wconf 91' lang='lat' dir='ltr'>XXII.</span> 
     </span>
    </p>
   </div>
   <div class='ocr_carea' id='block_1_4' title="bbox 1253 3439 2577 3514">
    <p class='ocr_par' dir='ltr' id='par_1_6' title="bbox 1253 3439 2577 3514">
     <span class='ocr_line' id='line_1_26' title="bbox 1253 3439 2577 3514; baseline -0.001 -16"><span class='ocrx_word' id='word_1_300' title='bbox 1253 3442 1331 3498; x_wconf 84' lang='lat' dir='ltr'>In</span> <span class='ocrx_word' id='word_1_301' title='bbox 1385 3441 1728 3500; x_wconf 82' lang='lat' dir='ltr'>Dominica</span> <span class='ocrx_word' id='word_1_302' title='bbox 1775 3439 1887 3498; x_wconf 88' lang='lat' dir='ltr'>XI.</span> <span class='ocrx_word' id='word_1_303' title='bbox 1933 3444 2076 3514; x_wconf 82' lang='lat' dir='ltr'>post</span> <span class='ocrx_word' id='word_1_304' title='bbox 2132 3441 2577 3499; x_wconf 74' lang='lat' dir='ltr'>Pentecosten.</span> 
     </span>
    </p>
   </div>
   <div class='ocr_carea' id='block_1_5' title="bbox 1886 3646 1930 3704">
    <p class='ocr_par' dir='ltr' id='par_1_7' title="bbox 1886 3646 1930 3704">
     <span class='ocr_line' id='line_1_27' title="bbox 1886 3646 1930 3704; baseline 0 0"><span class='ocrx_word' id='word_1_305' title='bbox 1886 3646 1930 3704; x_wconf 91' lang='lat'>1.</span> 
     </span>
    </p>
   </div>
   <div class='ocr_carea' id='block_1_6' title="bbox 381 3849 3479 4556">
    <p class='ocr_par' dir='ltr' id='par_1_8' title="bbox 381 3849 3478 4246">
     <span class='ocr_line' id='line_1_28' title="bbox 475 3849 3472 3934; baseline -0.002 -19"><span class='ocrx_word' id='word_1_306' title='bbox 475 3853 720 3915; x_wconf 81' lang='lat' dir='ltr'>Eaeiens</span> <span class='ocrx_word' id='word_1_307' title='bbox 771 3855 959 3916; x_wconf 85' lang='lat' dir='ltr'>Jesus</span> <span class='ocrx_word' id='word_1_308' title='bbox 982 3849 1032 3933; x_wconf 73' lang='lat'>³)</span> <span class='ocrx_word' id='word_1_309' title='bbox 1069 3855 1399 3915; x_wconf 87' lang='lat' dir='ltr'>nascendo</span> <span class='ocrx_word' id='word_1_310' title='bbox 1433 3855 1512 3914; x_wconf 88' lang='lat' dir='ltr'>de</span> <span class='ocrx_word' id='word_1_311' title='bbox 1554 3855 1789 3934; x_wconf 81' lang='lat' dir='ltr'>finibus</span> <span class='ocrx_word' id='word_1_312' title='bbox 1832 3855 2009 3932; x_wconf 83' lang='lat' dir='ltr'>Tyri,</span> <span class='ocrx_word' id='word_1_313' title='bbox 2052 3853 2114 3913; x_wconf 90' lang='lat' dir='ltr'>id</span> <span class='ocrx_word' id='word_1_314' title='bbox 2148 3859 2253 3913; x_wconf 92' lang='lat' dir='ltr'>est</span> <span class='ocrx_word' id='word_1_315' title='bbox 2286 3853 2367 3912; x_wconf 90' lang='lat' dir='ltr'>de</span> <span class='ocrx_word' id='word_1_316' title='bbox 2402 3867 2643 3928; x_wconf 83' lang='lat' dir='ltr'>genere</span> <span class='ocrx_word' id='word_1_317' title='bbox 2678 3851 3105 3926; x_wconf 88' lang='lat' dir='ltr'>Judaeorum,</span> <span class='ocrx_word' id='word_1_318' title='bbox 3142 3853 3318 3911; x_wconf 85' lang='lat' dir='ltr'>venit</span> <span class='ocrx_word' id='word_1_319' title='bbox 3350 3871 3472 3929; x_wconf 84' lang='lat' dir='ltr'>per</span> 
     </span>
     <span class='ocr_line' id='line_1_29' title="bbox 387 3955 3469 4037; baseline -0.002 -16"><span class='ocrx_word' id='word_1_320' title='bbox 387 3959 720 4036; x_wconf 83' lang='lat' dir='ltr'>Sidonem,</span> <span class='ocrx_word' id='word_1_321' title='bbox 751 3961 1008 4020; x_wconf 91' lang='lat' dir='ltr'>scilicet</span> <span class='ocrx_word' id='word_1_322' title='bbox 1033 3975 1151 4037; x_wconf 88' lang='lat' dir='ltr'>per</span> <span class='ocrx_word' id='word_1_323' title='bbox 1178 3959 1574 4036; x_wconf 82' lang='lat' dir='ltr'>prophetaS,</span> <span class='ocrx_word' id='word_1_324' title='bbox 1600 3960 1686 4018; x_wconf 88' lang='lat' dir='ltr'>ad</span> <span class='ocrx_word' id='word_1_325' title='bbox 1718 3977 1900 4018; x_wconf 82' lang='lat' dir='ltr'>mare</span> <span class='ocrx_word' id='word_1_326' title='bbox 1937 3958 2305 4030; x_wconf 83' lang='lat' dir='ltr'>Galilaeae,</span> <span class='ocrx_word' id='word_1_327' title='bbox 2334 3957 2648 4017; x_wconf 89' lang='lat' dir='ltr'>videlicet</span> <span class='ocrx_word' id='word_1_328' title='bbox 2675 3955 2757 4016; x_wconf 88' lang='lat' dir='ltr'>ad</span> <span class='ocrx_word' id='word_1_329' title='bbox 2778 3956 3012 4016; x_wconf 89' lang='lat' dir='ltr'>turbas</span> <span class='ocrx_word' id='word_1_330' title='bbox 3045 3956 3469 4032; x_wconf 89' lang='lat' dir='ltr'>populorum,</span> 
     </span>
     <span class='ocr_line' id='line_1_30' title="bbox 381 4057 3478 4140; baseline -0.002 -18"><span class='ocrx_word' id='word_1_331' title='bbox 381 4064 497 4139; x_wconf 91' lang='lat' dir='ltr'>qui</span> <span class='ocrx_word' id='word_1_332' title='bbox 546 4065 613 4122; x_wconf 90' lang='lat' dir='ltr'>in</span> <span class='ocrx_word' id='word_1_333' title='bbox 648 4064 877 4124; x_wconf 91' lang='lat' dir='ltr'>multis</span> <span class='ocrx_word' id='word_1_334' title='bbox 926 4063 1052 4123; x_wconf 88' lang='lat' dir='ltr'>hac</span> <span class='ocrx_word' id='word_1_335' title='bbox 1084 4070 1151 4124; x_wconf 93' lang='lat' dir='ltr'>et</span> <span class='ocrx_word' id='word_1_336' title='bbox 1198 4064 1355 4123; x_wconf 92' lang='lat' dir='ltr'>illac</span> <span class='ocrx_word' id='word_1_337' title='bbox 1387 4063 1853 4137; x_wconf 88' lang='lat' dir='ltr'>versabantur,</span> <span class='ocrx_word' id='word_1_338' title='bbox 1891 4065 2070 4121; x_wconf 84' lang='lat' dir='ltr'>inter</span> <span class='ocrx_word' id='word_1_339' title='bbox 2101 4062 2353 4121; x_wconf 84' lang='lat' dir='ltr'>medios</span> <span class='ocrx_word' id='word_1_340' title='bbox 2385 4062 2570 4140; x_wconf 82' lang='lat' dir='ltr'>fines,</span> <span class='ocrx_word' id='word_1_341' title='bbox 2618 4059 2877 4120; x_wconf 89' lang='lat' dir='ltr'>scilicet</span> <span class='ocrx_word' id='word_1_342' title='bbox 2911 4059 3129 4134; x_wconf 84' lang='lat' dir='ltr'>angeli</span> <span class='ocrx_word' id='word_1_343' title='bbox 3164 4064 3231 4118; x_wconf 89' lang='lat' dir='ltr'>et</span> <span class='ocrx_word' id='word_1_344' title='bbox 3264 4057 3478 4117; x_wconf 91' lang='lat' dir='ltr'>homi-</span> 
     </span>
     <span class='ocr_line' id='line_1_31' title="bbox 385 4163 3097 4246; baseline -0.001 -21"><span class='ocrx_word' id='word_1_345' title='bbox 385 4168 512 4243; x_wconf 81' lang='lat' dir='ltr'>niS‚</span> <span class='ocrx_word' id='word_1_346' title='bbox 552 4169 966 4246; x_wconf 84' lang='lat' dir='ltr'>Decapoleos,</span> <span class='ocrx_word' id='word_1_347' title='bbox 1005 4167 1316 4227; x_wconf 89' lang='lat' dir='ltr'>videlicet</span> <span class='ocrx_word' id='word_1_348' title='bbox 1348 4183 1586 4226; x_wconf 90' lang='lat' dir='ltr'>novem</span> <span class='ocrx_word' id='word_1_349' title='bbox 1620 4166 1888 4226; x_wconf 90' lang='lat' dir='ltr'>ordines</span> <span class='ocrx_word' id='word_1_350' title='bbox 1922 4168 2315 4241; x_wconf 88' lang='lat' dir='ltr'>angelorum</span> <span class='ocrx_word' id='word_1_351' title='bbox 2346 4173 2414 4224; x_wconf 93' lang='lat' dir='ltr'>et</span> <span class='ocrx_word' id='word_1_352' title='bbox 2448 4164 2749 4225; x_wconf 89' lang='lat' dir='ltr'>decimus</span> <span class='ocrx_word' id='word_1_353' title='bbox 2785 4163 3097 4223; x_wconf 78' lang='lat' dir='ltr'>hominis,</span> 
     </span>
    </p>

    <p class='ocr_par' dir='ltr' id='par_1_9' title="bbox 387 4267 3479 4556">
     <span class='ocr_line' id='line_1_32' title="bbox 479 4267 3478 4349; baseline -0.002 -17"><span class='ocrx_word' id='word_1_354' title='bbox 479 4273 561 4332; x_wconf 88' lang='lat' dir='ltr'>Et</span> <span class='ocrx_word' id='word_1_355' title='bbox 609 4273 950 4334; x_wconf 83' lang='lat' dir='ltr'>adducunt</span> <span class='ocrx_word' id='word_1_356' title='bbox 1000 4276 1083 4348; x_wconf 92' lang='lat' dir='ltr'>ei,</span> <span class='ocrx_word' id='word_1_357' title='bbox 1136 4272 1397 4332; x_wconf 90' lang='lat' dir='ltr'>scilicet</span> <span class='ocrx_word' id='word_1_358' title='bbox 1444 4270 1833 4349; x_wconf 87' lang='lat' dir='ltr'>prophetia,</span> <span class='ocrx_word' id='word_1_359' title='bbox 1886 4272 2192 4341; x_wconf 81' lang='lat' dir='ltr'>surdum,</span> <span class='ocrx_word' id='word_1_360' title='bbox 2244 4269 2310 4330; x_wconf 89' lang='lat' dir='ltr'>id</span> <span class='ocrx_word' id='word_1_361' title='bbox 2358 4271 2463 4329; x_wconf 89' lang='lat' dir='ltr'>est</span> <span class='ocrx_word' id='word_1_362' title='bbox 2509 4274 2705 4327; x_wconf 90' lang='lat' dir='ltr'>vetus</span> <span class='ocrx_word' id='word_1_363' title='bbox 2739 4269 3262 4342; x_wconf 87' lang='lat' dir='ltr'>Testamentum,</span> <span class='ocrx_word' id='word_1_364' title='bbox 3300 4267 3478 4345; x_wconf 91' lang='lat' dir='ltr'>quod</span> 
     </span>
     <span class='ocr_line' id='line_1_33' title="bbox 387 4370 3479 4452; baseline -0.001 -19"><span class='ocrx_word' id='word_1_365' title='bbox 387 4391 538 4434; x_wconf 87' lang='lat' dir='ltr'>eum</span> <span class='ocrx_word' id='word_1_366' title='bbox 589 4392 719 4436; x_wconf 91' lang='lat' dir='ltr'>non</span> <span class='ocrx_word' id='word_1_367' title='bbox 753 4375 1032 4452; x_wconf 89' lang='lat' dir='ltr'>audivit,</span> <span class='ocrx_word' id='word_1_368' title='bbox 1068 4382 1130 4436; x_wconf 90' lang='lat' dir='ltr'>et</span> <span class='ocrx_word' id='word_1_369' title='bbox 1164 4382 1448 4451; x_wconf 79' lang='lat' dir='ltr'>mutum,</span> <span class='ocrx_word' id='word_1_370' title='bbox 1486 4375 1644 4451; x_wconf 88' lang='lat' dir='ltr'>quia</span> <span class='ocrx_word' id='word_1_371' title='bbox 1679 4374 2011 4450; x_wconf 89' lang='lat' dir='ltr'>spiritalia</span> <span class='ocrx_word' id='word_1_372' title='bbox 2044 4391 2175 4434; x_wconf 90' lang='lat' dir='ltr'>non</span> <span class='ocrx_word' id='word_1_373' title='bbox 2210 4374 2633 4449; x_wconf 89' lang='lat' dir='ltr'>loquebatur,</span> <span class='ocrx_word' id='word_1_374' title='bbox 2670 4377 2732 4430; x_wconf 87' lang='lat' dir='ltr'>et</span> <span class='ocrx_word' id='word_1_375' title='bbox 2766 4370 3292 4448; x_wconf 81' lang='lat' dir='ltr'>deprecabantur</span> <span class='ocrx_word' id='word_1_376' title='bbox 3325 4389 3479 4431; x_wconf 85' lang='lat' dir='ltr'>eum</span> 
     </span>
     <span class='ocr_line' id='line_1_34' title="bbox 390 4477 3478 4556; baseline -0.002 -19"><span class='ocrx_word' id='word_1_377' title='bbox 390 4479 457 4538; x_wconf 90' lang='lat' dir='ltr'>in</span> <span class='ocrx_word' id='word_1_378' title='bbox 504 4481 1003 4540; x_wconf 90' lang='lat' dir='ltr'>ostensionibus</span> <span class='ocrx_word' id='word_1_379' title='bbox 1038 4481 1209 4551; x_wconf 89' lang='lat' dir='ltr'>suis,</span> <span class='ocrx_word' id='word_1_380' title='bbox 1258 4486 1329 4538; x_wconf 84' lang='lat' dir='ltr'>ut</span> <span class='ocrx_word' id='word_1_381' title='bbox 1365 4481 1661 4556; x_wconf 81' lang='lat' dir='ltr'>imponat</span> <span class='ocrx_word' id='word_1_382' title='bbox 1711 4481 1772 4537; x_wconf 87' lang='lat' dir='ltr'>ei</span> <span class='ocrx_word' id='word_1_383' title='bbox 1803 4496 2105 4552; x_wconf 80' lang='lat' dir='ltr'>manum,</span> <span class='ocrx_word' id='word_1_384' title='bbox 2158 4477 2421 4537; x_wconf 90' lang='lat' dir='ltr'>scilicet</span> <span class='ocrx_word' id='word_1_385' title='bbox 2455 4482 2529 4535; x_wconf 92' lang='lat' dir='ltr'>ut</span> <span class='ocrx_word' id='word_1_386' title='bbox 2563 4489 2766 4551; x_wconf 89' lang='lat' dir='ltr'>super</span> <span class='ocrx_word' id='word_1_387' title='bbox 2798 4490 2950 4534; x_wconf 91' lang='lat' dir='ltr'>eum</span> <span class='ocrx_word' id='word_1_388' title='bbox 2984 4479 3261 4551; x_wconf 91' lang='lat' dir='ltr'>poneret</span> <span class='ocrx_word' id='word_1_389' title='bbox 3309 4490 3478 4550; x_wconf 90' lang='lat' dir='ltr'>opus</span> 
     </span>
    </p>
   </div>
   <div class='ocr_carea' id='block_1_7' title="bbox 389 4583 3482 4762">
    <p class='ocr_par' dir='ltr' id='par_1_10' title="bbox 389 4583 3482 4762">
     <span class='ocr_line' id='line_1_35' title="bbox 389 4583 721 4642; baseline 0.003 -1"><span class='ocrx_word' id='word_1_390' title='bbox 389 4583 721 4642; x_wconf 80' lang='lat' dir='ltr'>veritatis,</span> 
     </span>
     <span class='ocr_line' id='line_1_36' title="bbox 482 4676 3482 4762; baseline -0.002 -17"><span class='ocrx_word' id='word_1_391' title='bbox 482 4687 562 4745; x_wconf 80' lang='lat' dir='ltr'>Et</span> <span class='ocrx_word' id='word_1_392' title='bbox 598 4686 1102 4762; x_wconf 79' lang='lat' dir='ltr'>apprehendens</span> <span class='ocrx_word' id='word_1_393' title='bbox 1139 4686 1203 4744; x_wconf 93' lang='lat' dir='ltr'>in</span> <span class='ocrx_word' id='word_1_394' title='bbox 1237 4685 1694 4745; x_wconf 81' lang='lat' dir='ltr'>incarnatione</span> <span class='ocrx_word' id='word_1_395' title='bbox 1729 4701 1850 4743; x_wconf 90' lang='lat' dir='ltr'>sua</span> <span class='ocrx_word' id='word_1_396' title='bbox 1883 4702 2055 4744; x_wconf 83' lang='lat' dir='ltr'>eum.</span> <span class='ocrx_word' id='word_1_397' title='bbox 2085 4682 2346 4744; x_wconf 86' lang='lat' dir='ltr'>scilicet</span> <span class='ocrx_word' id='word_1_398' title='bbox 2381 4688 2576 4741; x_wconf 86' lang='lat' dir='ltr'>vetus</span> <span class='ocrx_word' id='word_1_399' title='bbox 2612 4682 3138 4756; x_wconf 82' lang='lat' dir='ltr'>Testamentum,</span> <span class='ocrx_word' id='word_1_400' title='bbox 3176 4679 3254 4738; x_wconf 87' lang='lat' dir='ltr'>de</span> <span class='ocrx_word' id='word_1_401' title='bbox 3290 4676 3482 4738; x_wconf 78' lang='lat' dir='ltr'>turba</span> 
     </span>
    </p>
   </div>
   <div class='ocr_carea' id='block_1_8' title="bbox 394 4781 3482 4971">
    <p class='ocr_par' dir='ltr' id='par_1_11' title="bbox 394 4781 3482 4971">
     <span class='ocr_line' id='line_1_37' title="bbox 394 4781 3480 4866; baseline -0.002 -18"><span class='ocrx_word' id='word_1_402' title='bbox 394 4789 875 4849; x_wconf 89' lang='lat' dir='ltr'>sacrificiorum</span> <span class='ocrx_word' id='word_1_403' title='bbox 910 4790 1194 4849; x_wconf 90' lang='lat' dir='ltr'>arietum</span> <span class='ocrx_word' id='word_1_404' title='bbox 1229 4796 1297 4850; x_wconf 90' lang='lat' dir='ltr'>et</span> <span class='ocrx_word' id='word_1_405' title='bbox 1330 4796 1709 4866; x_wconf 88' lang='lat' dir='ltr'>taurorum,</span> <span class='ocrx_word' id='word_1_406' title='bbox 1764 4807 2079 4864; x_wconf 82' lang='lat' dir='ltr'>seorsum,</span> <span class='ocrx_word' id='word_1_407' title='bbox 2117 4787 2432 4847; x_wconf 88' lang='lat' dir='ltr'>videlicet</span> <span class='ocrx_word' id='word_1_408' title='bbox 2466 4788 2531 4846; x_wconf 92' lang='lat' dir='ltr'>in</span> <span class='ocrx_word' id='word_1_409' title='bbox 2561 4785 2825 4861; x_wconf 85' lang='lat' dir='ltr'>justitia</span> <span class='ocrx_word' id='word_1_410' title='bbox 2846 4781 2894 4864; x_wconf 91' lang='lat'>⁴)</span> <span class='ocrx_word' id='word_1_411' title='bbox 2932 4784 3223 4860; x_wconf 84' lang='lat' dir='ltr'>Spiritus</span> <span class='ocrx_word' id='word_1_412' title='bbox 3258 4782 3480 4843; x_wconf 89' lang='lat' dir='ltr'>Sancti</span> 
     </span>
     <span class='ocr_line' id='line_1_38' title="bbox 398 4889 3482 4971; baseline -0.002 -19"><span class='ocrx_word' id='word_1_413' title='bbox 398 4899 465 4952; x_wconf 85' lang='lat' dir='ltr'>ct</span> <span class='ocrx_word' id='word_1_414' title='bbox 499 4894 861 4970; x_wconf 84' lang='lat' dir='ltr'>Evangelii,</span> <span class='ocrx_word' id='word_1_415' title='bbox 892 4895 1069 4953; x_wconf 83' lang='lat' dir='ltr'>misit</span> <span class='ocrx_word' id='word_1_416' title='bbox 1097 4895 1330 4971; x_wconf 67' lang='lat' dir='ltr'>dissitos</span> <span class='ocrx_word' id='word_1_417' title='bbox 1359 4913 1525 4969; x_wconf 77' lang='lat' dir='ltr'>su03,</span> <span class='ocrx_word' id='word_1_418' title='bbox 1561 4894 1621 4953; x_wconf 90' lang='lat' dir='ltr'>id</span> <span class='ocrx_word' id='word_1_419' title='bbox 1649 4900 1755 4954; x_wconf 88' lang='lat' dir='ltr'>ost</span> <span class='ocrx_word' id='word_1_420' title='bbox 1780 4894 1950 4954; x_wconf 89' lang='lat' dir='ltr'>dona</span> <span class='ocrx_word' id='word_1_421' title='bbox 1979 4892 2268 4969; x_wconf 89' lang='lat' dir='ltr'>Spiritus</span> <span class='ocrx_word' id='word_1_422' title='bbox 2303 4891 2524 4952; x_wconf 88' lang='lat' dir='ltr'>Sancti</span> <span class='ocrx_word' id='word_1_423' title='bbox 2554 4895 2621 4951; x_wconf 83' lang='lat' dir='ltr'>in</span> <span class='ocrx_word' id='word_1_424' title='bbox 2650 4891 3011 4965; x_wconf 74' lang='lat' dir='ltr'>auriculas,</span> <span class='ocrx_word' id='word_1_425' title='bbox 3053 4891 3143 4949; x_wconf 90' lang='lat' dir='ltr'>ita</span> <span class='ocrx_word' id='word_1_426' title='bbox 3181 4895 3251 4947; x_wconf 92' lang='lat' dir='ltr'>ut</span> <span class='ocrx_word' id='word_1_427' title='bbox 3278 4889 3482 4947; x_wconf 85' lang='lat' dir='ltr'>alium</span> 
     </span>
    </p>
   </div>
   <div class='ocr_carea' id='block_1_9' title="bbox 396 5072 3481 5239">
    <p class='ocr_par' dir='ltr' id='par_1_12' title="bbox 396 5072 3481 5239">
     <span class='ocr_line' id='line_1_39' title="bbox 469 5072 3481 5151; baseline -0.004 -14"><span class='ocrx_word' id='word_1_428' title='bbox 469 5080 512 5146; x_wconf 89' lang='lat'>¹)</span> <span class='ocrx_word' id='word_1_429' title='bbox 538 5098 680 5151; x_wconf 81' lang='lat' dir='ltr'>quac</span> <span class='ocrx_word' id='word_1_430' title='bbox 704 5080 823 5137; x_wconf 86' lang='lat' dir='ltr'>cod.</span> <span class='ocrx_word' id='word_1_431' title='bbox 856 5080 1139 5150; x_wconf 83' lang='lat' dir='ltr'>ambigue.</span> <span class='ocrx_word' id='word_1_432' title='bbox 1169 5080 1264 5136; x_wconf 88' lang='lat' dir='ltr'>scd</span> <span class='ocrx_word' id='word_1_433' title='bbox 1286 5081 1434 5136; x_wconf 89' lang='lat' dir='ltr'>nihil</span> <span class='ocrx_word' id='word_1_434' title='bbox 1460 5086 1634 5137; x_wconf 86' lang='lat' dir='ltr'>muto.</span> <span class='ocrx_word' id='word_1_435' title='bbox 1665 5082 1795 5147; x_wconf 82' lang='lat'>—²)</span> <span class='ocrx_word' id='word_1_436' title='bbox 1823 5082 1905 5136; x_wconf 79' lang='lat' dir='ltr'>di·</span> <span class='ocrx_word' id='word_1_437' title='bbox 1991 5083 2167 5143; x_wconf 71' lang='lat' dir='ltr'>stitia,</span> <span class='ocrx_word' id='word_1_438' title='bbox 2218 5079 2294 5135; x_wconf 84' lang='lat' dir='ltr'>ita</span> <span class='ocrx_word' id='word_1_439' title='bbox 2337 5076 2606 5133; x_wconf 83' lang='lat' dir='ltr'>librarius</span> <span class='ocrx_word' id='word_1_440' title='bbox 2645 5093 2802 5133; x_wconf 84' lang='lat' dir='ltr'>meus</span> <span class='ocrx_word' id='word_1_441' title='bbox 2847 5072 3168 5147; x_wconf 81' lang='lat' dir='ltr'>scripserat,</span> <span class='ocrx_word' id='word_1_442' title='bbox 3219 5073 3312 5129; x_wconf 86' lang='lat' dir='ltr'>sed</span> <span class='ocrx_word' id='word_1_443' title='bbox 3351 5089 3481 5127; x_wconf 85' lang='lat' dir='ltr'>voce</span> 
     </span>
     <span class='ocr_line' id='line_1_40' title="bbox 396 5162 3070 5239; baseline -0.004 -17"><span class='ocrx_word' id='word_1_444' title='bbox 396 5171 600 5222; x_wconf 71' lang='lat' dir='ltr'>mittent</span> <span class='ocrx_word' id='word_1_445' title='bbox 627 5167 744 5222; x_wconf 85' lang='lat' dir='ltr'>cod.</span> <span class='ocrx_word' id='word_1_446' title='bbox 778 5182 962 5239; x_wconf 83' lang='lat' dir='ltr'>apogr.</span> <span class='ocrx_word' id='word_1_447' title='bbox 987 5167 1110 5228; x_wconf 80' lang='lat'>-³)</span> <span class='ocrx_word' id='word_1_448' title='bbox 1127 5167 1294 5223; x_wconf 85' lang='lat' dir='ltr'>Marc.</span> <span class='ocrx_word' id='word_1_449' title='bbox 1318 5167 1445 5229; x_wconf 84' lang='lat' dir='ltr'>vn,</span> <span class='ocrx_word' id='word_1_450' title='bbox 1477 5171 1536 5221; x_wconf 80' lang='lat'>31</span> <span class='ocrx_word' id='word_1_451' title='bbox 1572 5171 1718 5221; x_wconf 76' lang='lat'>37.—</span> <span class='ocrx_word' id='word_1_452' title='bbox 1747 5167 1791 5228; x_wconf 84' lang='lat'>⁴)</span> <span class='ocrx_word' id='word_1_453' title='bbox 1807 5171 1900 5235; x_wconf 84' lang='lat' dir='ltr'>ju·</span> <span class='ocrx_word' id='word_1_454' title='bbox 1991 5169 2293 5236; x_wconf 81' lang='lat' dir='ltr'>expuncta,</span> <span class='ocrx_word' id='word_1_455' title='bbox 2325 5162 2717 5235; x_wconf 78' lang='lat' dir='ltr'>superscripsit</span> <span class='ocrx_word' id='word_1_456' title='bbox 2748 5166 2953 5218; x_wconf 76' lang='lat' dir='ltr'>mistica</span> <span class='ocrx_word' id='word_1_457' title='bbox 2982 5163 3070 5226; x_wconf 63' lang='lat'>(2²).</span> 
     </span>
    </p>
   </div>
  </div>
 </body>
</html>
