4036 6117
1337 492 1767 542 }:xposrrxo
1815 492 2455 543 EvANcmmonuM
3235 485 3357 546 271

340 611 761 672 ascendendo
820 614 923 674 vel
974 614 1434 674 descendendo
1501 631 1700 690 quam
1755 615 1873 674 tibi
1924 616 2150 674 datum
2204 616 2324 691 sit,
2393 632 2520 676 non
2570 623 2793 676 autem
2843 619 3201 678 secundum
3256 620 3433 697 quod

341 730 602 787 posses
643 718 872 776 Nonne
908 738 991 777 εει·
1019 720 1319 792 ἀεηανὶο,
1358 719 1617 779 scilicet
1643 733 1718 776 ex
1757 718 1977 778 officio
2012 718 2128 779 illo
2164 720 2339 795 quod
2370 720 2488 779 tibi
2528 721 2798 797 injunxi,
2831 722 2894 780 in
2931 723 3053 783 boc
3087 725 3262 800 quod
3296 726 3433 786 dixi

339 818 509 889 Fiat,
563 824 922 879 convenisti
971 840 1250 895 mecum,
1303 828 1374 880 ut
1417 821 1784 896 jussionem
1837 838 2052 880 meam
2092 823 2440 898 impleres?
2495 825 2669 883 Tolle
2713 824 3002 886 officium
3039 831 3209 905 quod
3242 838 3434 890 tuum

337 928 438 979 est
490 923 554 981 in
588 930 826 983 natura
875 932 1011 999 tua,
1050 932 1108 984 ct
1160 926 1320 983 vade
1372 924 1530 983 illud
1587 924 1937 999 implendo.
2001 925 2148 983 Volo
2196 932 2419 984 autem
2452 935 2510 984 et
2564 930 2715 987 huic
2749 931 3119 1006 novissimo,
3172 934 3434 997 scilicet

348 1039 524 1098 quae
560 1033 791 1101 postea
841 1034 1066 1087 creata
1114 1034 1242 1101 est,
1294 1034 1360 1086 et
1408 1042 1580 1103 quae
1614 1043 1815 1102 super
1865 1033 2113 1086 terram
2148 1028 2370 1101 vadit,
2421 1030 2579 1087 dare
2614 1030 3135 1105 possibilitatem
3185 1043 3257 1096 ut
3290 1039 3435 1100 offi-

338 1134 520 1193 cium
573 1152 766 1196 suum
803 1138 1109 1213 impleat,
1163 1140 1326 1196 sicut
1365 1143 1425 1194 et
1476 1136 1612 1208 tibi,
1651 1151 1822 1210 quae
1869 1136 2059 1210 prius
2094 1140 2319 1194 creata
2367 1152 2464 1209 eS,
2515 1142 2583 1195 et
2633 1137 2696 1195 in
2731 1153 2883 1196 aere
2931 1139 3141 1201 volas,
3191 1144 3433 1206 Annon

337 1236 494 1295 licet
528 1241 715 1312 mihi,
753 1241 866 1315 qui
918 1241 1194 1299 Creator
1229 1256 1399 1313 sum,
1450 1238 1620 1315 quod
1651 1239 1790 1296 volo
1820 1241 2040 1315 facere
2078 1239 2144 1296 in
2180 1239 2324 1312 ipsa
2358 1243 2694 1308 creatura,
2747 1240 2838 1299 ita
2873 1247 2945 1300 ut
2980 1243 3125 1317 ipsa
3160 1246 3432 1309 rebellis

336 1340 544 1402 dicat:
576 1343 712 1403 Cur
737 1359 840 1402 me
871 1342 1087 1403 fecisti
1119 1344 1250 1402 sic‘?
1276 1344 1378 1402 An
1414 1344 1639 1401 oculus
1672 1348 1851 1415 tum,
1888 1342 2149 1400 scilicet
2181 1343 2463 1401 scientia
2498 1348 2612 1401 tua
2648 1361 2953 1419 nequam,
2989 1342 3055 1403 id
3089 1351 3195 1405 est
3227 1349 3436 1410 stulta

344 1456 476 1520 est,
515 1466 662 1509 cum
725 1451 876 1526 plus
911 1451 1079 1509 velis
1113 1465 1312 1527 quam
1348 1449 1468 1508 tibi
1520 1448 1894 1521 conveniat,
1932 1450 2092 1524 quia
2138 1463 2249 1524 eqo
2280 1446 2481 1506 bonus
2529 1466 2702 1518 sum,
2739 1449 2853 1524 qui
2887 1454 2951 1508 te
2985 1449 3150 1509 bene
3198 1457 3264 1511 et
3294 1454 3439 1529 pul-

336 1551 503 1611 chre
537 1552 796 1611 creavi?

438 1658 568 1730 Sic,
609 1656 671 1715 ld
723 1662 827 1715 est
863 1656 985 1716 hoc
1023 1656 1214 1715 modo
1251 1660 1321 1714 ut
1371 1655 1479 1715 bic
1516 1655 1761 1713 facturn
1798 1660 1920 1728 est,
1958 1660 2156 1713 erunt
2201 1656 2563 1724 novissimi,
2599 1653 2857 1714 scilicet
2893 1654 3048 1715 illae
3082 1665 3435 1721 creaturae

334 1777 513 1836 quae
549 1768 780 1836 postea
805 1762 1300 1837 processerunt,
1340 1763 1410 1819 ut
1444 1775 1707 1835 pecora,
1738 1762 1945 1835 primi
1985 1760 2049 1817 in
2084 1760 2498 1834 incoeptione
2532 1759 2775 1835 operiS,
2814 1762 2970 1836 quia
3003 1778 3244 1837 pecora
3280 1779 3433 1827 curn

337 1867 609 1926 homine
642 1866 930 1941 primum
960 1866 1054 1924 ire
1086 1871 1152 1924 et
1187 1865 1572 1923 conversari
1607 1870 1990 1939 coeperunt,
2029 1869 2096 1922 et
2123 1863 2392 1923 utiliora
2426 1863 2763 1937 carnibuS,
2802 1865 3112 1939 pellibuS,
3150 1871 3430 1931 servitio

334 1976 411 2028 et
460 1969 769 2029 omnibus
806 1969 1021 2029 modis
1071 1973 1225 2028 sunt
1259 1967 1666 2039 hominibuS‚
1720 1984 1919 2043 quarn
1956 1967 2293 2041 volatilia,
2347 1972 2407 2026 et
2438 1970 2669 2044 primi,
2706 1968 3020 2029 videlicet
3068 1970 3223 2032 illae
3258 1991 3432 2049 quae

339 2074 536 2149 prius
572 2073 638 2131 in
686 2074 1022 2133 creatione
1054 2075 1565 2147 processerunt,
1617 2073 1955 2131 novissimi
1990 2072 2059 2131 in
2107 2069 2328 2130 officio
2365 2087 2515 2139 suc,
2565 2072 2721 2146 quia
2754 2072 3057 2132 volatilia
3093 2074 3156 2132 in
3190 2077 3432 2137 usibus

345 2176 689 2235 bominum
741 2177 834 2236 ita
885 2176 1075 2235 utilia
1121 2192 1251 2236 non
1301 2178 1456 2235 sunt
1505 2177 1682 2236 sicut
1715 2191 1981 2251 pecora,
2018 2190 2190 2251 quae
2230 2174 2431 2233 etiam
2481 2174 2549 2233 in
2581 2176 2767 2234 sexta
2816 2175 2923 2234 die
2966 2192 3117 2237 cum
3166 2178 3434 2241 homine

352 2285 582 2338 creata
618 2283 794 2338 sunt.
832 2279 1026 2340 Multi
1061 2282 1241 2338 enim
1271 2281 1500 2352 vocati,
1540 2278 1789 2337 multae
1821 2280 1888 2337 et
1920 2278 2231 2336 diversae
2266 2282 2615 2336 creaturae
2651 2283 2928 2337 vocatae
2961 2282 3116 2339 sunt
3150 2281 3216 2339 in
3249 2298 3434 2343 crea-
3529 2288 3538 2297 '

345 2381 526 2439 tione
560 2380 643 2440 ad
690 2380 1180 2457 procedendum
1217 2381 1282 2439 in
1329 2380 1911 2440 vicissitudinibus
1947 2380 2125 2454 suis,
2179 2382 2252 2436 ut
2284 2376 2504 2437 officia
2555 2394 2677 2438 sua
2711 2380 3075 2440 secundum
3119 2384 3293 2458 quod
3329 2387 3433 2446 eis

349 2485 730 2544 institutum
765 2489 891 2559 est,
930 2484 1304 2558 implerent3
1350 2486 1552 2561 pauci
1585 2501 1735 2542 vero
1782 2484 1995 2557 electi,
2034 2481 2293 2541 scilicet
2326 2482 2510 2540 solus
2544 2480 2740 2540 homo
2775 2482 3027 2542 electus
3061 2490 3165 2544 est
3198 2502 3236 2544 a
3270 2485 3430 2563 Deo,

350 2590 440 2648 ita
488 2592 563 2648 ut
609 2588 691 2648 ad
744 2589 1098 2664 imaginem
1147 2594 1215 2648 et
1263 2589 1771 2649 similitudinem
1819 2579 1934 2647 Dei
1987 2586 2206 2647 factus
2256 2585 2387 2657 sit,
2441 2593 2508 2646 et
2559 2586 2641 2645 ad
2699 2588 3020 2650 coelestia
3068 2593 3432 2665 praedesti-

350 2697 569 2752 natus

1858 2973 1937 3040 ΙΙ,

1699 3226 1745 3282 Α
1759 3225 1846 3283 lio
1893 3226 2101 3284 modo,

452 3462 683 3523 Simile
733 3469 825 3521 est
860 3482 1139 3541 reqnum
1188 3464 1539 3536 coelorum,
1582 3463 1642 3522 id
1692 3466 1797 3524 est
1828 3464 2046 3522 omnis
2095 3478 2418 3538 compago
2454 3463 2518 3521 in
2552 3462 2839 3538 homine,
2878 3466 3128 3526 homini
3154 3471 3444 3549 patrifa-

356 3567 602 3638 miliaS,
655 3567 916 3626 scilicet
970 3568 1441 3641 rationalitati,
1494 3584 1664 3642 quae
1717 3569 1782 3626 in
1818 3566 2084 3627 homine
2119 3573 2245 3642 est,
2283 3569 2397 3643 qui
2430 3569 2595 3626 exiit
2624 3571 2843 3643 primo
2873 3587 3093 3644 mane,
3130 3571 3442 3634 videlicet

359 3669 427 3726 in
463 3670 743 3729 scientia
791 3670 1260 3730 sensibilitatis
1309 3671 1669 3731 conducere
1719 3673 2072 3748 operarios,
2112 3671 2177 3729 id
2229 3678 2332 3730 est
2367 3671 2659 3747 quinque
2709 3688 2948 3731 sensus
2981 3676 3320 3750 corpori5‚
3370 3680 3444 3736 in

359 3774 623 3829 vineam
650 3790 858 3845 suam,
896 3772 1156 3831 scilicet
1195 3772 1258 3830 in
1291 3772 1487 3830 fidem
1522 3773 1913 3832 salvationis
1949 3772 2341 3832 animarum.

458 3877 895 3937 conventione
944 3885 1169 3936 autem
1200 3880 1379 3954 facta
1428 3895 1575 3936 cum
1608 3880 1928 3954 operariis
1977 3896 2062 3936 ea:
2095 3877 2371 3937 denario
2402 3878 2672 3947 diurno,
2710 3878 2774 3937 id
2808 3880 2914 3938 est
2947 3879 3121 3954 quod
3158 3881 3447 3939 rationa-

363 3979 519 4039 litas
568 3980 859 4055 quinque
894 3980 1204 4039 sensibus
1254 3995 1442 4055 spem
1477 3981 1692 4053 vitae,
1744 3996 1945 4060 quam
1985 3996 2251 4055 semper
2298 3980 2593 4039 habituri
2629 3987 2822 4054 sunt,
2873 3982 3227 4055 promittit,
3262 3985 3445 4041 misit

365 4102 469 4141 eos
504 4087 574 4142 in
607 4087 869 4143 vineam
903 4103 1090 4143 suam
1124 4084 1385 4143 scilicet
1420 4084 1611 4142 fidem
1649 4084 2041 4143 salvationis
2077 4083 2472 4143 animarum.

456 4190 534 4247 Et
586 4209 881 4268 effi-essue
918 4193 1093 4249 circa
1138 4193 1365 4249 horam
1401 4192 1669 4247 tertiam
1692 4236 1705 4261 ‚
1759 4189 2069 4248 videlicet
2106 4189 2169 4247 in
2218 4189 2626 4264 operatione,
2662 4191 2823 4248 vidit
2873 4192 3035 4250 alios
3071 4192 3135 4250 in
3184 4194 3315 4252 alia
3348 4195 3448 4254 vi-

367 4293 757 4352 cissitudine
808 4294 1082 4368 majoris
1131 4293 1543 4368 operationis
1593 4308 1790 4366 quain
1843 4291 2198 4364 opinionis,
2251 4298 2499 4350 stantes
2548 4294 2618 4351 in
2652 4294 2794 4369 foro
2842 4297 3094 4367 otiosos,
3142 4294 3205 4353 id
3240 4298 3345 4355 est
3380 4297 3446 4354 in

367 4397 847 4457 deliberatione
896 4398 1221 4473 eligentes
1255 4396 1413 4472 quid
1454 4394 1672 4454 facere
1707 4395 1979 4468 vellent,
2017 4401 2078 4453 et
2115 4397 2288 4454 diaeit
2326 4398 2465 4454 illis
2502 4397 2567 4454 in
2602 4396 3071 4456 admonitione:
3111 4399 3208 4458 Ite
3243 4405 3303 4458 et
3344 4418 3447 4458 vos

365 4509 438 4565 in
483 4509 743 4565 vineam
797 4524 1036 4577 meam,
1092 4505 1154 4564 id
1210 4506 1315 4563 est
1363 4504 1428 4562 in
1485 4502 1679 4562 fidem
1729 4501 2122 4561 salvationis
2179 4502 2575 4576 animarum,
2634 4509 2694 4560 et
2730 4503 2902 4579 quod
2939 4500 3208 4576 justum
3238 4506 3450 4581 fuerit

370 4610 434 4668 in
471 4609 1004 4668 remuneratione
1039 4607 1197 4667 dabo
1233 4606 1423 4667 vobis,
1463 4607 1581 4666 Illi
1613 4613 1836 4665 autem
1868 4604 2172 4664 abierunt
2208 4605 2289 4663 ad
2323 4620 2511 4681 opus,

454 4712 708 4769 Iterum
734 4716 958 4769 autem
989 4713 1153 4770 eaeiit
1183 4713 1359 4769 circa
1391 4718 1668 4782 seaetam,
1699 4708 1958 4766 scilicet
1985 4707 2052 4766 in
2083 4706 2379 4782 perfecto
2407 4723 2628 4782 opere,
2659 4717 2721 4765 et
2748 4724 2991 4766 nonam
3015 4712 3264 4782 horam,
3293 4724 3445 4769 cum

372 4816 564 4876 bomo
595 4817 731 4891 jam
770 4816 834 4875 in
867 4816 1088 4876 taedio
1124 4816 1535 4890 operationis
1568 4820 1766 4888 est,et
1799 4815 1957 4890 fecit
1993 4814 2307 4872 similiter
2341 4828 2587 4872 vocans
2620 4828 2733 4872 eos
2767 4811 2850 4871 ad
2884 4827 3073 4887 opus,
3107 4813 3295 4872 Circa
3325 4831 3452 4871 un·-

368 4920 691 4980 decimam
737 4938 887 4978 vero
934 4921 1123 4992 exiit,
1173 4918 1488 4977 videlicet
1539 4919 1604 4978 in
1637 4917 1904 4977 defectu
1940 4918 2187 4992 operis,
2223 4923 2286 4975 et
2321 4918 2572 4975 invenit
2608 4916 2776 4975 alios
2820 4916 2884 4973 in
2925 4915 3144 4974 taedio
3193 4921 3441 4974 stantes

374 5023 833 5094 deliberandO,
885 5031 944 5080 et
983 5023 1152 5080 dixit
1208 5022 1340 5080 illis
1379 5022 1616 5081 iterum
1670 5022 1731 5080 in
1769 5021 2240 5080 admonitione:
2282 5021 2451 5092 Quid
2485 5021 2586 5080 hic
2622 5019 2809 5077 statis
2845 5016 2907 5075 in
2942 5015 3444 5088 deliberatione,

377 5137 505 5185 ιυια
539 5129 667 5199 die,
725 5128 781 5185 id
821 5134 923 5184 cst
963 5127 1024 5184 in
1059 5126 1332 5183 scicntia
1376 5126 1526 5184 boni
1564 5130 1628 5182 et
1668 5125 1845 5198 mali,
1886 5127 2102 5198 otiosi,
2144 5124 2402 5181 scilicet
2437 5126 2750 5181 vacantes
2788 5122 2850 5180 in
2888 5120 3306 5195 operatione?
3342 5121 3455 5179 Di-
