4036 6117
1505 495 1743 542 LIBER
1804 493 2127 539 SCWIAS
3172 483 3300 543 5¹3

659 611 890 670 eaedem
917 617 1106 670 autem

665 700 864 772 plenae
891 704 1053 756 erant

664 785 872 841 habere
899 789 1152 857 poteram

660 887 736 926 ex
759 869 957 928 eodem
985 870 1180 928 labore

666 957 951 1031 suspirare
976 959 1132 1015 valui

661 1042 917 1115 ejusdem
945 1044 1157 1100 montis

666 1129 1001 1199 perveniens
1026 1131 1096 1186 ad

562 1212 625 1268 D.
651 1212 987 1271 descendere
999 1215 1783 1289 volebametecceibiaspides

665 1297 813 1355 mihi
837 1300 1088 1374 oppositi
1114 1308 1277 1358 erant
1301 1308 1360 1358 et
1387 1302 1446 1357 in
1474 1319 1548 1360 m.
1572 1320 1615 1360 s.
1649 1319 1693 1359 s.
1725 1321 1780 1359 e-

745 1385 1058 1443 mittebant

673 1469 866 1526 eadam
897 1472 956 1527 in
980 1488 1092 1543 qua

403 1556 509 1608 ⁴18
535 1551 601 1610 Α.
649 1556 919 1612 velociter
946 1559 1289 1616 transvolavi

666 1647 725 1697 et
752 1641 896 1698 illud
926 1643 1148 1701 intrans

668 1730 733 1785 in
758 1731 952 1787 eodem
979 1737 1239 1791 autem...
1271 1733 1334 1789 in
1359 1751 1527 1806 quam

663 1821 720 1871 ct
746 1831 805 1872 se
831 1817 936 1873 hac
962 1821 1021 1874 et
1049 1817 1181 1876 illac

669 1916 805 1958 cum
833 1917 1027 1959 musco

666 1987 958 2060 lapidibus
985 1989 1094 2047 feci

670 2072 847 2130 factas
874 2075 1034 2146 posui

669 2162 924 2235 ejusdem
952 2163 1129 2220 turris

561 2247 622 2305 B.
666 2247 745 2304 ita
774 2249 927 2321 quod
951 2265 1019 2305 ex
1048 2249 1172 2322 ipso
1197 2266 1297 2323 per
1319 2256 1500 2308 totum
1525 2252 1670 2309 idem
1704 2259 1782 2309 ta-

738 2338 1108 2394 bernaculum
1159 2339 1444 2396 maximus
1493 2340 1630 2396 odor
1672 2338 1781 2396 dif-

741 2424 1092 2482 funderetur.
1124 2425 1194 2480 ad

671 2516 945 2583 occupata
973 2527 1152 2568 essem

674 2596 862 2668 operis
889 2597 1000 2653 mei

665 2681 840 2753 janua
875 2684 1127 2756 ejusdem
1172 2686 1285 2742 tab.
1318 2685 1545 2755 sagittis
1584 2685 1782 2758 imple-

743 2770 1108 2840 retur-,muna
1133 2777 1320 2828 tamen
1341 2772 1669 2829 earumdem
1697 2787 1782 2828 sa-

735 2856 792 2927 gi
802 2861 932 2914 ttar.
953 2875 1056 2916 nec
1072 2859 1306 2931 januam
1329 2874 1432 2914 nec
1452 2875 1501 2915 c.
1521 2858 1574 2930 ej
1583 2857 1776 2913 usdem

751 2946 791 2999 t.
824 2942 1109 3014 perforare
1137 2943 1361 2998 valebat

666 3033 920 3101 poteram
945 3045 1000 3101 q.
1040 3035 1087 3087 ί.
1120 3028 1377 3086 videntes

663 3115 937 3186 quatinus
963 3120 1022 3172 et
1048 3131 1138 3171 me
1164 3120 1224 3171 et

668 3202 766 3258 sed
797 3207 986 3258 tamen

558 3286 626 3344 C.
674 3288 1101 3345 tabernaculum
1132 3287 1267 3345 fecit

671 3374 890 3429 nullam
920 3373 1217 3431 victoriam

671 3459 968 3515 adversum
994 3475 1090 3515 vos
1115 3459 1304 3531 peregi

671 3550 869 3601 contra
898 3562 995 3602 vos
1021 3546 1312 3602 vibrabam

674 3635 903 3687 strenue
927 3631 1294 3688 defendebam

675 3715 944 3786 quoniam
975 3720 1122 3773 ultra
1150 3733 1239 3774 me
1261 3721 1375 3775 cod.
1405 3721 1505 3792 sol.
1540 3723 1636 3776 20.

665 3805 847 3860 etiam
869 3804 1030 3876 quod
1097 3793 1104 3799 ’

566 3890 631 3947 D.
675 3889 784 3947 Sed
813 3897 1001 3946 tamen
1028 3890 1115 3947 sic

674 3976 920 4034 officium
948 3978 1127 4033 habeo

678 4068 868 4120 tamen
895 4064 1093 4119 vivens

677 4149 1032 4207 viriditatem
1063 4147 1256 4205 tribuo
1280 4155 1339 4204 et
1363 4149 1513 4219 quod
1543 4148 1688 4205 illud

677 4235 813 4292 achl
857 4252 890 4292 o
926 4250 1095 4307 quam
1157 4249 1359 4304 magno
1417 4235 1633 4305 gemitu
1684 4236 1791 4294 hoc

744 4337 985 4392 quaeror

671 4407 823 4477 quod
853 4406 1190 4463 multotiens
1217 4406 1346 4463 dico

421 4495 529 4549 ⁴¹9
554 4492 621 4549 Α.
667 4493 975 4549 secundum
1003 4498 1232 4564 gustum
1270 4492 1585 4549 viriditatis
1614 4499 1793 4551 terrae

736 4595 829 4637 a...
873 4595 1129 4650 quaeque
1166 4595 1332 4651 opera
1373 4578 1655 4650 intelligo,
1698 4581 1790 4637 sed

756 4671 943 4721 tamen
968 4664 1241 4722 aviditate
1262 4664 1387 4737 ejus
1408 4664 1486 4721 ita
1518 4665 1794 4737 impedior

748 4750 901 4820 quod

601 4834 611 4844 '
679 4838 911 4893 vulnera
942 4835 1000 4891 in
1027 4850 1119 4892 me
1146 4835 1339 4892 videro

673 4924 809 4995 quia
837 4927 1068 4993 gustum
1098 4922 1157 4978 in
1184 4938 1351 4994 opere

570 5010 631 5067 B.
676 5007 957 5066 contraria
989 5008 1102 5063 Deo
1128 5024 1353 5065 sensero

676 5094 1229 5166 superponderavero

485 5268 839 5325 ANALECT.
893 5265 962 5323 T.
1017 5263 1175 5321 Vlll.
1227 5265 1314 5322 :34

2267 611 2392 676 acb!
2426 625 2515 666 me
2541 611 2896 683 peregrinam

2264 697 2578 755 subsistere
2603 714 2833 770 possum

2272 786 2540 857 perficere
2567 788 2717 843 vales

2267 874 2439 929 acb...
2473 870 2675 928 nociva

2267 957 2468 1015 nociva
2493 957 2733 1015 dulcedo

2162 1041 2219 1097 C.
2265 1041 2559 1114 peregrina
2588 1059 2711 1098 sum

2261 1127 2345 1185 sic
2369 1128 2626 1185 dicentes

2267 1219 2326 1270 et
2351 1214 2493 1286 quid
2519 1215 2659 1271 facis

2158 1299 2224 1355 D.
2271 1299 2332 1354 iu
2360 1299 2639 1356 insaniam

2267 1385 2426 1442 istud
2454 1386 2679 1456 ignoras

2273 1474 2403 1530 volo
2433 1476 2621 1530 volare

2003 1561 2108 1612 420
2134 1558 2200 1613 Α.
2233 1557 2414 1615 facere
2444 1566 2735 1617 tentavero

2269 1660 2412 1716 opus
2438 1646 2586 1703 facio

2272 1730 2333 1786 in
2361 1746 2453 1787 me
2477 1731 2659 1789 habeo

2276 1816 2420 1872 mihi
2453 1824 2588 1876 tunc
2613 1821 2864 1876 occurrit

2273 1904 2642 1969 munditiam,
2690 1905 2993 1963 sanitatem
3032 1913 3090 1963 et
3126 1909 3383 1964 altitudi-

2377 2004 2505 2046 uem

2163 2075 2223 2132 R
2268 2076 2401 2132 acb!
2454 2092 2625 2149 quam
2675 2077 2881 2135 infelix
2927 2080 3033 2136 hoc
3072 2085 3378 2139 certamen.

2338 2162 2487 2234 quod
2514 2162 2597 2220 sic

2264 2247 2668 2319 deceptibilem
2698 2250 3006 2308 versutiam

2272 2332 2333 2388 in
2359 2333 2697 2405 deceptibili
2724 2342 2913 2393 autem
2944 2337 3193 2394 versutia

2265 2436 2368 2476 nec
2399 2420 2459 2476 in
2490 2421 2744 2486 bomine,
2775 2438 2879 2480 nec
2907 2423 2969 2480 in
2997 2425 3110 2500 Deo

2154 2505 2218 2564 C.
2260 2506 2413 2576 quod
2437 2505 2643 2563 dubito

2268 2593 2421 2665 quod
2445 2609 2477 2647 a
2505 2595 2619 2650 Deo
2642 2599 2828 2652 creata
2856 2611 2982 2654 sum

2270 2694 2606 2750 responsum
2634 2679 2706 2737 do

2266 2772 2581 2830 conteram.
2602 2769 3080 2838 quemadmodum
3112 2770 3276 2829 fortis
3303 2773 3389 2828 leo

2337 2868 2397 2908 se
2423 2850 2681 2911 defendit
2707 2862 2829 2924 (om.
2858 2860 3099 2924 caetera)

2158 2939 2227 2997 D.
2271 2939 2572 2999 incendere
2601 2942 2851 3000 voluerit

2267 3029 2499 3087 suavior
2522 3045 2619 3087 ero

2267 3115 2623 3172 viriditatem
2651 3130 2810 3171 suam
2839 3114 3130 3172 ostendere

2270 3201 2422 3271 quod
2451 3201 2671 3257 nullum
2703 3200 2814 3256 sibi

1928 3305 1988 3359 p.
2020 3290 2122 3343 ⁴2¹
2150 3286 2216 3345 Α.
2262 3302 2390 3343 cum
2421 3287 2821 3359 rapacissimus

2266 3373 2632 3430 altitudinem
2660 3373 2760 3429 Dei
2783 3389 3056 3445 cognosco
3077 3378 3197 3442 (om.
3222 3380 3381 3437 cueLl

2271 3465 2331 3515 et
2358 3459 2443 3516 sic
2468 3459 2639 3516 etiam
2660 3465 2879 3516 caetera
2906 3460 3047 3516 vitia
3070 3459 3384 3519 fortissimo

2341 3550 2506 3602 scuto
2534 3544 2883 3602 humilitatis

2160 3632 2220 3689 B.
2266 3633 2359 3688 sed
2385 3632 2658 3690 deinde...

2267 3718 2649 3791 dijudicabor,
2678 3719 2792 3777 ibo.
2824 3737 2991 3794 opera
3018 3721 3167 3777 enim

2271 3804 2357 3861 ibi
2387 3806 2679 3861 ostendam

2273 3896 2390 3947 eto
2415 3898 2627 3963 quanta
2654 3891 2915 3962 angustia
2946 3892 3028 3948 ibi

2277 3976 2458 4048 ipsius
2483 3976 2791 4033 secundum
2817 3979 2969 4048 quod

2167 4061 2227 4120 C.
2270 4065 2570 4134 postquam
2598 4078 2656 4118 se
2682 4062 3017 4118 exsolvisset

2270 4146 2527 4218 apertius
2552 4145 2882 4204 manifestes

2162 4235 2229 4293 D.
2273 4234 2426 4306 quod
2454 4233 2512 4290 in
2541 4248 2743 4304 magno
2773 4239 2906 4307 typo

1934 4341 1988 4397 p.
2022 4327 2126 4379 122
2163 4323 2231 4380 A.
2277 4320 2521 4377 fundere
2566 4319 2914 4393 properavit,
2956 4321 3053 4377 ubi
3094 4321 3155 4377 in
3200 4324 3392 4381 eadem

2342 4404 2582 4463 scientia
2784 4448 2789 4453 .

2264 4508 2417 4564 quae
2451 4492 2707 4549 facturus
2745 4496 2833 4548 est
2871 4490 3059 4552 homo.
3103 4494 3175 4550 Et
3212 4512 3335 4566 ego,
3362 4515 3395 4554 o

2352 4580 2543 4640 homo,
2577 4577 2683 4634 tibi
2710 4578 2857 4637 dico:
2886 4580 2935 4637 Ο
2961 4582 3137 4638 stulte

2283 4665 2450 4720 finem
2479 4663 2775 4720 obfuscare
2802 4665 3056 4721 omnium

2288 4751 2383 4807 sed
2410 4750 2548 4820 quid
2575 4765 2633 4805 es
2663 4755 2746 4813 tu,
2774 4750 2873 4821 qui
2902 4750 3095 4808 favilla

2283 4835 2756 4891 innumerabilem
2784 4838 3271 4908 pulchritudinem

2278 4924 2446 4980 nulla
2476 4921 2793 4992 indignatio
2823 4924 3143 4997 injustitiae

2180 5009 2243 5066 B.
2289 5029 2389 5066 om.
2424 5024 2672 5079 unquam
2701 5017 2819 5084 post
2844 5016 2929 5066 est

2281 5095 2417 5166 quid
2448 5098 2531 5149 est
2562 5095 2696 5149 hoc?
