<?xml version="1.0" encoding="UTF-8"?>
<!DOCTYPE html PUBLIC "-//W3C//DTD XHTML 1.0 Transitional//EN"
    "http://www.w3.org/TR/xhtml1/DTD/xhtml1-transitional.dtd">
<html xmlns="http://www.w3.org/1999/xhtml" xml:lang="en" lang="en">
 <head>
  <title>
</title>
<meta http-equiv="Content-Type" content="text/html;charset=utf-8" />
  <meta name='ocr-system' content='tesseract 3.04.00' />
  <meta name='ocr-capabilities' content='ocr_page ocr_carea ocr_par ocr_line ocrx_word'/>
</head>
<body>
  <div class='ocr_page' id='page_1' title='image "analectasacrasp05pitrgoog_0614.png"; bbox 0 0 4036 6117; ppageno 0'>
   <div class='ocr_carea' id='block_1_1' title="bbox 713 446 2527 507">
    <p class='ocr_par' dir='ltr' id='par_1_1' title="bbox 713 446 2527 507">
     <span class='ocr_line' id='line_1_1' title="bbox 713 446 2527 507; baseline -0.002 -1"><span class='ocrx_word' id='word_1_1' title='bbox 713 446 847 507; x_wconf 71' lang='lat'><strong>546</strong></span> <span class='ocrx_word' id='word_1_2' title='bbox 1883 456 1932 501; x_wconf 84' lang='lat' dir='ltr'><strong>s.</strong></span> <span class='ocrx_word' id='word_1_3' title='bbox 1987 454 2527 503; x_wconf 65' lang='lat' dir='ltr'><strong>umnec-Annis</strong></span> 
     </span>
    </p>
   </div>
   <div class='ocr_carea' id='block_1_2' title="bbox 1393 684 3014 943">
    <p class='ocr_par' dir='ltr' id='par_1_2' title="bbox 1393 684 3014 943">
     <span class='ocr_line' id='line_1_2' title="bbox 2040 684 2368 747; baseline -0.009 0"><span class='ocrx_word' id='word_1_4' title='bbox 2040 684 2368 747; x_wconf 87' lang='lat' dir='ltr'><strong>LXXXIX.</strong></span> 
     </span>
     <span class='ocr_line' id='line_1_3' title="bbox 1393 864 3014 943; baseline -0.002 -15"><span class='ocrx_word' id='word_1_5' title='bbox 1393 866 1778 943; x_wconf 72' lang='lat' dir='ltr'><strong>Maneqoldo</strong></span> <span class='ocrx_word' id='word_1_6' title='bbox 1810 864 2023 924; x_wconf 83' lang='lat' dir='ltr'><strong>abbati</strong></span> <span class='ocrx_word' id='word_1_7' title='bbox 2058 866 2137 924; x_wconf 82' lang='lat' dir='ltr'><strong>de</strong></span> <span class='ocrx_word' id='word_1_8' title='bbox 2172 866 2533 943; x_wconf 75' lang='lat' dir='ltr'><strong>Hirsauyia</strong></span> <span class='ocrx_word' id='word_1_9' title='bbox 2564 864 3014 942; x_wconf 72' lang='lat' dir='ltr'><strong>HildeqardiS.</strong></span> 
     </span>
    </p>
   </div>
   <div class='ocr_carea' id='block_1_3' title="bbox 724 1049 3384 1123">
    <p class='ocr_par' dir='ltr' id='par_1_3' title="bbox 724 1049 3384 1123">
     <span class='ocr_line' id='line_1_4' title="bbox 724 1049 3384 1123; baseline -0 -13"><span class='ocrx_word' id='word_1_10' title='bbox 724 1055 926 1111; x_wconf 86' lang='lat' dir='ltr'><strong>Pacem</strong></span> <span class='ocrx_word' id='word_1_11' title='bbox 954 1053 1107 1110; x_wconf 83' lang='lat' dir='ltr'><strong>fovet</strong></span> <span class='ocrx_word' id='word_1_12' title='bbox 1132 1058 1191 1109; x_wconf 85' lang='lat' dir='ltr'><strong>et</strong></span> <span class='ocrx_word' id='word_1_13' title='bbox 1214 1051 1496 1123; x_wconf 85' lang='lat' dir='ltr'><strong>quietem,</strong></span> <span class='ocrx_word' id='word_1_14' title='bbox 1528 1058 1641 1107; x_wconf 87' lang='lat' dir='ltr'><strong>tam</strong></span> <span class='ocrx_word' id='word_1_15' title='bbox 1669 1050 1730 1107; x_wconf 88' lang='lat' dir='ltr'><strong>in</strong></span> <span class='ocrx_word' id='word_1_16' title='bbox 1756 1049 1983 1108; x_wconf 77' lang='lat' dir='ltr'><strong>abbatis</strong></span> <span class='ocrx_word' id='word_1_17' title='bbox 2010 1050 2141 1106; x_wconf 84' lang='lat' dir='ltr'><strong>sinu</strong></span> <span class='ocrx_word' id='word_1_18' title='bbox 2168 1065 2338 1121; x_wconf 80' lang='lat' dir='ltr'><strong>quam</strong></span> <span class='ocrx_word' id='word_1_19' title='bbox 2370 1049 2431 1106; x_wconf 89' lang='lat' dir='ltr'><strong>in</strong></span> <span class='ocrx_word' id='word_1_20' title='bbox 2456 1054 2769 1106; x_wconf 83' lang='lat' dir='ltr'><strong>conventus</strong></span> <span class='ocrx_word' id='word_1_21' title='bbox 2796 1049 3009 1119; x_wconf 85' lang='lat' dir='ltr'><strong>gremio</strong></span> <span class='ocrx_word' id='word_1_22' title='bbox 3036 1052 3384 1109; x_wconf 84' lang='lat' dir='ltr'><strong>servandam.</strong></span> 
     </span>
    </p>
   </div>
   <div class='ocr_carea' id='block_1_4' title="bbox 655 1197 3774 3677">
    <p class='ocr_par' dir='ltr' id='par_1_4' title="bbox 655 1197 3774 3677">
     <span class='ocr_line' id='line_1_5' title="bbox 743 1197 3772 1278; baseline -0.001 -16"><span class='ocrx_word' id='word_1_23' title='bbox 743 1202 794 1262; x_wconf 92' lang='grc' dir='ltr'>Ο</span> <span class='ocrx_word' id='word_1_24' title='bbox 827 1206 1043 1278; x_wconf 89' lang='lat' dir='ltr'><strong>pater;</strong></span> <span class='ocrx_word' id='word_1_25' title='bbox 1080 1215 1270 1260; x_wconf 90' lang='lat' dir='ltr'><strong>mens</strong></span> <span class='ocrx_word' id='word_1_26' title='bbox 1304 1204 1419 1258; x_wconf 92' lang='lat' dir='ltr'><strong>tua</strong></span> <span class='ocrx_word' id='word_1_27' title='bbox 1453 1198 1869 1259; x_wconf 87' lang='lat' dir='ltr'><strong>existimavit</strong></span> <span class='ocrx_word' id='word_1_28' title='bbox 1901 1197 2080 1274; x_wconf 89' lang='lat' dir='ltr'><strong>quod</strong></span> <span class='ocrx_word' id='word_1_29' title='bbox 2117 1198 2182 1257; x_wconf 90' lang='lat' dir='ltr'><strong>in</strong></span> <span class='ocrx_word' id='word_1_30' title='bbox 2216 1198 2455 1259; x_wconf 89' lang='lat' dir='ltr'><strong>diebus</strong></span> <span class='ocrx_word' id='word_1_31' title='bbox 2490 1199 2626 1259; x_wconf 88' lang='lat' dir='ltr'><strong>tuis</strong></span> <span class='ocrx_word' id='word_1_32' title='bbox 2664 1214 2903 1258; x_wconf 87' lang='lat' dir='ltr'><strong>secura</strong></span> <span class='ocrx_word' id='word_1_33' title='bbox 2944 1216 3069 1275; x_wconf 86' lang='lat' dir='ltr'><strong>pax</strong></span> <span class='ocrx_word' id='word_1_34' title='bbox 3107 1214 3258 1259; x_wconf 90' lang='lat' dir='ltr'><strong>esse</strong></span> <span class='ocrx_word' id='word_1_35' title='bbox 3306 1199 3616 1260; x_wconf 79' lang='lat' dir='ltr'><strong>deberet.</strong></span> <span class='ocrx_word' id='word_1_36' title='bbox 3652 1199 3772 1260; x_wconf 81' lang='lat' dir='ltr'><strong>Ne-</strong></span> 
     </span>
     <span class='ocr_line' id='line_1_6' title="bbox 655 1301 3765 1382; baseline -0.001 -18"><span class='ocrx_word' id='word_1_37' title='bbox 655 1320 1016 1382; x_wconf 85' lang='lat' dir='ltr'><strong>quaquam.</strong></span> <span class='ocrx_word' id='word_1_38' title='bbox 1067 1302 1192 1363; x_wconf 88' lang='lat' dir='ltr'><strong>Sed</strong></span> <span class='ocrx_word' id='word_1_39' title='bbox 1225 1318 1385 1361; x_wconf 89' lang='lat' dir='ltr'><strong>num</strong></span> <span class='ocrx_word' id='word_1_40' title='bbox 1417 1304 1603 1362; x_wconf 88' lang='lat' dir='ltr'><strong>esset</strong></span> <span class='ocrx_word' id='word_1_41' title='bbox 1648 1301 1777 1361; x_wconf 88' lang='lat' dir='ltr'><strong>hoc</strong></span> <span class='ocrx_word' id='word_1_42' title='bbox 1809 1301 2133 1377; x_wconf 89' lang='lat' dir='ltr'><strong>possibile</strong></span> <span class='ocrx_word' id='word_1_43' title='bbox 2181 1301 2246 1360; x_wconf 91' lang='lat' dir='ltr'><strong>in</strong></span> <span class='ocrx_word' id='word_1_44' title='bbox 2280 1302 2410 1361; x_wconf 91' lang='lat' dir='ltr'><strong>isto</strong></span> <span class='ocrx_word' id='word_1_45' title='bbox 2447 1301 2751 1362; x_wconf 78' lang='lat' dir='ltr'><strong>saeculo?</strong></span> <span class='ocrx_word' id='word_1_46' title='bbox 2797 1301 2953 1360; x_wconf 87' lang='lat' dir='ltr'><strong>Dies</strong></span> <span class='ocrx_word' id='word_1_47' title='bbox 2986 1309 3210 1360; x_wconf 91' lang='lat' dir='ltr'><strong>autem</strong></span> <span class='ocrx_word' id='word_1_48' title='bbox 3258 1302 3447 1377; x_wconf 88' lang='lat' dir='ltr'><strong>clari,</strong></span> <span class='ocrx_word' id='word_1_49' title='bbox 3487 1303 3613 1379; x_wconf 89' lang='lat' dir='ltr'><strong>qui</strong></span> <span class='ocrx_word' id='word_1_50' title='bbox 3650 1303 3765 1361; x_wconf 86' lang='lat' dir='ltr'><strong>tibi</strong></span> 
     </span>
     <span class='ocr_line' id='line_1_7' title="bbox 657 1404 3770 1486; baseline -0.002 -17"><span class='ocrx_word' id='word_1_51' title='bbox 657 1408 865 1486; x_wconf 89' lang='lat' dir='ltr'><strong>positi</strong></span> <span class='ocrx_word' id='word_1_52' title='bbox 902 1412 1079 1481; x_wconf 91' lang='lat' dir='ltr'><strong>sunt,</strong></span> <span class='ocrx_word' id='word_1_53' title='bbox 1117 1406 1243 1466; x_wconf 91' lang='lat' dir='ltr'><strong>hoc</strong></span> <span class='ocrx_word' id='word_1_54' title='bbox 1277 1412 1382 1465; x_wconf 91' lang='lat' dir='ltr'><strong>est</strong></span> <span class='ocrx_word' id='word_1_55' title='bbox 1416 1405 1594 1482; x_wconf 91' lang='lat' dir='ltr'><strong>quod</strong></span> <span class='ocrx_word' id='word_1_56' title='bbox 1628 1421 1757 1465; x_wconf 91' lang='lat' dir='ltr'><strong>non</strong></span> <span class='ocrx_word' id='word_1_57' title='bbox 1794 1404 2286 1464; x_wconf 82' lang='lat' dir='ltr'><strong>incredulitatis</strong></span> <span class='ocrx_word' id='word_1_58' title='bbox 2319 1411 2386 1464; x_wconf 90' lang='lat' dir='ltr'><strong>et</strong></span> <span class='ocrx_word' id='word_1_59' title='bbox 2417 1404 2816 1464; x_wconf 89' lang='lat' dir='ltr'><strong>defectionis</strong></span> <span class='ocrx_word' id='word_1_60' title='bbox 2850 1407 2918 1464; x_wconf 90' lang='lat' dir='ltr'><strong>et</strong></span> <span class='ocrx_word' id='word_1_61' title='bbox 2949 1405 3295 1464; x_wconf 88' lang='lat' dir='ltr'><strong>horribilis</strong></span> <span class='ocrx_word' id='word_1_62' title='bbox 3338 1422 3594 1465; x_wconf 88' lang='lat' dir='ltr'><strong>sensus</strong></span> <span class='ocrx_word' id='word_1_63' title='bbox 3629 1405 3770 1464; x_wconf 87' lang='lat' dir='ltr'><strong>dies</strong></span> 
     </span>
     <span class='ocr_line' id='line_1_8' title="bbox 662 1508 3771 1585; baseline -0.003 -11"><span class='ocrx_word' id='word_1_64' title='bbox 662 1530 794 1574; x_wconf 90' lang='lat' dir='ltr'><strong>non</strong></span> <span class='ocrx_word' id='word_1_65' title='bbox 844 1511 1298 1573; x_wconf 90' lang='lat' dir='ltr'><strong>obnubilatur.</strong></span> <span class='ocrx_word' id='word_1_66' title='bbox 1349 1510 1601 1570; x_wconf 87' lang='lat' dir='ltr'><strong>Memor</strong></span> <span class='ocrx_word' id='word_1_67' title='bbox 1648 1516 1796 1569; x_wconf 90' lang='lat' dir='ltr'><strong>esto</strong></span> <span class='ocrx_word' id='word_1_68' title='bbox 1843 1525 2005 1585; x_wconf 88' lang='lat' dir='ltr'><strong>ergo</strong></span> <span class='ocrx_word' id='word_1_69' title='bbox 2044 1508 2222 1585; x_wconf 89' lang='lat' dir='ltr'><strong>quod</strong></span> <span class='ocrx_word' id='word_1_70' title='bbox 2257 1508 2433 1569; x_wconf 90' lang='lat' dir='ltr'><strong>Deus</strong></span> <span class='ocrx_word' id='word_1_71' title='bbox 2466 1509 2673 1568; x_wconf 87' lang='lat' dir='ltr'><strong>David</strong></span> <span class='ocrx_word' id='word_1_72' title='bbox 2711 1509 2936 1584; x_wconf 88' lang='lat' dir='ltr'><strong>elegit,</strong></span> <span class='ocrx_word' id='word_1_73' title='bbox 2973 1515 3037 1568; x_wconf 85' lang='lat' dir='ltr'><strong>et</strong></span> <span class='ocrx_word' id='word_1_74' title='bbox 3073 1510 3249 1585; x_wconf 92' lang='lat' dir='ltr'><strong>quod</strong></span> <span class='ocrx_word' id='word_1_75' title='bbox 3286 1526 3575 1585; x_wconf 87' lang='lat' dir='ltr'><strong>regnum</strong></span> <span class='ocrx_word' id='word_1_76' title='bbox 3627 1510 3771 1584; x_wconf 85' lang='lat' dir='ltr'><strong>ejus</strong></span> 
     </span>
     <span class='ocr_line' id='line_1_9' title="bbox 662 1612 3771 1693; baseline -0.001 -16"><span class='ocrx_word' id='word_1_77' title='bbox 662 1634 814 1678; x_wconf 91' lang='lat' dir='ltr'><strong>cum</strong></span> <span class='ocrx_word' id='word_1_78' title='bbox 852 1618 998 1693; x_wconf 90' lang='lat' dir='ltr'><strong>ipso</strong></span> <span class='ocrx_word' id='word_1_79' title='bbox 1033 1631 1165 1675; x_wconf 91' lang='lat' dir='ltr'><strong>non</strong></span> <span class='ocrx_word' id='word_1_80' title='bbox 1198 1614 1468 1689; x_wconf 86' lang='lat' dir='ltr'><strong>defecit,</strong></span> <span class='ocrx_word' id='word_1_81' title='bbox 1498 1619 1566 1673; x_wconf 90' lang='lat' dir='ltr'><strong>et</strong></span> <span class='ocrx_word' id='word_1_82' title='bbox 1592 1613 1769 1689; x_wconf 86' lang='lat' dir='ltr'><strong>quod</strong></span> <span class='ocrx_word' id='word_1_83' title='bbox 1805 1615 2097 1673; x_wconf 88' lang='lat' dir='ltr'><strong>animam</strong></span> <span class='ocrx_word' id='word_1_84' title='bbox 2133 1613 2346 1687; x_wconf 89' lang='lat' dir='ltr'><strong>ipsius</strong></span> <span class='ocrx_word' id='word_1_85' title='bbox 2380 1630 2509 1673; x_wconf 89' lang='lat' dir='ltr'><strong>non</strong></span> <span class='ocrx_word' id='word_1_86' title='bbox 2544 1612 2858 1689; x_wconf 89' lang='lat' dir='ltr'><strong>perdidit;</strong></span> <span class='ocrx_word' id='word_1_87' title='bbox 2897 1613 3015 1672; x_wconf 89' lang='lat' dir='ltr'><strong>sed</strong></span> <span class='ocrx_word' id='word_1_88' title='bbox 3050 1618 3271 1673; x_wconf 90' lang='lat' dir='ltr'><strong>tamen</strong></span> <span class='ocrx_word' id='word_1_89' title='bbox 3302 1630 3626 1690; x_wconf 85' lang='lat' dir='ltr'><strong>magnum</strong></span> <span class='ocrx_word' id='word_1_90' title='bbox 3662 1614 3771 1673; x_wconf 90' lang='lat' dir='ltr'><strong>do-</strong></span> 
     </span>
     <span class='ocr_line' id='line_1_10' title="bbox 662 1715 3769 1780; baseline -0.001 0"><span class='ocrx_word' id='word_1_91' title='bbox 662 1720 875 1780; x_wconf 89' lang='lat' dir='ltr'><strong>lorem</strong></span> <span class='ocrx_word' id='word_1_92' title='bbox 907 1726 975 1779; x_wconf 88' lang='lat' dir='ltr'><strong>et</strong></span> <span class='ocrx_word' id='word_1_93' title='bbox 1007 1717 1306 1778; x_wconf 87' lang='lat' dir='ltr'><strong>laborem</strong></span> <span class='ocrx_word' id='word_1_94' title='bbox 1344 1716 1688 1777; x_wconf 78' lang='lat' dir='ltr'><strong>sustinuit.</strong></span> <span class='ocrx_word' id='word_1_95' title='bbox 1725 1715 1848 1775; x_wconf 87' lang='lat' dir='ltr'><strong>Sed</strong></span> <span class='ocrx_word' id='word_1_96' title='bbox 1877 1723 2100 1775; x_wconf 91' lang='lat' dir='ltr'><strong>tamen</strong></span> <span class='ocrx_word' id='word_1_97' title='bbox 2133 1716 2309 1776; x_wconf 88' lang='lat' dir='ltr'><strong>Deus</strong></span> <span class='ocrx_word' id='word_1_98' title='bbox 2342 1716 2488 1776; x_wconf 88' lang='lat' dir='ltr'><strong>dies</strong></span> <span class='ocrx_word' id='word_1_99' title='bbox 2522 1716 2731 1775; x_wconf 90' lang='lat' dir='ltr'><strong>David</strong></span> <span class='ocrx_word' id='word_1_100' title='bbox 2766 1716 3162 1776; x_wconf 91' lang='lat' dir='ltr'><strong>tenebrosos</strong></span> <span class='ocrx_word' id='word_1_101' title='bbox 3194 1734 3325 1776; x_wconf 90' lang='lat' dir='ltr'><strong>non</strong></span> <span class='ocrx_word' id='word_1_102' title='bbox 3368 1718 3769 1777; x_wconf 85' lang='lat' dir='ltr'><strong>nominavit.</strong></span> 
     </span>
     <span class='ocr_line' id='line_1_11' title="bbox 660 1821 3774 1901; baseline -0.001 -17"><span class='ocrx_word' id='word_1_103' title='bbox 660 1826 823 1887; x_wconf 86' lang='lat' dir='ltr'><strong>Vide</strong></span> <span class='ocrx_word' id='word_1_104' title='bbox 859 1825 1062 1885; x_wconf 88' lang='lat' dir='ltr'><strong>etiam</strong></span> <span class='ocrx_word' id='word_1_105' title='bbox 1097 1822 1273 1900; x_wconf 90' lang='lat' dir='ltr'><strong>quod</strong></span> <span class='ocrx_word' id='word_1_106' title='bbox 1312 1823 1541 1882; x_wconf 87' lang='lat' dir='ltr'><strong>Helias</strong></span> <span class='ocrx_word' id='word_1_107' title='bbox 1576 1822 1924 1882; x_wconf 86' lang='lat' dir='ltr'><strong>clamando</strong></span> <span class='ocrx_word' id='word_1_108' title='bbox 1961 1821 2105 1900; x_wconf 86' lang='lat' dir='ltr'><strong>(fol.</strong></span> <span class='ocrx_word' id='word_1_109' title='bbox 2144 1821 2257 1901; x_wconf 89' lang='lat'><strong>80)</strong></span> <span class='ocrx_word' id='word_1_110' title='bbox 2308 1828 2376 1882; x_wconf 90' lang='lat' dir='ltr'><strong>et</strong></span> <span class='ocrx_word' id='word_1_111' title='bbox 2410 1821 2719 1898; x_wconf 84' lang='lat' dir='ltr'><strong>ejulando</strong></span> <span class='ocrx_word' id='word_1_112' title='bbox 2751 1822 2941 1895; x_wconf 86' lang='lat' dir='ltr'><strong>dixit,</strong></span> <span class='ocrx_word' id='word_1_113' title='bbox 2988 1822 3164 1898; x_wconf 92' lang='lat' dir='ltr'><strong>quod</strong></span> <span class='ocrx_word' id='word_1_114' title='bbox 3213 1822 3420 1881; x_wconf 91' lang='lat' dir='ltr'><strong>Deum</strong></span> <span class='ocrx_word' id='word_1_115' title='bbox 3470 1824 3547 1882; x_wconf 90' lang='lat' dir='ltr'><strong>in</strong></span> <span class='ocrx_word' id='word_1_116' title='bbox 3584 1839 3774 1881; x_wconf 91' lang='lat' dir='ltr'><strong>auro-</strong></span> 
     </span>
     <span class='ocr_line' id='line_1_12' title="bbox 660 1926 3774 2002; baseline -0.001 -12"><span class='ocrx_word' id='word_1_117' title='bbox 660 1946 734 1990; x_wconf 90' lang='lat' dir='ltr'><strong>ra</strong></span> <span class='ocrx_word' id='word_1_118' title='bbox 773 1929 924 1990; x_wconf 83' lang='lat' dir='ltr'><strong>fidei</strong></span> <span class='ocrx_word' id='word_1_119' title='bbox 961 1928 1098 1988; x_wconf 89' lang='lat' dir='ltr'><strong>fere</strong></span> <span class='ocrx_word' id='word_1_120' title='bbox 1133 1928 1359 1988; x_wconf 90' lang='lat' dir='ltr'><strong>nullus</strong></span> <span class='ocrx_word' id='word_1_121' title='bbox 1393 1926 1733 1988; x_wconf 90' lang='lat' dir='ltr'><strong>hominum</strong></span> <span class='ocrx_word' id='word_1_122' title='bbox 1778 1929 2233 2002; x_wconf 89' lang='lat' dir='ltr'><strong>cognosceret.</strong></span> <span class='ocrx_word' id='word_1_123' title='bbox 2270 1926 2394 1985; x_wconf 88' lang='lat' dir='ltr'><strong>Sed</strong></span> <span class='ocrx_word' id='word_1_124' title='bbox 2429 1926 2639 2000; x_wconf 89' lang='lat' dir='ltr'><strong>disce,</strong></span> <span class='ocrx_word' id='word_1_125' title='bbox 2669 1926 2867 2002; x_wconf 88' lang='lat' dir='ltr'><strong>quale</strong></span> <span class='ocrx_word' id='word_1_126' title='bbox 2902 1941 3298 2002; x_wconf 88' lang='lat' dir='ltr'><strong>responsum</strong></span> <span class='ocrx_word' id='word_1_127' title='bbox 3338 1945 3376 1986; x_wconf 89' lang='lat' dir='ltr'><strong>a</strong></span> <span class='ocrx_word' id='word_1_128' title='bbox 3408 1927 3553 1987; x_wconf 89' lang='lat' dir='ltr'><strong>Deo</strong></span> <span class='ocrx_word' id='word_1_129' title='bbox 3587 1942 3774 1987; x_wconf 84' lang='lat' dir='ltr'><strong>acce-</strong></span> 
     </span>
     <span class='ocr_line' id='line_1_13' title="bbox 662 2032 3770 2113; baseline -0.002 -16"><span class='ocrx_word' id='word_1_130' title='bbox 662 2038 862 2113; x_wconf 87' lang='lat' dir='ltr'><strong>perit,</strong></span> <span class='ocrx_word' id='word_1_131' title='bbox 900 2037 1001 2096; x_wconf 91' lang='lat' dir='ltr'><strong>sic</strong></span> <span class='ocrx_word' id='word_1_132' title='bbox 1035 2035 1156 2095; x_wconf 91' lang='lat' dir='ltr'><strong>tibi</strong></span> <span class='ocrx_word' id='word_1_133' title='bbox 1190 2040 1314 2094; x_wconf 87' lang='lat' dir='ltr'><strong>est.</strong></span> <span class='ocrx_word' id='word_1_134' title='bbox 1351 2034 1516 2094; x_wconf 91' lang='lat' dir='ltr'><strong>Nam</strong></span> <span class='ocrx_word' id='word_1_135' title='bbox 1552 2032 1618 2092; x_wconf 89' lang='lat' dir='ltr'><strong>in</strong></span> <span class='ocrx_word' id='word_1_136' title='bbox 1651 2032 1848 2093; x_wconf 84' lang='lat' dir='ltr'><strong>turba</strong></span> <span class='ocrx_word' id='word_1_137' title='bbox 1884 2038 1999 2093; x_wconf 87' lang='lat' dir='ltr'><strong>tua</strong></span> <span class='ocrx_word' id='word_1_138' title='bbox 2036 2034 2287 2093; x_wconf 90' lang='lat' dir='ltr'><strong>multae</strong></span> <span class='ocrx_word' id='word_1_139' title='bbox 2321 2033 2582 2092; x_wconf 88' lang='lat' dir='ltr'><strong>animae</strong></span> <span class='ocrx_word' id='word_1_140' title='bbox 2616 2039 2793 2105; x_wconf 89' lang='lat' dir='ltr'><strong>sunt,</strong></span> <span class='ocrx_word' id='word_1_141' title='bbox 2831 2047 3003 2109; x_wconf 88' lang='lat' dir='ltr'><strong>quae</strong></span> <span class='ocrx_word' id='word_1_142' title='bbox 3048 2033 3226 2092; x_wconf 89' lang='lat' dir='ltr'><strong>sicut</strong></span> <span class='ocrx_word' id='word_1_143' title='bbox 3258 2033 3482 2093; x_wconf 90' lang='lat' dir='ltr'><strong>lucida</strong></span> <span class='ocrx_word' id='word_1_144' title='bbox 3521 2049 3770 2094; x_wconf 82' lang='lat' dir='ltr'><strong>aurora</strong></span> 
     </span>
     <span class='ocr_line' id='line_1_14' title="bbox 663 2137 3769 2219; baseline -0.001 -18"><span class='ocrx_word' id='word_1_145' title='bbox 663 2140 942 2219; x_wconf 84' lang='lat' dir='ltr'><strong>fulgent,</strong></span> <span class='ocrx_word' id='word_1_146' title='bbox 994 2141 1154 2217; x_wconf 90' lang='lat' dir='ltr'><strong>quia</strong></span> <span class='ocrx_word' id='word_1_147' title='bbox 1186 2139 1363 2199; x_wconf 92' lang='lat' dir='ltr'><strong>Deus</strong></span> <span class='ocrx_word' id='word_1_148' title='bbox 1399 2138 1582 2213; x_wconf 89' lang='lat' dir='ltr'><strong>ipsas</strong></span> <span class='ocrx_word' id='word_1_149' title='bbox 1617 2137 1812 2197; x_wconf 87' lang='lat' dir='ltr'><strong>valde</strong></span> <span class='ocrx_word' id='word_1_150' title='bbox 1860 2137 2102 2213; x_wconf 83' lang='lat' dir='ltr'><strong>diligit.</strong></span> <span class='ocrx_word' id='word_1_151' title='bbox 2138 2138 2218 2198; x_wconf 90' lang='lat' dir='ltr'><strong>Et</strong></span> <span class='ocrx_word' id='word_1_152' title='bbox 2251 2137 2375 2197; x_wconf 90' lang='lat' dir='ltr'><strong>boc</strong></span> <span class='ocrx_word' id='word_1_153' title='bbox 2413 2138 2586 2198; x_wconf 92' lang='lat' dir='ltr'><strong>idem</strong></span> <span class='ocrx_word' id='word_1_154' title='bbox 2620 2144 2724 2198; x_wconf 88' lang='lat' dir='ltr'><strong>est</strong></span> <span class='ocrx_word' id='word_1_155' title='bbox 2761 2138 2826 2197; x_wconf 92' lang='lat' dir='ltr'><strong>in</strong></span> <span class='ocrx_word' id='word_1_156' title='bbox 2859 2138 3081 2197; x_wconf 88' lang='lat' dir='ltr'><strong>anima</strong></span> <span class='ocrx_word' id='word_1_157' title='bbox 3128 2143 3261 2212; x_wconf 86' lang='lat' dir='ltr'><strong>tua,</strong></span> <span class='ocrx_word' id='word_1_158' title='bbox 3298 2139 3416 2198; x_wconf 91' lang='lat' dir='ltr'><strong>sed</strong></span> <span class='ocrx_word' id='word_1_159' title='bbox 3449 2145 3524 2199; x_wconf 88' lang='lat' dir='ltr'><strong>et</strong></span> <span class='ocrx_word' id='word_1_160' title='bbox 3560 2138 3769 2198; x_wconf 85' lang='lat' dir='ltr'><strong>Adam</strong></span> 
     </span>
     <span class='ocr_line' id='line_1_15' title="bbox 661 2242 3770 2319; baseline -0.001 -14"><span class='ocrx_word' id='word_1_161' title='bbox 661 2246 743 2305; x_wconf 88' lang='lat' dir='ltr'><strong>de</strong></span> <span class='ocrx_word' id='word_1_162' title='bbox 777 2245 1096 2305; x_wconf 86' lang='lat' dir='ltr'><strong>Paradiso</strong></span> <span class='ocrx_word' id='word_1_163' title='bbox 1144 2244 1464 2319; x_wconf 90' lang='lat' dir='ltr'><strong>expulsus</strong></span> <span class='ocrx_word' id='word_1_164' title='bbox 1513 2245 1638 2318; x_wconf 87' lang='lat' dir='ltr'><strong>est,</strong></span> <span class='ocrx_word' id='word_1_165' title='bbox 1690 2247 1758 2303; x_wconf 91' lang='lat' dir='ltr'><strong>et</strong></span> <span class='ocrx_word' id='word_1_166' title='bbox 1791 2244 2016 2302; x_wconf 90' lang='lat' dir='ltr'><strong>nullus</strong></span> <span class='ocrx_word' id='word_1_167' title='bbox 2067 2243 2355 2303; x_wconf 88' lang='lat' dir='ltr'><strong>filiorum</strong></span> <span class='ocrx_word' id='word_1_168' title='bbox 2398 2242 2545 2318; x_wconf 89' lang='lat' dir='ltr'><strong>ejus</strong></span> <span class='ocrx_word' id='word_1_169' title='bbox 2592 2249 2826 2319; x_wconf 87' lang='lat' dir='ltr'><strong>postea</strong></span> <span class='ocrx_word' id='word_1_170' title='bbox 2873 2242 3268 2303; x_wconf 87' lang='lat' dir='ltr'><strong>Paradisum</strong></span> <span class='ocrx_word' id='word_1_171' title='bbox 3318 2245 3770 2319; x_wconf 86' lang='lat' dir='ltr'><strong>corporaliter</strong></span> 
     </span>
     <span class='ocr_line' id='line_1_16' title="bbox 662 2347 3771 2424; baseline -0 -15"><span class='ocrx_word' id='word_1_172' title='bbox 662 2351 854 2412; x_wconf 86' lang='lat' dir='ltr'><strong>vidit.</strong></span> <span class='ocrx_word' id='word_1_173' title='bbox 891 2352 1205 2410; x_wconf 87' lang='lat' dir='ltr'><strong>Attamen</strong></span> <span class='ocrx_word' id='word_1_174' title='bbox 1254 2354 1527 2409; x_wconf 88' lang='lat' dir='ltr'><strong>sanctae</strong></span> <span class='ocrx_word' id='word_1_175' title='bbox 1561 2353 1628 2407; x_wconf 90' lang='lat' dir='ltr'><strong>et</strong></span> <span class='ocrx_word' id='word_1_176' title='bbox 1661 2348 2099 2408; x_wconf 86' lang='lat' dir='ltr'><strong>beatissimae</strong></span> <span class='ocrx_word' id='word_1_177' title='bbox 2148 2347 2410 2408; x_wconf 89' lang='lat' dir='ltr'><strong>animae</strong></span> <span class='ocrx_word' id='word_1_178' title='bbox 2447 2348 2717 2408; x_wconf 91' lang='lat' dir='ltr'><strong>sibimet</strong></span> <span class='ocrx_word' id='word_1_179' title='bbox 2762 2348 2930 2423; x_wconf 88' lang='lat' dir='ltr'><strong>ipsis</strong></span> <span class='ocrx_word' id='word_1_180' title='bbox 2964 2348 3349 2424; x_wconf 86' lang='lat' dir='ltr'><strong>paradisum</strong></span> <span class='ocrx_word' id='word_1_181' title='bbox 3401 2365 3563 2408; x_wconf 89' lang='lat' dir='ltr'><strong>cum</strong></span> <span class='ocrx_word' id='word_1_182' title='bbox 3599 2350 3771 2410; x_wconf 82' lang='lat' dir='ltr'><strong>flori-</strong></span> 
     </span>
     <span class='ocr_line' id='line_1_17' title="bbox 665 2451 3772 2528; baseline -0.001 -13"><span class='ocrx_word' id='word_1_183' title='bbox 665 2456 792 2515; x_wconf 85' lang='lat' dir='ltr'><strong>bus</strong></span> <span class='ocrx_word' id='word_1_184' title='bbox 824 2454 1155 2514; x_wconf 88' lang='lat' dir='ltr'><strong>virtutum</strong></span> <span class='ocrx_word' id='word_1_185' title='bbox 1192 2453 1469 2526; x_wconf 86' lang='lat' dir='ltr'><strong>faciunt,</strong></span> <span class='ocrx_word' id='word_1_186' title='bbox 1497 2452 1670 2513; x_wconf 87' lang='lat' dir='ltr'><strong>etad</strong></span> <span class='ocrx_word' id='word_1_187' title='bbox 1707 2467 1999 2528; x_wconf 88' lang='lat' dir='ltr'><strong>superna</strong></span> <span class='ocrx_word' id='word_1_188' title='bbox 2025 2452 2344 2512; x_wconf 90' lang='lat' dir='ltr'><strong>coelestia</strong></span> <span class='ocrx_word' id='word_1_189' title='bbox 2382 2451 2719 2511; x_wconf 85' lang='lat' dir='ltr'><strong>anhelant.</strong></span> <span class='ocrx_word' id='word_1_190' title='bbox 2747 2452 2827 2512; x_wconf 91' lang='lat' dir='ltr'><strong>Et</strong></span> <span class='ocrx_word' id='word_1_191' title='bbox 2864 2452 3025 2511; x_wconf 86' lang='lat' dir='ltr'><strong>haec</strong></span> <span class='ocrx_word' id='word_1_192' title='bbox 3060 2459 3214 2512; x_wconf 86' lang='lat' dir='ltr'><strong>sunt</strong></span> <span class='ocrx_word' id='word_1_193' title='bbox 3251 2454 3316 2512; x_wconf 92' lang='lat' dir='ltr'><strong>in</strong></span> <span class='ocrx_word' id='word_1_194' title='bbox 3345 2454 3597 2513; x_wconf 87' lang='lat' dir='ltr'><strong>militia</strong></span> <span class='ocrx_word' id='word_1_195' title='bbox 3635 2458 3772 2515; x_wconf 92' lang='lat' dir='ltr'><strong>tuo-</strong></span> 
     </span>
     <span class='ocr_line' id='line_1_18' title="bbox 667 2558 3770 2635; baseline -0 -14"><span class='ocrx_word' id='word_1_196' title='bbox 667 2577 814 2621; x_wconf 89' lang='lat' dir='ltr'><strong>rum</strong></span> <span class='ocrx_word' id='word_1_197' title='bbox 863 2561 1119 2621; x_wconf 90' lang='lat' dir='ltr'><strong>centies</strong></span> <span class='ocrx_word' id='word_1_198' title='bbox 1152 2566 1221 2620; x_wconf 89' lang='lat' dir='ltr'><strong>et</strong></span> <span class='ocrx_word' id='word_1_199' title='bbox 1269 2560 1540 2635; x_wconf 79' lang='lat' dir='ltr'><strong>millieS,</strong></span> <span class='ocrx_word' id='word_1_200' title='bbox 1578 2559 1933 2635; x_wconf 88' lang='lat' dir='ltr'><strong>plusquam</strong></span> <span class='ocrx_word' id='word_1_201' title='bbox 1971 2559 2037 2618; x_wconf 90' lang='lat' dir='ltr'><strong>in</strong></span> <span class='ocrx_word' id='word_1_202' title='bbox 2071 2559 2249 2633; x_wconf 87' lang='lat' dir='ltr'><strong>aliis,</strong></span> <span class='ocrx_word' id='word_1_203' title='bbox 2301 2559 2416 2635; x_wconf 90' lang='lat' dir='ltr'><strong>qui</strong></span> <span class='ocrx_word' id='word_1_204' title='bbox 2449 2558 2519 2617; x_wconf 90' lang='lat' dir='ltr'><strong>in</strong></span> <span class='ocrx_word' id='word_1_205' title='bbox 2551 2558 3019 2618; x_wconf 89' lang='lat' dir='ltr'><strong>vicissitudine</strong></span> <span class='ocrx_word' id='word_1_206' title='bbox 3053 2574 3286 2619; x_wconf 88' lang='lat' dir='ltr'><strong>eorum</strong></span> <span class='ocrx_word' id='word_1_207' title='bbox 3330 2567 3510 2621; x_wconf 88' lang='lat' dir='ltr'><strong>sunt.</strong></span> <span class='ocrx_word' id='word_1_208' title='bbox 3548 2560 3678 2620; x_wconf 90' lang='lat' dir='ltr'><strong>Sed</strong></span> <span class='ocrx_word' id='word_1_209' title='bbox 3708 2569 3770 2620; x_wconf 86' lang='lat' dir='ltr'><strong>et</strong></span> 
     </span>
     <span class='ocr_line' id='line_1_19' title="bbox 663 2661 3770 2738; baseline 0.001 -16"><span class='ocrx_word' id='word_1_210' title='bbox 663 2664 837 2724; x_wconf 87' lang='lat' dir='ltr'><strong>Deus</strong></span> <span class='ocrx_word' id='word_1_211' title='bbox 872 2664 953 2723; x_wconf 92' lang='lat' dir='ltr'><strong>ad</strong></span> <span class='ocrx_word' id='word_1_212' title='bbox 988 2664 1434 2723; x_wconf 90' lang='lat' dir='ltr'><strong>Israeliticum</strong></span> <span class='ocrx_word' id='word_1_213' title='bbox 1470 2663 1792 2738; x_wconf 90' lang='lat' dir='ltr'><strong>populum</strong></span> <span class='ocrx_word' id='word_1_214' title='bbox 1827 2662 2016 2736; x_wconf 86' lang='lat' dir='ltr'><strong>dixit,</strong></span> <span class='ocrx_word' id='word_1_215' title='bbox 2054 2662 2233 2738; x_wconf 87' lang='lat' dir='ltr'><strong>quod</strong></span> <span class='ocrx_word' id='word_1_216' title='bbox 2269 2663 2403 2722; x_wconf 91' lang='lat' dir='ltr'><strong>illis</strong></span> <span class='ocrx_word' id='word_1_217' title='bbox 2436 2661 2719 2722; x_wconf 89' lang='lat' dir='ltr'><strong>daturus</strong></span> <span class='ocrx_word' id='word_1_218' title='bbox 2753 2668 2935 2722; x_wconf 88' lang='lat' dir='ltr'><strong>esset</strong></span> <span class='ocrx_word' id='word_1_219' title='bbox 2969 2669 3220 2722; x_wconf 88' lang='lat' dir='ltr'><strong>terram</strong></span> <span class='ocrx_word' id='word_1_220' title='bbox 3258 2665 3431 2724; x_wconf 85' lang='lat' dir='ltr'><strong>lacte</strong></span> <span class='ocrx_word' id='word_1_221' title='bbox 3463 2672 3540 2725; x_wconf 90' lang='lat' dir='ltr'><strong>et</strong></span> <span class='ocrx_word' id='word_1_222' title='bbox 3579 2666 3770 2724; x_wconf 87' lang='lat' dir='ltr'><strong>melle</strong></span> 
     </span>
     <span class='ocr_line' id='line_1_20' title="bbox 668 2766 3769 2843; baseline 0 -15"><span class='ocrx_word' id='word_1_223' title='bbox 668 2774 1075 2829; x_wconf 84' lang='lat' dir='ltr'><strong>manantem.</strong></span> <span class='ocrx_word' id='word_1_224' title='bbox 1104 2767 1309 2827; x_wconf 89' lang='lat' dir='ltr'><strong>Multa</strong></span> <span class='ocrx_word' id='word_1_225' title='bbox 1336 2773 1559 2827; x_wconf 89' lang='lat' dir='ltr'><strong>tamen</strong></span> <span class='ocrx_word' id='word_1_226' title='bbox 1598 2767 1862 2842; x_wconf 77' lang='lat' dir='ltr'><strong>fulgura</strong></span> <span class='ocrx_word' id='word_1_227' title='bbox 1890 2772 1957 2826; x_wconf 90' lang='lat' dir='ltr'><strong>et</strong></span> <span class='ocrx_word' id='word_1_228' title='bbox 1992 2768 2288 2826; x_wconf 88' lang='lat' dir='ltr'><strong>tonitrua</strong></span> <span class='ocrx_word' id='word_1_229' title='bbox 2320 2766 2402 2825; x_wconf 92' lang='lat' dir='ltr'><strong>de</strong></span> <span class='ocrx_word' id='word_1_230' title='bbox 2437 2767 2537 2825; x_wconf 87' lang='lat' dir='ltr'><strong>ira</strong></span> <span class='ocrx_word' id='word_1_231' title='bbox 2570 2766 2686 2827; x_wconf 89' lang='lat' dir='ltr'><strong>Dei</strong></span> <span class='ocrx_word' id='word_1_232' title='bbox 2722 2783 2928 2843; x_wconf 90' lang='lat' dir='ltr'><strong>super</strong></span> <span class='ocrx_word' id='word_1_233' title='bbox 2964 2767 3114 2827; x_wconf 90' lang='lat' dir='ltr'><strong>illos</strong></span> <span class='ocrx_word' id='word_1_234' title='bbox 3140 2768 3552 2830; x_wconf 88' lang='lat' dir='ltr'><strong>ceciderunt.</strong></span> <span class='ocrx_word' id='word_1_235' title='bbox 3590 2770 3769 2838; x_wconf 84' lang='lat' dir='ltr'><strong>Nunc</strong></span> 
     </span>
     <span class='ocr_line' id='line_1_21' title="bbox 669 2870 3770 2948; baseline 0 -14"><span class='ocrx_word' id='word_1_236' title='bbox 669 2875 816 2934; x_wconf 89' lang='lat' dir='ltr'><strong>esto</strong></span> <span class='ocrx_word' id='word_1_237' title='bbox 868 2873 1185 2945; x_wconf 80' lang='lat' dir='ltr'><strong>credulus</strong></span> <span class='ocrx_word' id='word_1_238' title='bbox 1218 2877 1284 2931; x_wconf 91' lang='lat' dir='ltr'><strong>et</strong></span> <span class='ocrx_word' id='word_1_239' title='bbox 1332 2888 1462 2932; x_wconf 90' lang='lat' dir='ltr'><strong>non</strong></span> <span class='ocrx_word' id='word_1_240' title='bbox 1499 2871 1914 2942; x_wconf 78' lang='lat' dir='ltr'><strong>increduluS,</strong></span> <span class='ocrx_word' id='word_1_241' title='bbox 1966 2871 2125 2947; x_wconf 90' lang='lat' dir='ltr'><strong>quia</strong></span> <span class='ocrx_word' id='word_1_242' title='bbox 2158 2871 2383 2930; x_wconf 90' lang='lat' dir='ltr'><strong>nullus</strong></span> <span class='ocrx_word' id='word_1_243' title='bbox 2433 2870 2632 2931; x_wconf 89' lang='lat' dir='ltr'><strong>homo</strong></span> <span class='ocrx_word' id='word_1_244' title='bbox 2683 2887 2987 2931; x_wconf 87' lang='lat' dir='ltr'><strong>securam</strong></span> <span class='ocrx_word' id='word_1_245' title='bbox 3024 2889 3254 2948; x_wconf 90' lang='lat' dir='ltr'><strong>pacem</strong></span> <span class='ocrx_word' id='word_1_246' title='bbox 3293 2875 3495 2935; x_wconf 85' lang='lat' dir='ltr'><strong>babet</strong></span> <span class='ocrx_word' id='word_1_247' title='bbox 3548 2877 3619 2935; x_wconf 90' lang='lat' dir='ltr'><strong>in</strong></span> <span class='ocrx_word' id='word_1_248' title='bbox 3654 2876 3770 2936; x_wconf 88' lang='lat' dir='ltr'><strong>bac</strong></span> 
     </span>
     <span class='ocr_line' id='line_1_22' title="bbox 670 2974 3770 3055; baseline 0.001 -20"><span class='ocrx_word' id='word_1_249' title='bbox 670 2977 834 3052; x_wconf 86' lang='lat' dir='ltr'><strong>vita,</strong></span> <span class='ocrx_word' id='word_1_250' title='bbox 873 2977 990 3036; x_wconf 88' lang='lat' dir='ltr'><strong>sed</strong></span> <span class='ocrx_word' id='word_1_251' title='bbox 1026 2978 1092 3035; x_wconf 92' lang='lat' dir='ltr'><strong>in</strong></span> <span class='ocrx_word' id='word_1_252' title='bbox 1126 2982 1418 3036; x_wconf 87' lang='lat' dir='ltr'><strong>aeterna.</strong></span> <span class='ocrx_word' id='word_1_253' title='bbox 1456 2974 1581 3035; x_wconf 92' lang='lat' dir='ltr'><strong>Sed</strong></span> <span class='ocrx_word' id='word_1_254' title='bbox 1620 2975 1803 3036; x_wconf 83' lang='lat' dir='ltr'><strong>ferox</strong></span> <span class='ocrx_word' id='word_1_255' title='bbox 1836 2992 1910 3034; x_wconf 90' lang='lat' dir='ltr'><strong>es</strong></span> <span class='ocrx_word' id='word_1_256' title='bbox 1946 2976 2012 3035; x_wconf 92' lang='lat' dir='ltr'><strong>in</strong></span> <span class='ocrx_word' id='word_1_257' title='bbox 2046 2976 2271 3051; x_wconf 87' lang='lat' dir='ltr'><strong>aliqua</strong></span> <span class='ocrx_word' id='word_1_258' title='bbox 2305 2976 2672 3051; x_wconf 79' lang='lat' dir='ltr'><strong>nigredine.</strong></span> <span class='ocrx_word' id='word_1_259' title='bbox 2701 2977 3010 3036; x_wconf 87' lang='lat' dir='ltr'><strong>Attamen</strong></span> <span class='ocrx_word' id='word_1_260' title='bbox 3037 2977 3356 3052; x_wconf 86' lang='lat' dir='ltr'><strong>pulchrae</strong></span> <span class='ocrx_word' id='word_1_261' title='bbox 3388 2980 3663 3055; x_wconf 90' lang='lat' dir='ltr'><strong>puellae</strong></span> <span class='ocrx_word' id='word_1_262' title='bbox 3695 2979 3770 3038; x_wconf 90' lang='lat' dir='ltr'><strong>ad</strong></span> 
     </span>
     <span class='ocr_line' id='line_1_23' title="bbox 669 3080 3770 3161; baseline 0 -18"><span class='ocrx_word' id='word_1_263' title='bbox 669 3083 943 3159; x_wconf 90' lang='lat' dir='ltr'><strong>januam</strong></span> <span class='ocrx_word' id='word_1_264' title='bbox 980 3082 1221 3141; x_wconf 91' lang='lat' dir='ltr'><strong>mentis</strong></span> <span class='ocrx_word' id='word_1_265' title='bbox 1258 3086 1410 3140; x_wconf 90' lang='lat' dir='ltr'><strong>tuae</strong></span> <span class='ocrx_word' id='word_1_266' title='bbox 1445 3081 1738 3156; x_wconf 83' lang='lat' dir='ltr'><strong>pulsant3</strong></span> <span class='ocrx_word' id='word_1_267' title='bbox 1777 3080 1894 3141; x_wconf 89' lang='lat' dir='ltr'><strong>sed</strong></span> <span class='ocrx_word' id='word_1_268' title='bbox 1927 3081 2064 3140; x_wconf 89' lang='lat' dir='ltr'><strong>illis</strong></span> <span class='ocrx_word' id='word_1_269' title='bbox 2099 3082 2233 3141; x_wconf 90' lang='lat' dir='ltr'><strong>cito</strong></span> <span class='ocrx_word' id='word_1_270' title='bbox 2266 3097 2398 3141; x_wconf 88' lang='lat' dir='ltr'><strong>non</strong></span> <span class='ocrx_word' id='word_1_271' title='bbox 2432 3081 2823 3157; x_wconf 81' lang='lat' dir='ltr'><strong>respondeS,</strong></span> <span class='ocrx_word' id='word_1_272' title='bbox 2861 3084 2978 3142; x_wconf 89' lang='lat' dir='ltr'><strong>sed</strong></span> <span class='ocrx_word' id='word_1_273' title='bbox 3020 3082 3212 3143; x_wconf 91' lang='lat' dir='ltr'><strong>dicis:</strong></span> <span class='ocrx_word' id='word_1_274' title='bbox 3251 3085 3322 3143; x_wconf 91' lang='lat' dir='ltr'><strong>In</strong></span> <span class='ocrx_word' id='word_1_275' title='bbox 3358 3091 3494 3143; x_wconf 89' lang='lat' dir='ltr'><strong>tam</strong></span> <span class='ocrx_word' id='word_1_276' title='bbox 3535 3100 3770 3161; x_wconf 85' lang='lat' dir='ltr'><strong>magno</strong></span> 
     </span>
     <span class='ocr_line' id='line_1_24' title="bbox 675 3183 3772 3262; baseline -0.001 -16"><span class='ocrx_word' id='word_1_277' title='bbox 675 3186 944 3262; x_wconf 87' lang='lat' dir='ltr'><strong>negotio</strong></span> <span class='ocrx_word' id='word_1_278' title='bbox 996 3184 1372 3245; x_wconf 86' lang='lat' dir='ltr'><strong>taediorum</strong></span> <span class='ocrx_word' id='word_1_279' title='bbox 1421 3185 1490 3243; x_wconf 89' lang='lat' dir='ltr'><strong>et</strong></span> <span class='ocrx_word' id='word_1_280' title='bbox 1535 3183 2016 3259; x_wconf 82' lang='lat' dir='ltr'><strong>cogitationum</strong></span> <span class='ocrx_word' id='word_1_281' title='bbox 2069 3198 2148 3242; x_wconf 92' lang='lat' dir='ltr'><strong>ac</strong></span> <span class='ocrx_word' id='word_1_282' title='bbox 2198 3183 2649 3259; x_wconf 89' lang='lat' dir='ltr'><strong>frequentium</strong></span> <span class='ocrx_word' id='word_1_283' title='bbox 2700 3185 3235 3260; x_wconf 87' lang='lat' dir='ltr'><strong>inquietudinum</strong></span> <span class='ocrx_word' id='word_1_284' title='bbox 3287 3186 3619 3245; x_wconf 88' lang='lat' dir='ltr'><strong>mentium</strong></span> <span class='ocrx_word' id='word_1_285' title='bbox 3667 3202 3772 3259; x_wconf 88' lang='lat' dir='ltr'><strong>op-</strong></span> 
     </span>
     <span class='ocr_line' id='line_1_25' title="bbox 673 3286 3769 3366; baseline -0.001 -17"><span class='ocrx_word' id='word_1_286' title='bbox 673 3304 954 3366; x_wconf 89' lang='lat' dir='ltr'><strong>pressus</strong></span> <span class='ocrx_word' id='word_1_287' title='bbox 1003 3302 1181 3357; x_wconf 89' lang='lat' dir='ltr'><strong>sum,</strong></span> <span class='ocrx_word' id='word_1_288' title='bbox 1219 3286 1394 3362; x_wconf 91' lang='lat' dir='ltr'><strong>quod</strong></span> <span class='ocrx_word' id='word_1_289' title='bbox 1442 3286 1793 3347; x_wconf 89' lang='lat' dir='ltr'><strong>vobiscum</strong></span> <span class='ocrx_word' id='word_1_290' title='bbox 1829 3301 2098 3345; x_wconf 86' lang='lat' dir='ltr'><strong>manere</strong></span> <span class='ocrx_word' id='word_1_291' title='bbox 2147 3303 2276 3345; x_wconf 93' lang='lat' dir='ltr'><strong>non</strong></span> <span class='ocrx_word' id='word_1_292' title='bbox 2310 3303 2609 3363; x_wconf 90' lang='lat' dir='ltr'><strong>possum.</strong></span> <span class='ocrx_word' id='word_1_293' title='bbox 2646 3287 2725 3347; x_wconf 86' lang='lat' dir='ltr'><strong>Et</strong></span> <span class='ocrx_word' id='word_1_294' title='bbox 2772 3289 3094 3363; x_wconf 87' lang='lat' dir='ltr'><strong>pulchrae</strong></span> <span class='ocrx_word' id='word_1_295' title='bbox 3127 3288 3418 3348; x_wconf 83' lang='lat' dir='ltr'><strong>virtutes</strong></span> <span class='ocrx_word' id='word_1_296' title='bbox 3453 3289 3539 3348; x_wconf 86' lang='lat' dir='ltr'><strong>ad</strong></span> <span class='ocrx_word' id='word_1_297' title='bbox 3579 3297 3646 3348; x_wconf 89' lang='lat' dir='ltr'><strong>te</strong></span> <span class='ocrx_word' id='word_1_298' title='bbox 3679 3289 3769 3346; x_wconf 88' lang='lat' dir='ltr'><strong>di-</strong></span> 
     </span>
     <span class='ocr_line' id='line_1_26' title="bbox 674 3392 3766 3471; baseline -0.001 -16"><span class='ocrx_word' id='word_1_299' title='bbox 674 3403 852 3456; x_wconf 86' lang='lat' dir='ltr'><strong>cunt:</strong></span> <span class='ocrx_word' id='word_1_300' title='bbox 888 3397 959 3455; x_wconf 91' lang='lat' dir='ltr'><strong>In</strong></span> <span class='ocrx_word' id='word_1_301' title='bbox 1012 3394 1408 3454; x_wconf 90' lang='lat' dir='ltr'><strong>formatione</strong></span> <span class='ocrx_word' id='word_1_302' title='bbox 1443 3396 1556 3453; x_wconf 90' lang='lat' dir='ltr'><strong>tua</strong></span> <span class='ocrx_word' id='word_1_303' title='bbox 1589 3393 1882 3453; x_wconf 85' lang='lat' dir='ltr'><strong>taedium</strong></span> <span class='ocrx_word' id='word_1_304' title='bbox 1917 3409 2049 3452; x_wconf 93' lang='lat' dir='ltr'><strong>non</strong></span> <span class='ocrx_word' id='word_1_305' title='bbox 2082 3392 2461 3469; x_wconf 80' lang='lat' dir='ltr'><strong>habuimuS,</strong></span> <span class='ocrx_word' id='word_1_306' title='bbox 2499 3400 2567 3452; x_wconf 89' lang='lat' dir='ltr'><strong>et</strong></span> <span class='ocrx_word' id='word_1_307' title='bbox 2601 3395 2985 3454; x_wconf 87' lang='lat' dir='ltr'><strong>necessaria</strong></span> <span class='ocrx_word' id='word_1_308' title='bbox 3023 3402 3137 3455; x_wconf 89' lang='lat' dir='ltr'><strong>tua</strong></span> <span class='ocrx_word' id='word_1_309' title='bbox 3171 3412 3301 3454; x_wconf 91' lang='lat' dir='ltr'><strong>non</strong></span> <span class='ocrx_word' id='word_1_310' title='bbox 3346 3395 3766 3471; x_wconf 87' lang='lat' dir='ltr'><strong>reliquimus.</strong></span> 
     </span>
     <span class='ocr_line' id='line_1_27' title="bbox 677 3498 3767 3577; baseline -0.001 -15"><span class='ocrx_word' id='word_1_311' title='bbox 677 3503 757 3563; x_wconf 90' lang='lat' dir='ltr'><strong>Et</strong></span> <span class='ocrx_word' id='word_1_312' title='bbox 789 3515 997 3577; x_wconf 89' lang='lat' dir='ltr'><strong>quare</strong></span> <span class='ocrx_word' id='word_1_313' title='bbox 1048 3501 1146 3559; x_wconf 89' lang='lat' dir='ltr'><strong>sic</strong></span> <span class='ocrx_word' id='word_1_314' title='bbox 1180 3498 1373 3558; x_wconf 89' lang='lat' dir='ltr'><strong>nobis</strong></span> <span class='ocrx_word' id='word_1_315' title='bbox 1425 3498 1824 3575; x_wconf 72' lang='lat' dir='ltr'><strong>respondes?</strong></span> <span class='ocrx_word' id='word_1_316' title='bbox 1857 3499 2042 3558; x_wconf 88' lang='lat' dir='ltr'><strong>Nunc</strong></span> <span class='ocrx_word' id='word_1_317' title='bbox 2092 3502 2324 3559; x_wconf 85' lang='lat' dir='ltr'><strong>sancta</strong></span> <span class='ocrx_word' id='word_1_318' title='bbox 2359 3499 2689 3559; x_wconf 86' lang='lat' dir='ltr'><strong>charitate</strong></span> <span class='ocrx_word' id='word_1_319' title='bbox 2727 3505 2789 3559; x_wconf 91' lang='lat' dir='ltr'><strong>te</strong></span> <span class='ocrx_word' id='word_1_320' title='bbox 2837 3500 3310 3577; x_wconf 83' lang='lat' dir='ltr'><strong>circumcinge,</strong></span> <span class='ocrx_word' id='word_1_321' title='bbox 3364 3509 3430 3562; x_wconf 88' lang='lat' dir='ltr'><strong>et</strong></span> <span class='ocrx_word' id='word_1_322' title='bbox 3464 3501 3767 3562; x_wconf 88' lang='lat' dir='ltr'><strong>osculum</strong></span> 
     </span>
     <span class='ocr_line' id='line_1_28' title="bbox 680 3602 2177 3677; baseline -0.004 -11"><span class='ocrx_word' id='word_1_323' title='bbox 680 3606 869 3666; x_wconf 87' lang='lat' dir='ltr'><strong>cordi</strong></span> <span class='ocrx_word' id='word_1_324' title='bbox 904 3610 1017 3664; x_wconf 92' lang='lat' dir='ltr'><strong>tuo</strong></span> <span class='ocrx_word' id='word_1_325' title='bbox 1055 3604 1118 3662; x_wconf 92' lang='lat' dir='ltr'><strong>in</strong></span> <span class='ocrx_word' id='word_1_326' title='bbox 1156 3602 1522 3677; x_wconf 85' lang='lat' dir='ltr'><strong>purissima</strong></span> <span class='ocrx_word' id='word_1_327' title='bbox 1556 3602 1936 3663; x_wconf 88' lang='lat' dir='ltr'><strong>humilitate</strong></span> <span class='ocrx_word' id='word_1_328' title='bbox 1970 3602 2177 3663; x_wconf 91' lang='lat' dir='ltr'><strong>dabit.</strong></span> 
     </span>
    </p>
   </div>
   <div class='ocr_carea' id='block_1_5' title="bbox 1333 3799 3151 4063">
    <p class='ocr_par' dir='ltr' id='par_1_5' title="bbox 1333 3799 3151 4063">
     <span class='ocr_line' id='line_1_29' title="bbox 2158 3799 2284 3863; baseline 0.008 -3"><span class='ocrx_word' id='word_1_329' title='bbox 2158 3799 2284 3863; x_wconf 83' lang='lat' dir='ltr'><strong>XC.</strong></span> 
     </span>
     <span class='ocr_line' id='line_1_30' title="bbox 1333 3971 3151 4063; baseline 0.001 -25"><span class='ocrx_word' id='word_1_330' title='bbox 1333 3979 1810 4048; x_wconf 79' lang='lat' dir='ltr'><strong>Irmindruldi,</strong></span> <span class='ocrx_word' id='word_1_331' title='bbox 1848 3979 2216 4037; x_wconf 81' lang='lat' dir='ltr'><strong>comitissae</strong></span> <span class='ocrx_word' id='word_1_332' title='bbox 2251 3979 2330 4037; x_wconf 82' lang='lat' dir='ltr'><strong>de</strong></span> <span class='ocrx_word' id='word_1_333' title='bbox 2374 3979 2607 4038; x_wconf 78' lang='lat' dir='ltr'><strong>W&#39;iden</strong></span> <span class='ocrx_word' id='word_1_334' title='bbox 2644 3971 3151 4063; x_wconf 69' lang='lat' dir='ltr'><strong>[Hildeqardis]</strong></span> 
     </span>
    </p>
   </div>
   <div class='ocr_carea' id='block_1_6' title="bbox 762 4164 3763 4241">
    <p class='ocr_par' dir='ltr' id='par_1_6' title="bbox 762 4164 3763 4241">
     <span class='ocr_line' id='line_1_31' title="bbox 762 4164 3763 4241; baseline 0 -16"><span class='ocrx_word' id='word_1_335' title='bbox 762 4167 973 4225; x_wconf 84' lang='lat' dir='ltr'><strong>Incitat</strong></span> <span class='ocrx_word' id='word_1_336' title='bbox 992 4167 1059 4222; x_wconf 88' lang='lat' dir='ltr'><strong>ad</strong></span> <span class='ocrx_word' id='word_1_337' title='bbox 1082 4167 1378 4239; x_wconf 84' lang='lat' dir='ltr'><strong>pietatem.</strong></span> <span class='ocrx_word' id='word_1_338' title='bbox 1404 4164 1903 4237; x_wconf 80' lang='lat' dir='ltr'><strong>tranquillitatem,</strong></span> <span class='ocrx_word' id='word_1_339' title='bbox 1929 4165 2249 4235; x_wconf 80' lang='lat' dir='ltr'><strong>largitatem</strong></span> <span class='ocrx_word' id='word_1_340' title='bbox 2270 4181 2397 4236; x_wconf 81' lang='lat' dir='ltr'><strong>erga</strong></span> <span class='ocrx_word' id='word_1_341' title='bbox 2420 4183 2717 4239; x_wconf 86' lang='lat' dir='ltr'><strong>pauperes.</strong></span> <span class='ocrx_word' id='word_1_342' title='bbox 2740 4185 2840 4240; x_wconf 86' lang='lat' dir='ltr'><strong>pro</strong></span> <span class='ocrx_word' id='word_1_343' title='bbox 2865 4168 2983 4224; x_wconf 82' lang='lat' dir='ltr'><strong>filio</strong></span> <span class='ocrx_word' id='word_1_344' title='bbox 3005 4167 3195 4223; x_wconf 83' lang='lat' dir='ltr'><strong>futura</strong></span> <span class='ocrx_word' id='word_1_345' title='bbox 3221 4171 3459 4241; x_wconf 85' lang='lat' dir='ltr'><strong>supplex</strong></span> <span class='ocrx_word' id='word_1_346' title='bbox 3480 4171 3549 4226; x_wconf 84' lang='lat' dir='ltr'><strong>ad</strong></span> <span class='ocrx_word' id='word_1_347' title='bbox 3571 4171 3763 4228; x_wconf 85' lang='lat' dir='ltr'><strong>Deum.</strong></span> 
     </span>
    </p>
   </div>
   <div class='ocr_carea' id='block_1_7' title="bbox 685 4300 3770 5216">
    <p class='ocr_par' dir='ltr' id='par_1_7' title="bbox 685 4300 3770 5216">
     <span class='ocr_line' id='line_1_32' title="bbox 779 4300 3769 4383; baseline 0.003 -25"><span class='ocrx_word' id='word_1_348' title='bbox 779 4300 1013 4358; x_wconf 78' lang='lat' dir='ltr'><strong>Anima</strong></span> <span class='ocrx_word' id='word_1_349' title='bbox 1045 4301 1162 4358; x_wconf 87' lang='lat' dir='ltr'><strong>tua</strong></span> <span class='ocrx_word' id='word_1_350' title='bbox 1196 4300 1261 4358; x_wconf 91' lang='lat' dir='ltr'><strong>in</strong></span> <span class='ocrx_word' id='word_1_351' title='bbox 1294 4300 1641 4375; x_wconf 84' lang='lat' dir='ltr'><strong>diligentia</strong></span> <span class='ocrx_word' id='word_1_352' title='bbox 1690 4301 2085 4377; x_wconf 86' lang='lat' dir='ltr'><strong>prudentiae</strong></span> <span class='ocrx_word' id='word_1_353' title='bbox 2121 4308 2224 4361; x_wconf 92' lang='lat' dir='ltr'><strong>est</strong></span> <span class='ocrx_word' id='word_1_354' title='bbox 2258 4305 2324 4362; x_wconf 86' lang='lat' dir='ltr'><strong>et</strong></span> <span class='ocrx_word' id='word_1_355' title='bbox 2359 4302 2423 4362; x_wconf 93' lang='lat' dir='ltr'><strong>in</strong></span> <span class='ocrx_word' id='word_1_356' title='bbox 2460 4303 2912 4363; x_wconf 88' lang='lat' dir='ltr'><strong>sollicitudine</strong></span> <span class='ocrx_word' id='word_1_357' title='bbox 2947 4305 3169 4363; x_wconf 89' lang='lat' dir='ltr'><strong>cordis</strong></span> <span class='ocrx_word' id='word_1_358' title='bbox 3204 4305 3298 4365; x_wconf 90' lang='lat' dir='ltr'><strong>tui</strong></span> <span class='ocrx_word' id='word_1_359' title='bbox 3336 4322 3458 4381; x_wconf 87' lang='lat' dir='ltr'><strong>per</strong></span> <span class='ocrx_word' id='word_1_360' title='bbox 3487 4311 3769 4383; x_wconf 83' lang='lat' dir='ltr'><strong>gratiam</strong></span> 
     </span>
     <span class='ocr_line' id='line_1_33' title="bbox 685 4402 3769 4487; baseline 0.002 -25"><span class='ocrx_word' id='word_1_361' title='bbox 685 4403 826 4463; x_wconf 92' lang='lat' dir='ltr'><strong>Dei.</strong></span> <span class='ocrx_word' id='word_1_362' title='bbox 860 4402 939 4462; x_wconf 86' lang='lat' dir='ltr'><strong>Et</strong></span> <span class='ocrx_word' id='word_1_363' title='bbox 990 4403 1284 4479; x_wconf 89' lang='lat' dir='ltr'><strong>suspiria</strong></span> <span class='ocrx_word' id='word_1_364' title='bbox 1319 4404 1400 4463; x_wconf 88' lang='lat' dir='ltr'><strong>ad</strong></span> <span class='ocrx_word' id='word_1_365' title='bbox 1448 4405 1654 4463; x_wconf 89' lang='lat' dir='ltr'><strong>Deum</strong></span> <span class='ocrx_word' id='word_1_366' title='bbox 1692 4404 1922 4479; x_wconf 79' lang='lat' dir='ltr'><strong>habeS,</strong></span> <span class='ocrx_word' id='word_1_367' title='bbox 1976 4421 2147 4481; x_wconf 88' lang='lat' dir='ltr'><strong>quae</strong></span> <span class='ocrx_word' id='word_1_368' title='bbox 2196 4406 2388 4465; x_wconf 88' lang='lat' dir='ltr'><strong>utilia</strong></span> <span class='ocrx_word' id='word_1_369' title='bbox 2425 4412 2600 4465; x_wconf 88' lang='lat' dir='ltr'><strong>sunt.</strong></span> <span class='ocrx_word' id='word_1_370' title='bbox 2654 4407 2775 4465; x_wconf 90' lang='lat' dir='ltr'><strong>Sed</strong></span> <span class='ocrx_word' id='word_1_371' title='bbox 2811 4409 3116 4467; x_wconf 85' lang='lat' dir='ltr'><strong>naturale</strong></span> <span class='ocrx_word' id='word_1_372' title='bbox 3164 4408 3285 4468; x_wconf 90' lang='lat' dir='ltr'><strong>tibi</strong></span> <span class='ocrx_word' id='word_1_373' title='bbox 3319 4411 3446 4483; x_wconf 90' lang='lat' dir='ltr'><strong>est,</strong></span> <span class='ocrx_word' id='word_1_374' title='bbox 3499 4412 3677 4487; x_wconf 88' lang='lat' dir='ltr'><strong>quod</strong></span> <span class='ocrx_word' id='word_1_375' title='bbox 3711 4412 3769 4470; x_wconf 91' lang='lat' dir='ltr'><strong>in</strong></span> 
     </span>
     <span class='ocr_line' id='line_1_34' title="bbox 693 4507 3767 4590; baseline 0.002 -22"><span class='ocrx_word' id='word_1_376' title='bbox 693 4511 913 4568; x_wconf 85' lang='lat' dir='ltr'><strong>mente</strong></span> <span class='ocrx_word' id='word_1_377' title='bbox 963 4511 1076 4567; x_wconf 89' lang='lat' dir='ltr'><strong>tua</strong></span> <span class='ocrx_word' id='word_1_378' title='bbox 1112 4507 1571 4583; x_wconf 83' lang='lat' dir='ltr'><strong>fatigationem</strong></span> <span class='ocrx_word' id='word_1_379' title='bbox 1629 4509 2015 4586; x_wconf 88' lang='lat' dir='ltr'><strong>frequenter</strong></span> <span class='ocrx_word' id='word_1_380' title='bbox 2050 4511 2334 4581; x_wconf 16' lang='lat' dir='ltr'><strong>habeas*</strong></span> <span class='ocrx_word' id='word_1_381' title='bbox 2374 4509 2495 4569; x_wconf 90' lang='lat' dir='ltr'><strong>Sed</strong></span> <span class='ocrx_word' id='word_1_382' title='bbox 2532 4511 2797 4571; x_wconf 87' lang='lat' dir='ltr'><strong>discere</strong></span> <span class='ocrx_word' id='word_1_383' title='bbox 2845 4511 3069 4585; x_wconf 83' lang='lat' dir='ltr'><strong>debeS‚</strong></span> <span class='ocrx_word' id='word_1_384' title='bbox 3109 4513 3280 4588; x_wconf 91' lang='lat' dir='ltr'><strong>quod</strong></span> <span class='ocrx_word' id='word_1_385' title='bbox 3334 4531 3454 4590; x_wconf 89' lang='lat' dir='ltr'><strong>per</strong></span> <span class='ocrx_word' id='word_1_386' title='bbox 3486 4516 3767 4590; x_wconf 83' lang='lat' dir='ltr'><strong>gratiam</strong></span> 
     </span>
     <span class='ocr_line' id='line_1_35' title="bbox 685 4609 3770 4694; baseline 0.002 -22"><span class='ocrx_word' id='word_1_387' title='bbox 685 4613 804 4672; x_wconf 88' lang='lat' dir='ltr'><strong>Dei</strong></span> <span class='ocrx_word' id='word_1_388' title='bbox 841 4612 1026 4686; x_wconf 89' lang='lat' dir='ltr'><strong>larga</strong></span> <span class='ocrx_word' id='word_1_389' title='bbox 1062 4611 1181 4684; x_wconf 75' lang='lat' dir='ltr'><strong>sie,</strong></span> <span class='ocrx_word' id='word_1_390' title='bbox 1233 4619 1299 4671; x_wconf 92' lang='lat' dir='ltr'><strong>et</strong></span> <span class='ocrx_word' id='word_1_391' title='bbox 1333 4614 1508 4688; x_wconf 92' lang='lat' dir='ltr'><strong>quod</strong></span> <span class='ocrx_word' id='word_1_392' title='bbox 1549 4614 1612 4672; x_wconf 91' lang='lat' dir='ltr'><strong>in</strong></span> <span class='ocrx_word' id='word_1_393' title='bbox 1661 4614 2112 4674; x_wconf 83' lang='lat' dir='ltr'><strong>benivolentia</strong></span> <span class='ocrx_word' id='word_1_394' title='bbox 2145 4615 2589 4674; x_wconf 86' lang='lat' dir='ltr'><strong>eleemosinas</strong></span> <span class='ocrx_word' id='word_1_395' title='bbox 2623 4609 2765 4689; x_wconf 85' lang='lat' dir='ltr'><strong>des,</strong></span> <span class='ocrx_word' id='word_1_396' title='bbox 2805 4617 2964 4692; x_wconf 88' lang='lat' dir='ltr'><strong>quia</strong></span> <span class='ocrx_word' id='word_1_397' title='bbox 3004 4619 3118 4694; x_wconf 86' lang='lat' dir='ltr'><strong>qui</strong></span> <span class='ocrx_word' id='word_1_398' title='bbox 3155 4619 3220 4677; x_wconf 90' lang='lat' dir='ltr'><strong>in</strong></span> <span class='ocrx_word' id='word_1_399' title='bbox 3253 4618 3608 4680; x_wconf 89' lang='lat' dir='ltr'><strong>latitudine</strong></span> <span class='ocrx_word' id='word_1_400' title='bbox 3640 4621 3770 4679; x_wconf 78' lang='lat' dir='ltr'><strong>via·-</strong></span> 
     </span>
     <span class='ocr_line' id='line_1_36' title="bbox 690 4716 3770 4799; baseline 0.002 -23"><span class='ocrx_word' id='word_1_401' title='bbox 690 4734 836 4777; x_wconf 90' lang='lat' dir='ltr'><strong>rum</strong></span> <span class='ocrx_word' id='word_1_402' title='bbox 874 4716 1241 4790; x_wconf 86' lang='lat' dir='ltr'><strong>ambulant,</strong></span> <span class='ocrx_word' id='word_1_403' title='bbox 1281 4717 1404 4776; x_wconf 90' lang='lat' dir='ltr'><strong>sub</strong></span> <span class='ocrx_word' id='word_1_404' title='bbox 1438 4719 1853 4793; x_wconf 86' lang='lat' dir='ltr'><strong>amplexione</strong></span> <span class='ocrx_word' id='word_1_405' title='bbox 1900 4719 2016 4778; x_wconf 90' lang='lat' dir='ltr'><strong>Dei</strong></span> <span class='ocrx_word' id='word_1_406' title='bbox 2053 4726 2228 4795; x_wconf 89' lang='lat' dir='ltr'><strong>sunt,</strong></span> <span class='ocrx_word' id='word_1_407' title='bbox 2264 4719 2459 4779; x_wconf 89' lang='lat' dir='ltr'><strong>valde</strong></span> <span class='ocrx_word' id='word_1_408' title='bbox 2493 4720 2819 4780; x_wconf 88' lang='lat' dir='ltr'><strong>amabiles</strong></span> <span class='ocrx_word' id='word_1_409' title='bbox 2854 4721 2986 4782; x_wconf 91' lang='lat' dir='ltr'><strong>Deo</strong></span> <span class='ocrx_word' id='word_1_410' title='bbox 3026 4728 3243 4799; x_wconf 90' lang='lat' dir='ltr'><strong>erunt;</strong></span> <span class='ocrx_word' id='word_1_411' title='bbox 3282 4725 3341 4783; x_wconf 91' lang='lat' dir='ltr'><strong>si</strong></span> <span class='ocrx_word' id='word_1_412' title='bbox 3375 4740 3536 4785; x_wconf 87' lang='lat' dir='ltr'><strong>vero</strong></span> <span class='ocrx_word' id='word_1_413' title='bbox 3575 4726 3641 4784; x_wconf 92' lang='lat' dir='ltr'><strong>in</strong></span> <span class='ocrx_word' id='word_1_414' title='bbox 3673 4741 3770 4783; x_wconf 89' lang='lat' dir='ltr'><strong>ca-</strong></span> 
     </span>
     <span class='ocr_line' id='line_1_37' title="bbox 686 4822 3767 4908; baseline 0.003 -27"><span class='ocrx_word' id='word_1_415' title='bbox 686 4838 894 4881; x_wconf 87' lang='lat' dir='ltr'><strong>verna</strong></span> <span class='ocrx_word' id='word_1_416' title='bbox 929 4822 1261 4882; x_wconf 88' lang='lat' dir='ltr'><strong>maceriae</strong></span> <span class='ocrx_word' id='word_1_417' title='bbox 1294 4824 1755 4884; x_wconf 84' lang='lat' dir='ltr'><strong>columbarum</strong></span> <span class='ocrx_word' id='word_1_418' title='bbox 1795 4831 1977 4896; x_wconf 86' lang='lat' dir='ltr'><strong>sunt,</strong></span> <span class='ocrx_word' id='word_1_419' title='bbox 2021 4826 2082 4885; x_wconf 87' lang='lat' dir='ltr'><strong>in</strong></span> <span class='ocrx_word' id='word_1_420' title='bbox 2118 4827 2337 4885; x_wconf 88' lang='lat' dir='ltr'><strong>sinum</strong></span> <span class='ocrx_word' id='word_1_421' title='bbox 2371 4826 2485 4885; x_wconf 92' lang='lat' dir='ltr'><strong>Dei</strong></span> <span class='ocrx_word' id='word_1_422' title='bbox 2522 4827 2948 4902; x_wconf 87' lang='lat' dir='ltr'><strong>colliguntur.</strong></span> <span class='ocrx_word' id='word_1_423' title='bbox 2999 4828 3123 4890; x_wconf 90' lang='lat' dir='ltr'><strong>Sed</strong></span> <span class='ocrx_word' id='word_1_424' title='bbox 3157 4830 3225 4891; x_wconf 79' lang='lat' dir='ltr'><strong>e&#39;t</strong></span> <span class='ocrx_word' id='word_1_425' title='bbox 3259 4831 3506 4891; x_wconf 92' lang='lat' dir='ltr'><strong>bonum</strong></span> <span class='ocrx_word' id='word_1_426' title='bbox 3540 4839 3667 4908; x_wconf 84' lang='lat' dir='ltr'><strong>est,</strong></span> <span class='ocrx_word' id='word_1_427' title='bbox 3702 4836 3767 4891; x_wconf 91' lang='lat' dir='ltr'><strong>ut</strong></span> 
     </span>
     <span class='ocr_line' id='line_1_38' title="bbox 689 4927 3765 5022; baseline 0.002 -35"><span class='ocrx_word' id='word_1_428' title='bbox 689 4928 785 4987; x_wconf 89' lang='lat' dir='ltr'><strong>sis</strong></span> <span class='ocrx_word' id='word_1_429' title='bbox 818 4927 1099 5002; x_wconf 86' lang='lat' dir='ltr'><strong>Martha,</strong></span> <span class='ocrx_word' id='word_1_430' title='bbox 1137 4934 1204 4987; x_wconf 93' lang='lat' dir='ltr'><strong>et</strong></span> <span class='ocrx_word' id='word_1_431' title='bbox 1235 4930 1311 4989; x_wconf 91' lang='lat' dir='ltr'><strong>ut</strong></span> <span class='ocrx_word' id='word_1_432' title='bbox 1355 4930 1562 4989; x_wconf 83' lang='lat' dir='ltr'><strong>Maria</strong></span> <span class='ocrx_word' id='word_1_433' title='bbox 1599 4946 1802 4990; x_wconf 76' lang='lat' dir='ltr'><strong>ames,</strong></span> <span class='ocrx_word' id='word_1_434' title='bbox 1838 4930 1965 4991; x_wconf 92' lang='lat' dir='ltr'><strong>Pro</strong></span> <span class='ocrx_word' id='word_1_435' title='bbox 2001 4931 2138 4990; x_wconf 86' lang='lat' dir='ltr'><strong>filio</strong></span> <span class='ocrx_word' id='word_1_436' title='bbox 2188 4937 2412 4990; x_wconf 89' lang='lat' dir='ltr'><strong>autem</strong></span> <span class='ocrx_word' id='word_1_437' title='bbox 2449 4930 2590 5009; x_wconf 90' lang='lat' dir='ltr'><strong>(fol.</strong></span> <span class='ocrx_word' id='word_1_438' title='bbox 2631 4931 2742 5010; x_wconf 88' lang='lat'><strong>81)</strong></span> <span class='ocrx_word' id='word_1_439' title='bbox 2780 4940 2893 4993; x_wconf 90' lang='lat' dir='ltr'><strong>tuo</strong></span> <span class='ocrx_word' id='word_1_440' title='bbox 2930 4934 3215 5022; x_wconf 80' lang='lat' dir='ltr'><strong>libenter</strong></span> <span class='ocrx_word' id='word_1_441' title='bbox 3249 4937 3480 5010; x_wconf 88' lang='lat' dir='ltr'><strong>orabo,</strong></span> <span class='ocrx_word' id='word_1_442' title='bbox 3516 4941 3593 4995; x_wconf 90' lang='lat' dir='ltr'><strong>ut</strong></span> <span class='ocrx_word' id='word_1_443' title='bbox 3625 4951 3765 4995; x_wconf 89' lang='lat' dir='ltr'><strong>eum</strong></span> 
     </span>
     <span class='ocr_line' id='line_1_39' title="bbox 691 5033 3765 5111; baseline 0.002 -21"><span class='ocrx_word' id='word_1_444' title='bbox 691 5033 756 5091; x_wconf 90' lang='lat' dir='ltr'><strong>in</strong></span> <span class='ocrx_word' id='word_1_445' title='bbox 792 5033 1034 5107; x_wconf 85' lang='lat' dir='ltr'><strong>gaudio</strong></span> <span class='ocrx_word' id='word_1_446' title='bbox 1069 5040 1288 5092; x_wconf 87' lang='lat' dir='ltr'><strong>tecum</strong></span> <span class='ocrx_word' id='word_1_447' title='bbox 1326 5034 1597 5109; x_wconf 89' lang='lat' dir='ltr'><strong>habeas,</strong></span> <span class='ocrx_word' id='word_1_448' title='bbox 1634 5037 1701 5093; x_wconf 90' lang='lat' dir='ltr'><strong>et</strong></span> <span class='ocrx_word' id='word_1_449' title='bbox 1734 5041 1806 5093; x_wconf 92' lang='lat' dir='ltr'><strong>ut</strong></span> <span class='ocrx_word' id='word_1_450' title='bbox 1838 5051 1989 5093; x_wconf 89' lang='lat' dir='ltr'><strong>eum</strong></span> <span class='ocrx_word' id='word_1_451' title='bbox 2030 5036 2094 5094; x_wconf 89' lang='lat' dir='ltr'><strong>in</strong></span> <span class='ocrx_word' id='word_1_452' title='bbox 2128 5036 2381 5096; x_wconf 87' lang='lat' dir='ltr'><strong>laetitia</strong></span> <span class='ocrx_word' id='word_1_453' title='bbox 2420 5037 2773 5111; x_wconf 72' lang='lat' dir='ltr'><strong>suscipias</strong></span> <span class='ocrx_word' id='word_1_454' title='bbox 2811 5038 2907 5098; x_wconf 92' lang='lat' dir='ltr'><strong>Tu</strong></span> <span class='ocrx_word' id='word_1_455' title='bbox 2943 5047 3165 5099; x_wconf 89' lang='lat' dir='ltr'><strong>autem</strong></span> <span class='ocrx_word' id='word_1_456' title='bbox 3204 5041 3267 5098; x_wconf 89' lang='lat' dir='ltr'><strong>in</strong></span> <span class='ocrx_word' id='word_1_457' title='bbox 3301 5042 3645 5099; x_wconf 87' lang='lat' dir='ltr'><strong>aeternum</strong></span> <span class='ocrx_word' id='word_1_458' title='bbox 3681 5039 3765 5096; x_wconf 77' lang='lat' dir='ltr'><strong>vi-</strong></span> 
     </span>
     <span class='ocr_line' id='line_1_40' title="bbox 690 5137 2811 5216; baseline 0.004 -24"><span class='ocrx_word' id='word_1_459' title='bbox 690 5153 829 5209; x_wconf 82' lang='lat' dir='ltr'><strong>veS‚</strong></span> <span class='ocrx_word' id='word_1_460' title='bbox 866 5145 931 5195; x_wconf 89' lang='lat' dir='ltr'><strong>et</strong></span> <span class='ocrx_word' id='word_1_461' title='bbox 967 5137 1139 5195; x_wconf 87' lang='lat' dir='ltr'><strong>Deus</strong></span> <span class='ocrx_word' id='word_1_462' title='bbox 1177 5139 1239 5196; x_wconf 89' lang='lat' dir='ltr'><strong>in</strong></span> <span class='ocrx_word' id='word_1_463' title='bbox 1276 5155 1480 5197; x_wconf 84' lang='lat' dir='ltr'><strong>aureo</strong></span> <span class='ocrx_word' id='word_1_464' title='bbox 1517 5155 1791 5198; x_wconf 83' lang='lat' dir='ltr'><strong>numero</strong></span> <span class='ocrx_word' id='word_1_465' title='bbox 1828 5139 2222 5198; x_wconf 85' lang='lat' dir='ltr'><strong>salvationis</strong></span> <span class='ocrx_word' id='word_1_466' title='bbox 2255 5140 2633 5216; x_wconf 83' lang='lat' dir='ltr'><strong>providebit</strong></span> <span class='ocrx_word' id='word_1_467' title='bbox 2670 5141 2811 5201; x_wconf 88' lang='lat' dir='ltr'><strong>tibi.</strong></span> 
     </span>
    </p>
   </div>
  </div>
 </body>
</html>
