4036 6117
729 471 860 533 218
1884 491 1935 535 s,
1998 489 2536 537 num-:GARms

660 602 902 662 intueri
934 618 1056 662 nec
1090 602 1470 663 discernere
1518 606 1769 681 potest,
1806 605 2126 680 gloriosis
2158 612 2226 665 et
2257 607 2584 667 virtuosis
2618 606 2992 682 animabuS,
3027 620 3310 683 quarum
3343 608 3627 667 virtutes
3658 623 3741 667 ex

656 712 722 770 vi
757 710 1140 772 Divinitatis
1175 717 1673 788 processerunt,
1710 728 1862 772 mox
1895 715 2294 789 praeparata
2328 719 2453 773 est.
2481 708 2526 793 ¹)

2073 935 2309 995 LXXX.

1277 1128 1369 1188 De
1418 1133 1692 1187 terrena
1736 1129 2025 1187 materia
2053 1129 2126 1186 in
2159 1130 2511 1188 novissimo
2558 1131 2665 1190 die
2713 1129 3112 1188 renovanda.

732 1338 839 1397 99.
887 1337 968 1396 Et
1015 1353 1166 1396 cum
1217 1340 1523 1396 terrenae
1571 1336 1894 1395 materiae
1944 1335 2421 1413 implebuntur,
2475 1342 2632 1396 tunc
2678 1340 2745 1396 et
2778 1336 3011 1396 sordes
3049 1337 3225 1412 illae,
3262 1338 3537 1413 quaein
3569 1354 3736 1397 casu

645 1442 823 1501 Adae
874 1441 1267 1514 coagulatae
1303 1445 1480 1513 sunt,
1521 1440 1941 1514 scindentur,
1992 1445 2060 1499 et
2094 1445 2324 1514 postea
2360 1438 2730 1515 fulgebunt,
2783 1437 3346 1515 quemadmodum
3397 1441 3464 1499 in
3511 1441 3732 1516 prima

643 1545 1119 1605 constitutione
1159 1542 1521 1619 fulgebant.

2045 1753 2312 1815 Lxxx1.
2378 1732 2383 1735 ’

1322 1962 1666 2021 Orationes
1708 1979 1834 2037 per
1885 1960 2217 2038 Spiritum
2264 1961 2349 2019 ad
2398 1958 2612 2020 Deum
2659 1960 3048 2021 ascendunt.

724 2170 874 2231 100.
916 2172 1080 2231 Cum
1114 2170 1288 2230 enim
1326 2170 1522 2230 homo
1555 2185 1676 2245 per
1720 2168 1963 2229 donum
1998 2168 2287 2245 Spiritus
2322 2168 2545 2229 Sancti
2579 2168 2916 2230 orationes
2960 2170 3027 2230 in
3058 2170 3258 2230 corde
3307 2188 3429 2231 suo
3477 2170 3713 2247 dictat,

636 2276 975 2334 orationes
1026 2274 1204 2349 illae,
1257 2274 1323 2334 in
1371 2273 1663 2350 puritate
1709 2273 2036 2349 prolatae,
2072 2273 2278 2333 celari
2308 2289 2443 2333 non
2473 2278 2809 2350 poterunt,
2864 2273 2982 2334 sed
3030 2280 3185 2335 ante
3230 2273 3439 2336 Deum
3486 2290 3722 2336 ascen·

629 2380 812 2440 dunt

2074 2586 2349 2646 LXXXII

1635 2794 1728 2853 De
1772 2790 2147 2869 psalmodia
2172 2808 2297 2868 pro
2329 2793 2682 2869 defunctis.

704 3002 853 3063 101.
893 3001 1055 3061 Nam
1089 2998 1138 3080 ²)
1167 3016 1320 3060 cum
1357 2999 1809 3060 lamentabilis
1846 3015 1976 3058 vox
2009 2998 2522 3076 prophetarum,
2572 3017 2692 3078 per
2727 3017 2927 3078 quam
2955 3000 3286 3077 Justitiam
3322 3008 3390 3063 et
3421 3003 3711 3066 miracu-

613 3113 679 3170 la
710 3110 828 3170 Dei
861 3110 1303 3184 protulerunt,
1340 3124 1462 3183 pro
1512 3106 1910 3166 liberatione
1959 3106 2244 3181 alicujus
2294 3108 2668 3184 corporalis
2704 3107 3111 3183 afflictionis,
3151 3125 3268 3168 seu
3301 3125 3422 3185 pro
3471 3111 3705 3186 requie

607 3218 981 3276 animarum
1015 3215 1480 3273 defunctorum
1518 3212 1598 3271 ad
1649 3211 1913 3271 laudem
1960 3210 2077 3270 Dei
2129 3214 2633 3285 pronuntiatur,
2684 3213 3072 3273 necessitati
3107 3213 3497 3289 dolentium,
3547 3230 3703 3288 pro-

609 3325 1020 3390 meruerunt,
1059 3318 1365 3390 subveni,
1404 3321 1477 3373 ut
1508 3308 1557 3393 ³)
1609 3315 1767 3390 quia
1800 3314 2001 3373 etiam
2052 3314 2338 3388 primum
2374 3330 2493 3389 per
2540 3314 2835 3374 dolorem
2886 3322 2952 3374 et
3002 3330 3121 3390 per
3164 3316 3458 3392 suspiria
3491 3315 3705 3376 dicta-

610 3427 675 3481 ta
708 3424 830 3480 est.
881 3421 959 3480 Et
1007 3420 1299 3478 omnium
1354 3418 1634 3476 istorum
1669 3416 1846 3476 Deus
1885 3415 2388 3476 fundamentum
2437 3422 2563 3490 est,
2601 3419 2668 3476 et
2713 3433 2793 3476 ea
2829 3417 3133 3492 suscipit,
3181 3413 3229 3494 ⁴)
3265 3418 3579 3492 quoniam
3631 3419 3698 3477 in

603 3527 766 3601 ipsis
818 3525 1134 3599 tangitur.
1175 3522 1383 3580 Homo
1430 3536 1664 3594 nempe
1700 3538 1737 3579 a
1770 3519 1904 3580 Deo
1943 3520 2134 3579 valde
2170 3525 2455 3594 amatur,
2494 3536 2641 3579 cum
2679 3521 2740 3579 ei
2775 3521 3074 3580 studiose
3109 3521 3441 3580 servierit.

1981 3743 2306 3802 LXXXIII.

1849 3938 1942 3996 De
1992 3937 2428 4015 eleemosyna.

681 4153 831 4213 102.
883 4151 1064 4211 Unde
1098 4150 1302 4208 etiam
1337 4163 1488 4206 cum
1524 4145 1720 4204 homo
1754 4143 1835 4203 de
1874 4143 2251 4203 substantia
2288 4159 2433 4218 sua,
2471 4160 2672 4220 quam
2708 4161 2932 4204 coram
2968 4145 3270 4222 possidet
3310 4144 3469 4220 De0,
3513 4145 3683 4205 elee-

587 4273 930 4331 mosynam
982 4253 1204 4322 offert,
1255 4252 1430 4311 Deus
1479 4248 1795 4309 sacrificii
1842 4245 2150 4308 Abrahae
2201 4248 2616 4324 recordatur,
2653 4254 2719 4308 et
2755 4257 2826 4309 ut
2862 4249 2995 4309 filio
3029 4250 3175 4325 ejus
3220 4250 3541 4325 pepercit,
3578 4249 3678 4308 sic

583 4362 649 4418 et
700 4359 832 4419 illis
880 4375 1000 4434 pro
1057 4356 1300 4432 quibus
1353 4355 1521 4414 idem
1582 4331 1778 4412 homo
1828 4351 2303 4410 eleemosinam
2350 4351 2566 4426 offert,
2620 4353 2982 4412 secundum
3034 4353 3209 4428 quod
3258 4353 3441 4428 digni
3490 4354 3668 4428 sunt,

583 4470 846 4540 parcet,
898 4463 1213 4538 quoniam
1265 4460 1330 4518 in
1379 4459 1483 4517 his
1518 4457 1826 4517 omnibus
1859 4455 2253 4529 delectatur,
2292 4457 2448 4532 quia
2485 4458 2626 4533 ipse
2662 4456 2996 4516 hominem
3031 4457 3308 4531 creavit,
3354 4464 3421 4518 et
3454 4457 3677 4518 omnia

581 4572 752 4630 bona
785 4570 845 4627 ei
880 4568 1086 4638 dedit,
1124 4581 1246 4625 nec
1280 4563 1532 4639 aliquid
1567 4560 1957 4620 necessitati
1994 4559 2205 4634 ipsius
2241 4575 2608 4636 congruum
2641 4561 2703 4619 ei
2736 4560 2971 4620 deesse
3005 4561 3333 4637 permisit.

650 4739 690 4803 Ι)
716 4738 872 4805 Quae
893 4741 1056 4792 caute
1083 4736 1225 4802 lege.
1248 4738 1305 4788 et
1326 4747 1387 4787 ea
1410 4730 1589 4786 recole
1609 4744 1754 4799 quae
1774 4743 1885 4781 non
1909 4727 2080 4782 semel
2168 4744 2264 4798 per
2290 4727 2552 4783 hominem
2590 4727 2735 4783 Deus
2760 4729 3044 4784 laudatur.
3079 4726 3218 4782 Nam
3247 4733 3354 4784 etc.
3393 4728 3549 4794 Quae
3573 4743 3669 4781 au·

579 4824 798 4886 notavi,
840 4839 902 4877 ac
930 4821 1124 4876 statim
1148 4820 1219 4874 ab
1256 4816 1422 4873 initio
1445 4831 1498 4886 p.
1529 4819 1616 4870 2¹.
1658 4845 1724 4854 —
1749 4816 1795 4877 2)
1824 4812 1887 4867 In
1930 4818 2083 4868 utro·
2173 4816 2285 4866 tem
2312 4812 2514 4867 deinde
2540 4814 2806 4881 leguntur
2834 4813 2892 4867 in
2919 4813 3024 4868 hoc
3049 4827 3170 4884 cap.
3195 4812 3486 4875 Lxxxn.
3508 4814 3666 4868 nullo

576 4931 689 4984 que
716 4911 836 4967 cod.
869 4909 1076 4965 mirum
1106 4912 1215 4968 est.
1237 4907 1348 4959 huc
1378 4900 1670 4971 irrepsisse
1700 4899 1933 4953 titulum
1955 4914 2076 4969 cap.
2170 4895 2284 4950 sere
2310 4896 2485 4952 dubio
2512 4897 2800 4969 pertinent
2827 4897 2893 4951 ad
2918 4913 3038 4969 cap.
3069 4897 3383 4954 Lxxvln.
3428 4930 3497 4940 —
3520 4898 3565 4966 ³)
3602 4905 3664 4954 ut

573 4996 856 5055 Lxxvll:
891 4995 1166 5062 Quoniam
1209 4991 1269 5058 (l.
1310 4985 1484 5058 quod)
1523 4991 1571 5040 et
1606 5001 1708 5057 per
1742 4983 1996 5054 angelum
2032 4989 2082 5039 et
2170 4981 2359 5046 om.A.
2389 4981 2480 5038 W.
2513 5013 2580 5023 -
2606 4982 2649 5050 ⁴)
2677 4986 2906 5056 suscepit
2932 4982 3024 5038 W.
