4036 6117
1659 489 2119 537 npxsronAz.
3198 475 3330 535 359

347 603 605 676 bestiae
653 621 720 675 et
753 615 974 690 pisces
1024 612 1404 673 hominibus
1440 611 1683 671 adsunt
1713 607 1780 692 ¹).
1818 613 1982 673 Nam
2033 614 2100 672 et
2134 611 2351 686 angeli
2386 615 2453 671 et
2486 611 2767 687 spiritus
2818 607 3164 672 beatorum
3200 628 3425 671 coram

352 718 485 779 Deo
523 724 695 778 sunt.

435 821 559 882 Sed
596 824 661 881 in
695 823 820 881 hoc
854 821 1030 897 quod
1065 821 1354 880 Verbum
1389 838 1428 880 a
1459 821 1592 879 Deo
1626 819 1855 893 exivit,
1893 818 2070 878 Deus
2101 818 2302 878 Pater
2334 818 2573 878 Filium
2608 819 2997 893 nominavit,
3032 825 3100 878 et
3133 817 3421 876 Verbum

346 945 384 985 a
417 925 550 984 Deo
600 927 898 1001 genitum
933 925 1072 985 vita
1109 923 1251 984 suit.
1301 924 1381 984 Et
1416 923 1703 984 Verbum
1751 938 1871 998 per
1912 922 2090 999 quod
2140 924 2360 982 omnia
2412 923 2587 1015 facta
2623 929 2801 997 sunt,
2854 924 3269 983 incarnatum
3318 929 3425 983 est

348 1029 411 1087 in
449 1029 711 1089 mundO.

435 1131 541 1191 Sic
564 1132 741 1191 Deus
779 1132 993 1192 voluit
1027 1132 1362 1192 hominem
1398 1132 1733 1208 conjungi,
1771 1131 1928 1207 quia
1962 1130 2297 1191 hominem
2338 1131 2468 1191 sibi
2504 1130 2791 1191 similem
2831 1130 3008 1205 secit;
3047 1130 3217 1191 unde
3252 1131 3426 1191 idem

348 1235 588 1294 Vivens
622 1235 810 1308 dixit,
849 1234 1026 1311 quod
1061 1236 1129 1295 in
1161 1236 1379 1311 prima
1411 1241 1632 1295 aetate
1664 1238 1981 1310 operatus
2017 1233 2127 1307 sit,
2165 1213 2343 1309 quod
2377 1233 2506 1293 sibi
2543 1234 2814 1310 placuit.

433 1338 676 1399 Postea
723 1356 928 1415 quum
979 1339 1062 1398 ad
1111 1339 1398 1399 mediam
1448 1344 1843 1415 perventum
1890 1342 2018 1411 est,
2073 1338 2267 1397 ruina
2305 1339 2541 1413 patuit:
2596 1337 2755 1414 quid
2790 1337 3027 1398 deinde
3100 1339 3427 1416 sequitur,

344 1442 747 1503 absconsum
780 1450 905 1504 est.
937 1437 990 1522 ²)

431 1542 587 1602 Vae!
631 1544 786 1604 Vae!
829 1545 880 1604 O
914 1545 1018 1604 vir
1050 1546 1438 1621 praeliator,
1475 1559 1698 1621 surge,
1751 1542 2017 1620 require
2055 1542 2122 1601 in
2149 1542 2353 1619 justis
2391 1542 2665 1619 judiciis
2715 1543 2852 1603 tuis
2888 1560 3431 1622 unamquamque

346 1667 642 1726 causam,
679 1658 753 1712 ut
786 1653 929 1713 sine
966 1656 1158 1713 ruina
1192 1655 1345 1713 sint.

436 1754 487 1814 Ο
533 1755 821 1815 Verbum
868 1755 1111 1831 PatriS‚
1166 1763 1236 1817 tu
1271 1757 1495 1816 lumen
1541 1755 1798 1832 primae
1847 1769 2130 1814 aurorae
2182 1753 2248 1813 in
2290 1753 2542 1813 circulo
2577 1758 2763 1813 rotae
2808 1769 2906 1829 eS‚
2958 1754 3179 1814 omnia
3228 1755 3294 1815 in
3340 1756 3435 1815 di-

349 1858 504 1918 vina
537 1859 601 1917 vi
635 1874 941 1933 operans

437 1966 488 2026 O
536 1973 640 2042 tu,
698 1962 1147 2043 praescientia
1192 1959 1339 2042 Dei,
1399 1967 1623 2027 omnia
1680 1982 1882 2042 opera
1940 1972 2056 2026 tua
2110 1955 2530 2041 praevidisti,
2584 1959 2761 2025 sicut
2794 1961 3092 2042 voluisti,
3134 1966 3226 2027 ita
3260 1974 3333 2028 ut
3366 1969 3433 2029 in

346 2073 562 2133 medio
613 2075 947 2147 potentiae
998 2080 1150 2134 tuae
1196 2075 1417 2148 latuit,
1470 2073 1629 2150 quia
1662 2074 1883 2133 omnia
1917 2072 2369 2149 praescivisti,
2418 2078 2487 2132 et
2518 2078 2836 2148 operatus
2869 2088 2966 2150 eS,
3019 2075 3214 2150 quasi
3250 2076 3316 2135 in
3348 2078 3440 2134 si-

345 2177 720 2237 militudine
775 2185 961 2240 rotae
1009 2184 1250 2242 cuncta
1296 2181 1812 2257 circumeuntiS,
1861 2171 1911 2258 ³)
1962 2195 2134 2256 quae
2184 2178 2450 2240 initium
2495 2196 2627 2240 non
2675 2182 2964 2258 accepit,
3026 2198 3146 2242 nec
3196 2184 3263 2242 in
3309 2181 3437 2245 fine

346 2290 691 2358 prostrata
724 2293 847 2346 est.

439 2389 602 2449 Cum
652 2390 891 2452 illusor
935 2389 1252 2453 Diabolus
1301 2391 1635 2452 hominem
1684 2390 1969 2467 decepit,
2022 2404 2222 2469 quem
2275 2390 2451 2451 Deus
2504 2391 2947 2469 formaverat,
3009 2395 3076 2454 in
3129 2393 3262 2455 Deo
3328 2396 3434 2456 vis

348 2503 514 2572 erat,
567 2515 737 2574 quae
774 2497 900 2574 ipsi
947 2500 1222 2577 placuit3
1275 2509 1476 2577 quarn
1510 2501 1828 2577 antiquus
1874 2516 2151 2576 serpens
2200 2516 2320 2576 per
2354 2501 2577 2561 omnia
2620 2502 2944 2562 scrutinia
2993 2520 3113 2563 sua
3147 2520 3279 2565 non
3328 2520 3437 2563 co·

349 2603 599 2678 gnovit,
645 2618 766 2662 nec
800 2604 1118 2679 gustavit:
1170 2621 1340 2681 quae
1375 2610 1477 2665 est
1509 2604 1789 2679 pulchra
1841 2599 2053 2665 forma
2087 2606 2236 2664 Filii
2269 2604 2409 2680 Dei,
2463 2604 2579 2682 qui
2610 2605 2959 2666 Diabolum
3013 2608 3079 2667 in
3112 2608 3432 2684 abyssum

348 2709 712 2785 superavit,
763 2712 830 2769 et
877 2710 1288 2785 spiraculum
1339 2701 1628 2769 hominis
1678 2709 1760 2769 ad
1804 2725 1878 2769 se
1928 2710 2144 2784 ipsum
2197 2712 2433 2785 traxit,
2493 2716 2561 2770 et
2606 2714 2909 2771 ventrem
2955 2712 3216 2774 Diaboli
3263 2713 3433 2773 divi-

348 2813 459 2888 sit,
491 2808 540 2893 ⁴)
570 2817 661 2876 ita
695 2818 766 2875 ut
791 2832 910 2892 per
934 2818 1205 2893 propria
1238 2818 1518 2878 vulnera
1553 2834 1673 2877 sua
1706 2816 2069 2886 hominem,
2098 2817 2213 2891 qui
2240 2817 2502 2877 viscera
2530 2817 2713 2878 illius
2744 2820 3137 2896 transierat,
3165 2820 3250 2880 ab
3285 2821 3432 2897 ipso

349 2916 695 2990 liberaret,
746 2928 813 2981 et
844 2921 925 2981 de
959 2922 1278 2983 claustris
1326 2921 1570 2983 inferni
1613 2922 1902 2996 tolleret,
1954 2926 2022 2980 et
2054 2936 2208 2980 eum
2256 2920 2471 2982 denuo
2504 2938 2657 2982 cum
2692 2926 2929 3000 pennis
2962 2926 3281 2986 candidae
3317 2942 3434 2985 nu-

350 3024 452 3085 bis
488 3030 779 3087 ornaret.

439 3130 618 3190 Unde
667 3149 704 3190 o
755 3137 850 3206 tu,
901 3131 1122 3207 homo,
1175 3132 1411 3207 gaude,
1465 3133 1621 3209 quia
1668 3132 1844 3191 Deus
1880 3134 1944 3191 te
1996 3131 2154 3191 fecit
2203 3133 2323 3207 sic,
2376 3132 2552 3208 quod
2587 3135 2904 3193 vexillum
2953 3134 3233 3194 militiae
3285 3151 3434 3193 san·-

347 3238 494 3293 ctae
525 3234 908 3296 Divinitatis
941 3252 1051 3310 es;
1097 3243 1164 3296 et
1195 3252 1314 3312 per
1362 3242 1427 3296 te
1461 3236 1810 3296 victoriam
1844 3237 2294 3312 perpetravit,
2331 3252 2482 3295 cum
2527 3238 2822 3297 claustra
2868 3238 3108 3299 inferni
3146 3237 3364 3313 fregit.

440 3336 564 3397 Sed
613 3341 679 3398 et
711 3339 778 3398 in
812 3344 925 3399 tua
978 3339 1394 3415 formatione,
1450 3342 1515 3399 in
1551 3340 1765 3400 medio
1815 3340 2049 3399 lateris
2098 3339 2282 3400 orbis
2334 3346 2554 3400 terrae
2588 3342 2798 3416 fluxit,
2853 3343 2945 3401 ita
2988 3342 3164 3417 quod
3213 3344 3431 3402 omnis

353 3445 655 3519 angelica
704 3444 944 3505 militia
987 3451 1052 3505 te
1100 3445 1287 3520 vidit,
1339 3452 1408 3506 et
1454 3445 1649 3506 valde
1698 3444 2029 3505 admirata
2076 3449 2200 3504 est.
2250 3445 2330 3504 Et
2377 3446 2471 3505 ita
2505 3451 2570 3505 te
2619 3446 2911 3521 signavit
2959 3462 3111 3505 cum
3158 3448 3436 3507 coelesti

355 3546 770 3623 symphonia,
823 3549 888 3607 in
929 3549 1227 3624 angelica
1276 3549 1582 3623 victoria,
1634 3548 1746 3608 ubi
1797 3547 2049 3608 formas
2095 3547 2421 3608 virtutum
2471 3548 2537 3607 in
2583 3550 3061 3610 certaminibus
3111 3551 3242 3611 tuis
3289 3567 3436 3626 per-

356 3651 562 3711 ficiaS.

440 3756 666 3816 Gaude
699 3773 879 3833 erg0,
918 3775 955 3819 o
990 3759 1212 3833 hom0‚
1264 3766 1330 3819 et
1361 3759 1498 3819 noli
1533 3775 1652 3836 per
1700 3759 2145 3835 ignorantiam
2194 3762 2258 3818 te
2294 3759 2360 3818 in
2409 3758 2793 3819 irrisionem
2842 3760 3184 3834 seducere,
3237 3762 3431 3835 quasi

355 3859 420 3917 in
471 3860 729 3934 magnis
776 3859 1142 3922 honoribus
1190 3862 1326 3922 tuis
1376 3879 1505 3923 non
1539 3864 1655 3923 sis:
1708 3864 1865 3939 quia
1911 3863 2089 3923 Deus
2126 3869 2190 3922 te
2240 3863 2443 3923 talem
2496 3862 2676 3937 fecit,
2730 3864 2805 3922 ut
2842 3863 3064 3923 omnia
3112 3863 3439 3923 miracula

354 3978 476 4020 sua
508 3963 898 4038 plenissime
933 3965 1000 4023 in
1033 3970 1097 4024 te
1132 3971 1542 4041 operaretur.

448 4070 612 4131 Nam
647 4086 798 4130 cum
833 4072 1072 4131 mortis
1117 4072 1360 4132 nebula
1393 4075 1682 4132 attracta
1730 4077 1832 4132 est
1866 4073 1933 4131 in
1970 4071 2253 4131 feminea
2292 4071 2527 4145 forma,
2583 4072 2674 4130 ita
2710 4072 2886 4147 quod
2935 4072 3072 4132 Eva
3107 4073 3174 4131 in
3207 4073 3436 4134 dolore

356 4190 588 4233 omnes
637 4174 810 4236 filios
857 4176 1277 4235 nascentium
1326 4174 1664 4235 hominum
1720 4177 1785 4233 in
1834 4177 2199 4250 semetipsa
2231 4176 2312 4234 de
2359 4174 2602 4251 gaudio
2655 4175 2990 4251 produxit,
3044 4177 3156 4237 ubi
3191 4178 3256 4237 in
3304 4181 3440 4238 exi·-

361 4283 521 4341 lium
568 4282 713 4358 ivit,
764 4285 922 4360 quia
970 4299 1248 4359 serpens
1298 4282 1482 4341 illam
1529 4268 1908 4358 deceperat,
1958 4283 2041 4342 de
2090 4298 2220 4359 quo
2272 4284 2522 4343 malum
2574 4290 2984 4360 susceperat:
3034 4284 3270 4347 deinde
3319 4303 3438 4363 per

359 4389 560 4448 aliam
596 4389 946 4448 femineam
1000 4387 1280 4449 formam
1316 4387 1658 4447 abstracta
1705 4394 1828 4448 est.
1863 4386 2038 4447 Deus
2070 4388 2245 4447 enim
2283 4388 2349 4446 in
2383 4388 2675 4463 Antiquo
2711 4386 2970 4449 dierum
3014 4393 3439 4465 praeviderat

358 4493 533 4569 quod
563 4491 882 4554 Diabolus
915 4511 1035 4570 per
1068 4493 1418 4554 mulierem
1453 4494 1658 4552 vitam
1708 4491 2041 4553 suffocare
2076 4492 2363 4567 volebat3
2415 4498 2480 4552 et
2520 4494 2614 4553 ita
2649 4494 2715 4552 in
2748 4495 3082 4570 sapientia
3132 4503 3268 4557 tam
3304 4514 3440 4559 ma-

357 4611 556 4671 gnam
599 4598 840 4656 turrim
888 4598 1285 4673 aedificavit,
1338 4604 1410 4659 ut
1443 4598 1646 4658 aliam
1694 4598 1904 4659 vitam
1937 4613 2071 4673 per,
2105 4599 2306 4658 aliam
2355 4599 2707 4660 mulierem
2756 4601 3094 4676 proferret
3127 4604 3194 4663 in
3240 4604 3444 4664 casti-

359 4709 496 4763 tatc
532 4703 965 4764 innocentiae.

431 4967 474 5031 ¹)
501 4969 777 5025 hominum
799 4975 1003 5026 assunt.
1034 4968 1156 5025 cod.
1185 4968 1585 5040 apographum.
1616 4998 1686 5008 -—
1709 4967 1851 5034 ²)1n
1922 4982 2089 5039 opere
2124 4967 2399 5032 dividere.
2443 4970 2595 5041 quod
2640 4970 2758 5026 solo
2801 4968 2917 5025 sere
2966 4973 3137 5024 cantu
3175 4984 3205 5022 a
3246 4968 3431 5022 soluto

359 5053 627 5109 continua
649 5055 861 5112 codicis
881 5054 1025 5111 serie
1055 5054 1203 5109 haud
1232 5054 1291 5109 in
1320 5059 1584 5126 promptu
1603 5059 1693 5108 est
1718 5068 1848 5108 can—
1934 5069 2190 5109 sermone
2215 5054 2481 5111 distabat.
2514 5086 2580 5096 --
2618 5055 2663 5123 ³)
2691 5057 3023 5111 circuimnte
3047 5053 3137 5109 W.
3189 5081 3250 5090 —
3277 5052 3322 5119 ⁴)
3353 5053 3438 5107 di-

366 5137 473 5194 tica
497 5155 780 5196 secernere
805 5157 834 5194 a
856 5141 1059 5209 glossa.
1083 5145 1180 5193 aul
1204 5155 1395 5195 versus
1424 5138 1481 5194 in
1513 5138 1837 5209 rhythmico
1935 5143 2079 5198 vidit
2106 5141 2195 5197 W.
