4036 6117
669 482 797 542 330
1822 503 1872 547 s,
1933 505 2492 552 HILDEGARDIS

605 612 859 670 stitatis
894 613 1057 687 pede
1091 612 1473 688 obtriveris,
1515 617 1716 675 reduc
1753 625 1974 679 tamen
2008 622 2091 680 ad
2129 625 2517 683 memoriam
2554 640 2629 682 ex
2667 626 3088 700 Apocalypsi,
3128 627 3439 702 quoniam
3476 624 3687 686 cauda

603 719 917 777 draconis
967 737 1095 778 non
1133 723 1347 780 solum
1400 723 1628 796 glebas
1673 729 1892 784 terrae
1941 729 2174 801 verrit,
2228 730 2344 789 sed
2378 733 2445 789 et
2496 731 2760 789 tertiam
2809 735 3068 804 partem
3118 730 3465 789 stellarum
3516 728 3686 789 coeli

603 826 754 893 post
790 838 861 880 se
898 824 1123 886 trahit.
1160 821 1203 901 ¹)
1254 824 1344 884 De
1379 827 1780 901 quibusdam
1829 833 2023 906 equis
2071 833 2163 892 ibi
2199 834 2465 908 legitur,
2520 833 2697 909 quod
2746 850 2877 892 non
2928 834 3141 892 solum
3180 834 3243 891 in
3279 850 3416 907 ore,
3470 833 3586 892 sed
3618 838 3687 891 et

607 924 669 982 in
719 926 951 985 caudis
987 933 1389 1001 potestatem
1439 931 1717 990 nocendi
1755 932 2060 994 habeant.
2111 935 2272 993 Nam
2315 954 2347 992 α
2386 936 2658 1008 caudae,
2700 935 2935 1011 inquit,
2987 951 3215 994 eorum
3253 936 3510 994 similes
3545 952 3684 994 ser-

603 1032 937 1105 pentibuS,
988 1035 1055 1092 et
1091 1033 1155 1092 in
1188 1033 1294 1093 his
1343 1042 1602 1096 nocent.
1645 1057 1675 1094 2>
1731 1039 2113 1115 Propterea,
2145 1046 2359 1100 mater
2402 1047 2656 1115 sancta,
2688 1049 2760 1101 ut
2793 1057 2964 1118 quae
2994 1042 3131 1117 Jam
3181 1048 3381 1119 caput
3429 1045 3687 1120 antiqui

602 1141 935 1213 serpentis
982 1141 1294 1213 evasisti,
1347 1158 1427 1200 ne
1479 1160 1515 1200 a
1565 1143 1777 1202 cauda
1831 1144 2126 1219 feriaris,
2177 1152 2243 1205 et
2292 1150 2614 1223 quantum
2664 1154 2854 1223 potes
2899 1164 3050 1207 cum
3099 1148 3214 1207 Dei
3248 1149 3681 1224 protectione,

602 1243 1013 1318 calcaneum,
1070 1245 1132 1303 id
1181 1252 1285 1304 est
1333 1248 1509 1306 vitae
1545 1248 1818 1325 exitum,
1870 1252 1952 1310 ab
2000 1253 2147 1311 eius
2198 1256 2381 1313 tuere
2431 1254 2770 1313 versutiis,
2822 1254 2953 1313 Nec
2989 1260 3235 1328 metue,
3289 1257 3558 1315 tametsi
3596 1256 3686 1313 ita

604 1353 865 1428 loquar,
903 1369 982 1411 ne
1020 1371 1122 1413 me
1157 1358 1722 1430 praesumptionis
1773 1359 2161 1433 redarguaS,
2199 1366 2339 1420 tum
2375 1363 2531 1437 quia
2572 1378 2700 1421 non
2734 1378 2813 1420 ex
2856 1363 3234 1422 temeritate
3270 1363 3531 1436 docere,
3569 1363 3687 1422 sed

604 1473 676 1514 ex
723 1459 1073 1519 devotione
1105 1478 1304 1537 quam
1347 1463 1557 1523 habeo
1591 1481 1750 1539 erga
1785 1470 1871 1539 te,
1925 1482 2193 1525 monere
2238 1466 2525 1541 intendo;
2579 1474 2717 1526 tum
2768 1470 2945 1544 quia,
3001 1470 3351 1528 occasione
3400 1488 3529 1531 non
3576 1488 3691 1530 na-

605 1572 710 1624 cta
742 1563 790 1644 ²)
831 1575 1047 1628 tecum
1082 1573 1572 1647 confabulandi,
1613 1577 2008 1635 immoratus
2045 1594 2213 1636 sum.
2248 1578 2326 1637 Et
2359 1576 2522 1636 haec
2555 1577 2823 1653 quidem
2860 1595 2979 1653 pro
3015 1582 3201 1654 parte
3236 1586 3369 1639 tua.

698 1673 1047 1734 Caeterum
1099 1694 1219 1751 pro
1266 1695 1433 1751 mea,
1489 1680 1601 1754 qui
1654 1680 1892 1739 infixus
1943 1697 2092 1738 sum
2130 1682 2194 1740 in
2245 1681 2401 1741 limo
2451 1681 2786 1757 profundi,
2837 1689 2905 1741 et
2937 1684 3128 1742 cuius
3177 1685 3576 1758 putruerunt
3621 1686 3688 1741 et

605 1786 958 1853 corruptae
1011 1788 1165 1840 sunt
1214 1782 1566 1840 cicatrices
1616 1801 1654 1841 a
1707 1783 1874 1843 facie
1926 1785 2349 1858 insipientiae
2401 1802 2609 1857 meae,
2660 1780 2711 1864 ³)
2764 1804 2883 1862 per
2930 1786 3346 1846 dulcedinem
3396 1788 3691 1862 omnipo-

609 1884 808 1942 tentis
841 1883 955 1943 Dei
994 1902 1251 1961 precor,
1301 1892 1372 1946 ut
1407 1903 1509 1946 me
1547 1888 1719 1947 inter
1755 1887 2121 1948 familiares
2157 1895 2306 1948 tuos
2340 1893 2728 1965 computare
2762 1890 3081 1965 digneriS,
3134 1895 3201 1949 et
3236 1891 3551 1949 memoris
3588 1890 3685 1948 tui

604 2005 869 2063 semper
917 1990 1275 2049 meminere
1307 1988 1353 2067 ⁴)
1407 2009 1533 2051 non
1571 1993 1847 2066 abnuas3
1901 1997 1966 2052 et
2001 1995 2229 2051 levans
2265 2008 2468 2067 puras
2508 2008 2742 2052 manus
2779 1994 2843 2051 in
2886 1994 3211 2067 oratione,
3251 1993 3529 2053 obsecro
3568 1994 3686 2051 im-

605 2108 897 2151 mensam
951 2094 1424 2169 benignitatem
1461 2097 1551 2170 pii
1602 2096 2093 2171 RedemptorIS,
2148 2099 2219 2155 ut
2252 2096 2332 2154 de
2382 2096 2767 2172 praeteritis
2816 2096 3013 2156 malis
3050 2098 3214 2155 meis
3265 2098 3551 2171 veniam,
3602 2095 3683 2155 de

609 2200 1074 2271 praesentibus
1123 2201 1675 2274 emendationem,
1728 2202 1906 2260 etde
1959 2201 2204 2261 futuris
2253 2201 2583 2260 cautelam
2636 2200 2797 2259 mihi
2848 2200 3150 2260 conferre
3186 2218 3315 2261 non
3364 2210 3679 2261 moretur.

605 2304 768 2373 Quia
819 2320 976 2362 vero
1033 2305 1394 2364 monachus
1443 2306 1825 2364 claustralis
1876 2322 2047 2377 sum,
2102 2322 2219 2363 nec
2272 2303 2432 2364 mihi
2487 2306 2747 2365 occasio
2788 2308 2890 2365 vel
2945 2306 3230 2367 facultas
3280 2309 3360 2366 ad
3399 2311 3460 2367 te
3508 2324 3685 2368 com-

608 2411 866 2468 meandi
913 2411 1048 2468 ulla
1085 2411 1472 2485 porrigitur,
1527 2418 1598 2470 ut
1633 2411 1712 2469 de
1751 2409 1855 2468 his
1889 2426 2062 2485 quae
2095 2426 2171 2467 ex
2210 2417 2272 2468 te
2309 2410 2483 2467 scire
2511 2425 2847 2485 cuperem,
2898 2427 3012 2469 ore
3049 2412 3128 2470 ad
3164 2429 3240 2471 os
3274 2419 3496 2472 tecum
3530 2429 3682 2472 con-

611 2515 840 2591 seram,
893 2524 1115 2575 orout
1163 2532 1239 2575 ea
1276 2533 1447 2592 quae
1499 2517 1617 2575 tibi
1668 2531 1786 2590 per
1833 2516 2281 2591 praesentium
2336 2514 2640 2572 latricem
2692 2514 3113 2575 familiariter
3162 2533 3471 2592 suggero,
3523 2518 3689 2592 vigi-

608 2621 823 2678 lanter
869 2621 1164 2694 digneris
1218 2622 1577 2695 intendere;
1630 2628 1696 2681 et
1730 2629 1864 2681 tam
1909 2638 2028 2697 pro
2080 2621 2208 2693 his,
2246 2636 2446 2695 quam
2495 2628 2560 2679 et
2595 2637 2715 2697 pro
2752 2622 2901 2680 aliis
2938 2625 3458 2683 necessitatibus
3494 2626 3684 2697 meis,

609 2725 1213 2786 manifestationem
1254 2727 1540 2803 Spiritus
1590 2729 1670 2787 ad
1708 2728 2067 2787 utilitatem
2116 2742 2505 2801 exposcenS,
2558 2728 2715 2801 quid
2754 2744 2955 2803 super
3008 2730 3113 2788 his
3150 2731 3312 2790 mihi
3358 2731 3681 2806 agendum

519 2854 542 2861 -
610 2837 721 2905 sit,
760 2851 888 2893 non
923 2836 1260 2894 cuncteris
1298 2835 1695 2909 significare.

701 2944 882 3018 Rogo
939 2943 1139 3001 etiam
1193 2947 1264 3001 ut
1318 2940 1951 3016 interrogationibus
2011 2941 2178 2997 meis
2230 2940 2501 3014 scriptis
2555 2942 2689 2998 tuis
2741 2942 3143 3015 respondere
3195 2957 3323 3000 non
3357 2941 3681 3017 graveris

608 3052 789 3112 Scire
822 3051 997 3109 enim
1032 3050 1361 3124 cupimuS,
1397 3066 1519 3124 ego
1554 3054 1619 3106 et
1656 3047 1847 3107 multi
1883 3062 2164 3119 mecum,
2202 3062 2285 3104 an
2320 3061 2550 3105 verum
2588 3045 2675 3104 sit
2710 3046 2884 3121 quod
2922 3048 3093 3123 apud
3130 3064 3249 3107 nos
3285 3046 3365 3107 de
3403 3052 3465 3106 te
3503 3046 3683 3106 fama

607 3157 948 3232 dispersit,
979 3155 1288 3229 quamvis
1316 3155 1378 3212 id
1415 3153 1575 3211 mihi
1616 3152 1806 3212 facile
1841 3150 2230 3226 persuaderi
2254 3144 2300 3226 ⁵)
2338 3166 2464 3208 non
2503 3151 2740 3225 possit,
2780 3152 3090 3210 videlicet
3123 3152 3298 3227 quod
3327 3160 3684 3228 postquam

616 3265 909 3323 visiones
960 3267 1136 3333 tuae,
1190 3264 1253 3320 te
1281 3260 1552 3335 jubente
1589 3265 1654 3316 et
1692 3255 2044 3326 indicante,
2083 3272 2116 3312 a
2155 3255 2436 3313 notariis
2488 3255 2740 3330 scripto
2788 3261 3104 3330 exceptae
3157 3254 3423 3329 fuerint,
3477 3275 3513 3315 a
3551 3271 3683 3314 me-

610 3369 819 3425 moria
870 3368 982 3424 tua
1014 3366 1384 3434 elabantur,
1438 3365 1600 3422 adeo
1651 3369 1723 3421 ut
1758 3361 1914 3436 quid
1964 3361 2214 3418 dixeris
2249 3360 2514 3418 omnino
2566 3376 2691 3418 non
2728 3361 3007 3420 recolas.
3059 3361 3239 3421 Scire
3274 3363 3472 3421 etiam
3508 3361 3685 3420 desi-

605 3474 942 3540 deramuS,
999 3473 1216 3529 utrum
1267 3469 1534 3528 easdem
1597 3468 1888 3526 visiones
1961 3465 2167 3524 latino
2224 3465 2437 3523 dictes
2508 3465 2797 3540 eloquiO,
2852 3473 2967 3525 aut
3022 3472 3087 3524 te
3148 3466 3298 3524 illas
3351 3466 3681 3525 teutonice

608 3574 1005 3649 proferente,
1057 3575 1230 3631 alius
1268 3571 1387 3629 has
1425 3572 1484 3627 in
1539 3571 1818 3628 latinum
1855 3568 2235 3628 transferat.
2290 3567 2469 3626 Scire
2505 3573 2571 3626 et
2605 3568 2729 3627 hoc
2779 3569 3213 3627 nihilominus
3261 3569 3678 3642 affectamus.

606 3692 830 3742 utrum
879 3682 1206 3738 elementa
1241 3679 1616 3735 litterarum
1652 3675 1735 3733 ab
1786 3674 2066 3732 infantia
2098 3673 2438 3744 didiceriS,
2489 3678 2555 3730 et
2588 3672 2851 3731 divinas
2901 3673 3282 3749 Scripturas
3332 3675 3553 3733 studio
3589 3675 3679 3732 le-

604 3791 867 3862 ctionis,
905 3806 989 3848 an
1025 3788 1167 3846 sola
1203 3785 1509 3845 unctione
1561 3783 1905 3855 magistra,
1937 3797 2107 3856 quae
2142 3796 2311 3855 quos
2346 3782 2489 3839 vult
2522 3780 2603 3839 de
2637 3781 2945 3840 omnibus
2978 3780 3201 3851 docet,
3248 3783 3678 3858 compereris.

693 3898 860 3969 Quia
893 3913 1049 3972 ergo
1089 3895 1327 3954 faciem
1362 3895 1566 3956 tuam,
1597 3891 1683 3948 mi
1710 3883 1756 3965 ⁶)
1793 3888 2083 3958 domina,
2119 3888 2367 3960 divina,
2404 3889 2475 3945 ut
2507 3887 2727 3960 credo,
2763 3889 2906 3947 luce
2935 3886 3467 3963 resplendentem
3493 3904 3684 3963 prae-

605 4003 978 4063 sentialiter
1029 3982 1271 4060 intueri
1322 4013 1600 4072 nequeo,
1656 3994 1758 4052 fac
1813 4008 1912 4051 me
1964 3992 2201 4051 saltem
2255 4006 2373 4065 per
2408 3990 2669 4049 litteras
2718 3991 2949 4050 audire
2999 4007 3230 4050 vocem
3265 3996 3470 4066 tuam,
3524 3993 3680 4068 quia

603 4128 728 4170 vox
779 4115 893 4169 tua
928 4107 1144 4167 dulcis
1193 4107 1295 4162 est
1348 4102 1530 4174 milii;
1586 4104 1656 4159 ut
1690 4099 1793 4158 vel
1843 4097 2004 4155 mihi
2056 4097 2153 4154 sic
2203 4094 2457 4169 aliquid
2506 4095 2891 4154 memoriale
2944 4096 3035 4153 tui
3086 4095 3388 4168 habeam,
3445 4096 3509 4154 in
3543 4113 3675 4173 quo

603 4219 785 4276 velut
829 4217 894 4274 in
929 4213 1200 4289 speculo
1254 4208 1508 4268 reddita
1545 4204 1855 4278 imagine,
1905 4179 2165 4274 effigies
2216 4200 2376 4258 mihi
2413 4206 2566 4258 tuae
2618 4199 3000 4257 sanctitatis
3036 4201 3365 4272 reluceat,
3417 4206 3483 4259 et
3533 4205 3669 4258 tam

601 4322 875 4380 arctiori
910 4335 1109 4394 quam
1150 4312 1583 4390 frequentiori
1620 4306 1943 4366 memoria
1976 4304 2230 4379 pectori
2267 4319 2412 4362 meo
2448 4303 2755 4362 insideat.
3146 4297 3151 4301 ’

690 4435 1008 4494 Dominus
1058 4431 1139 4490 ad
1189 4430 1504 4488 honorem
1554 4429 1620 4480 et
1672 4420 1958 4478 fructum
1994 4415 2334 4474 Ecclesiae
2385 4429 2545 4471 suae
2593 4414 3042 4487 praesentiam
3096 4413 3475 4472 sanctitatis
3527 4419 3681 4471 tuae

601 4539 944 4618 prolixiori
983 4540 1303 4608 ternpore,
1344 4526 1706 4588 reverenda
1741 4530 1976 4590 mater,
2020 4518 2415 4577 incolumem
2449 4531 2849 4574 conservare
2881 4516 3210 4590 dignetur.
3246 4518 3473 4576 Amen.

689 4649 991 4706 Salutant
1027 4651 1088 4700 te
1137 4641 1455 4699 Dominus
1493 4635 1713 4693 Abbas
1738 4629 1785 4706 ⁷)
1824 4636 1889 4687 et
1924 4627 2109 4702 prior
2156 4630 2414 4697 noster,
2476 4639 2628 4681 cum
2679 4625 2815 4681 tota
2866 4623 2996 4681 sibi
3054 4621 3413 4681 commissa
3470 4625 3680 4678 matre

670 4921 711 4982 ι)
740 4920 910 4988 Arme,
940 4913 1074 4972 xn,
1103 4914 1153 4965 A,
1186 4939 1248 4948 —-
1277 4909 1322 4968 ²)
1353 4903 1546 4964 lutosi,
1577 4908 1633 4956 et
1659 4900 1839 4955 adhuc
1869 4899 2090 4955 haereo,
2178 4892 2223 4957 ⁶)
2248 4895 2324 4946 mi
2360 4892 2601 4952 domina.
2631 4889 2713 4946 sic
2739 4891 2859 4946 cod.
2890 4888 2977 4945 An
3005 4889 3077 4945 ob
3104 4869 3313 4944 morem
3341 4881 3677 4953 Hldegardis

603 5011 790 5072 legens
818 5002 875 5057 in
903 4997 1113 5054 codicis
1151 4992 1484 5065 apographo:
1528 4990 1799 5043 occasione
1830 4999 1938 5038 non
1973 4986 2096 5036 acta
2182 4992 2325 5047 quae
2353 4993 2411 5030 se
2450 4976 2634 5031 virum
2674 4975 2860 5031 dicere
2899 4976 3071 5030 solet?
3098 5006 3164 5015 —
3189 4974 3233 5037 ⁷)
3259 4967 3679 5028 Gemblacensis

596 5103 760 5148 tecum
793 5084 1211 5158 confabulando.
1258 5109 1321 5117 -—
1348 5077 1391 5141 ³)
1431 5077 1517 5130 ps,
1563 5071 1793 5130 LXVU.
1836 5074 1885 5123 3:
1928 5064 2096 5120 XXX
2187 5069 2320 5118 tunc
2346 5064 2519 5117 abbas
2543 5066 2665 5116 erat
2700 5062 2941 5116 loannes
2966 5061 3038 5114 ab
3074 5074 3219 5113 anno
3251 5061 3387 5113 1159
3424 5055 3490 5109 ad
3524 5060 3681 5114 1188,

599 5179 729 5238 vn,
756 5182 802 5229 ὃ,
835 5205 896 5214 ,-
925 5172 966 5234 4)
998 5172 1112 5236 {ogo
1135 5166 1442 5219 memiuisse.
1472 5192 1532 5200 —-
1560 5163 1601 5222 ⁵)
1626 5159 1883 5230 persuasit·
1910 5154 1999 5206 W.
2033 5183 2098 5191 ·-
2188 5151 2278 5206 cui
2310 5148 2581 5204 successit
2614 5147 2729 5218 ipse
2754 5146 3065 5202 Guibertus
3087 5160 3268 5213 usque
3293 5142 3359 5196 ad
3387 5158 3435 5195 a.
3474 5145 3627 5195 1206.
