4036 6117
632 350 764 411 228
1780 363 1831 407 s.
1893 360 2434 409 mnnzoanms

1993 602 2211 662 XVIII.

1747 810 1840 871 De
1889 810 2153 870 insidiis
2210 808 2485 870 Diaboli.

647 1019 753 1080 19.
789 1017 914 1079 Sed
947 1020 1106 1097 quia
1139 1017 1482 1094 DiaboluS,
1519 1019 1698 1079 sicut
1729 1018 2134 1093 speculator,
2171 1014 2508 1077 hominem
2535 1014 2821 1091 j0cunde
2853 1012 3124 1091 decipit,
3161 1011 3280 1072 tali
3314 1012 3519 1075 etiam
3550 1013 3643 1073 vi-

559 1123 654 1184 tio
706 1121 804 1182 illi
839 1121 1219 1197 insidiatur,
1254 1121 1440 1199 quali
1479 1121 1548 1180 vi
1590 1121 2074 1181 elementorum
2108 1134 2266 1179 eum
2296 1117 2618 1181 delectari
2651 1116 2853 1178 videt.
2889 1115 3125 1176 Omnia
3159 1129 3449 1192 namque
3480 1114 3643 1174 vitia

557 1244 596 1291 a
627 1225 904 1286 Diabolo
953 1225 1344 1309 procedunt,
1383 1230 1450 1284 et
1483 1231 1557 1285 ut
1606 1225 1897 1285 latrones
1947 1228 2141 1299 sunt,
2194 1222 2509 1300 quoniam
2557 1221 2779 1282 omnia
2826 1221 2999 1281 bona
3047 1235 3219 1297 quae
3269 1220 3336 1279 in
3377 1206 3655 1279 bomine>

558 1335 736 1405 sunt,
789 1336 1111 1406 quantum
1161 1335 1464 1407 possunt,
1503 1329 1600 1390 illi
1645 1329 2006 1405 diripiunt,
2058 1333 2125 1387 et
2167 1326 2294 1387 hoc
2326 1327 2528 1387 etiam
2580 1342 2730 1387 cum
2779 1325 3131 1385 elementis
3179 1328 3247 1384 et
3293 1337 3448 1383 cum
3494 1321 3642 1382 aliis

557 1435 888 1503 creaturis
923 1433 1255 1497 interdum
1293 1433 1569 1509 faciunt,
1607 1449 1758 1494 cum
1792 1433 2041 1510 quibus
2077 1431 2273 1492 homo
2307 1431 2477 1492 vivit
2509 1435 2577 1491 et
2609 1432 2945 1507 operatur.

2015 1655 2176 1717 XIX.

1582 1850 1676 1911 De
1725 1849 2074 1910 elementis
2122 1853 2187 1907 et
2243 1845 2617 1908 virtutibus.

644 2057 749 2116 20.
800 2056 879 2117 Et
912 2063 984 2117 ut
1017 2065 1308 2134 quatuor
1338 2058 1669 2118 elementa
1703 2058 1770 2117 in
1803 2057 2069 2118 homine
2097 2063 2284 2134 sunt,
2323 2058 2416 2116 ita
2450 2062 2517 2115 et
2541 2055 2831 2115 virtutes
2863 2052 2981 2113 Dei
3021 2053 3087 2112 in
3117 2051 3313 2112 beato
3356 2049 3639 2123 homine,

555 2177 725 2236 quae
759 2177 908 2222 eum
947 2161 1028 2221 ad
1063 2162 1309 2222 bonum
1343 2167 1760 2222 convertunt.

2040 2370 2170 2430 XX.

1695 2580 1787 2640 De
1834 2581 1984 2656 iqne
2036 2584 2101 2639 et
2146 2578 2524 2640 virtutibus,

640 2785 745 2847 21.
799 2786 1080 2849 Sanctus
1130 2789 1307 2848 enim
1355 2787 1643 2865 Spiritus
1677 2805 1834 2848 vere
1871 2787 2045 2863 ignis
2097 2787 2627 2864 inextinguibilis
2664 2789 2791 2863 est,
2828 2788 2945 2865 qui
2977 2804 3317 2865 nunquam
3349 2788 3640 2866 extingui

547 2894 807 2966 potest,
843 2896 911 2951 et
943 2891 1059 2969 qui
1093 2892 1313 2951 omnia
1346 2892 1518 2952 bona
1567 2890 1703 2967 dat,
1741 2892 1963 2952 omnia
1997 2892 2172 2952 bona
2206 2892 2540 2966 accendit,
2593 2892 2816 2953 omnia
2849 2892 3020 2953 bona
3058 2893 3364 2969 suscitat,
3412 2895 3630 2954 omnia

548 2993 722 3054 bona
754 2994 968 3071 docet,
1005 3001 1072 3055 et
1106 2994 1221 3073 qui
1255 2996 1321 3055 in
1354 2995 1620 3055 flamma
1647 3011 1771 3055 sua
1795 2995 2048 3055 homini
2082 2997 2417 3074 loquelam
2452 2996 2710 3056 tribuit.
2747 2997 2899 3073 Ipse
2934 2996 3111 3056 enim
3145 2997 3332 3058 velut
3361 3012 3480 3074 per
3514 2996 3643 3058 for-

545 3103 649 3160 tes
687 3100 865 3160 vires
899 3101 1072 3176 ignis
1107 3101 1174 3160 in
1206 3100 1445 3161 ardore
1479 3117 1598 3161 suo
1635 3099 2083 3161 humilitatem
2109 3101 2423 3176 ostendit,
2459 3117 2630 3177 quae
2664 3100 2973 3161 omnibus
3009 3100 3337 3176 subjacet,
3373 3103 3441 3161 et
3472 3116 3641 3178 quae

550 3218 623 3262 se
671 3203 966 3264 omnium
1001 3203 1293 3264 infimam
1343 3204 1674 3264 aestimat.
1708 3204 1787 3263 Et
1822 3203 2023 3263 ardor
2069 3204 2183 3265 ille
2217 3205 2652 3280 geliditatem,
2690 3203 2951 3264 scilicet
2980 3204 3372 3279 patientiam
3414 3202 3636 3278 habet,

548 3309 616 3367 et
657 3305 1001 3367 humorem
1036 3308 1102 3366 in
1135 3307 1622 3381 benevolentia,
1658 3324 1829 3384 quae
1861 3308 2111 3384 ubique
2160 3309 2435 3383 circuit,
2488 3313 2556 3367 et
2588 3322 2759 3384 quae
2794 3324 2964 3383 opus
2998 3306 3400 3367 humilitatis
3432 3311 3537 3367 est
3561 3322 3637 3367 ac

548 3410 1069 3485 fundamentum,
1106 3411 1281 3488 quod
1317 3412 1643 3472 sanctitas
1677 3413 1861 3472 velut
1894 3428 2015 3488 per
2055 3429 2277 3492 aerem
2314 3414 2381 3472 in
2414 3412 2883 3472 celsitudinem
2916 3413 3252 3489 aedificat,
3288 3412 3401 3472 ubi
3436 3412 3639 3472 etiarn

552 3514 827 3588 maligni
860 3514 1142 3590 spiritus
1178 3515 1270 3574 ita
1303 3522 1829 3591 commoventur,
1866 3515 2043 3593 quod
2077 3516 2160 3576 ad
2193 3515 2476 3576 nihilum
2512 3516 2921 3592 rediguntur.

2021 3737 2182 3801 XXI.

1681 3932 1775 3993 De
1823 3950 1975 3992 aere
2025 3940 2087 3993 et
2136 3933 2513 3994 virtutibus.

640 4145 746 4204 22.
776 4144 906 4204 Aer
932 4149 1183 4218 autem,
1221 4143 1455 4203 acutas
1487 4144 1668 4204 vires
1704 4142 1980 4219 habenS,
2009 4144 2205 4204 fidem
2233 4145 2588 4221 significat,
2617 4161 2789 4222 quae
2815 4146 3131 4207 vexillum
3161 4146 3487 4206 victoriae
3511 4151 3635 4222 est;

548 4247 706 4322 quia
738 4253 813 4306 ut
845 4245 1110 4306 flamma
1147 4246 1320 4322 ignis
1354 4247 1554 4323 lucet,
1593 4249 1691 4308 sic
1725 4247 1889 4309 fides
1924 4254 2177 4309 rectam
2208 4250 2388 4309 viam
2422 4249 2737 4326 ostendit,
2775 4256 2844 4310 et
2879 4265 3103 4312 rorem
3138 4250 3281 4326 spei
3318 4265 3472 4310 cum
3508 4266 3636 4327 quo

547 4357 804 4412 mentes
838 4351 1133 4412 fidelium
1168 4352 1427 4429 irrigat,
1466 4369 1615 4413 cum
1657 4354 1753 4413 illi
1789 4353 1870 4412 ad
1905 4354 2225 4414 coelestia
2262 4355 2629 4430 suspirant,
2674 4354 3085 4415 viriditatem
3121 4354 3459 4431 perfectae
3491 4351 3643 4415 oha-

545 4458 770 4519 ritatis
819 4457 889 4517 in
922 4472 994 4516 se
1041 4455 1388 4532 habenteS,
1441 4474 1594 4518 cum
1641 4458 1949 4519 omnibus
1997 4460 2247 4535 ubique
2295 4460 2619 4536 prodesse
2671 4458 3006 4520 festinant.
3057 4459 3239 4520 Unde
3286 4459 3489 4521 etiam
3523 4473 3641 4537 per

544 4566 776 4626 ssatum
809 4564 1259 4640 poenitentiae
1294 4564 1779 4624 lacrimabilem
1812 4563 2300 4641 querimoniam
2336 4565 2400 4624 in
2450 4565 2752 4626 oratione
2787 4564 3162 4641 proferunt,
3215 4563 3640 4642 quemadmo-

542 4667 698 4730 dum
736 4666 966 4728 suavis
1000 4667 1198 4727 ssatus
1233 4667 1408 4728 aeris
1445 4667 1639 4729 flores
1672 4668 1916 4743 educit,
1958 4668 2051 4729 ita
2084 4669 2153 4728 in
2185 4670 2409 4729 calore
2443 4670 2755 4730 coelestis
2789 4669 3107 4730 desiderii
3144 4669 3470 4744 optimum
3507 4668 3642 4728 fru-

543 4779 748 4849 ctum,
784 4772 970 4832 velut
1002 4771 1226 4832 cibum
1259 4773 1462 4847 vitae,
1501 4773 1582 4833 ad
1617 4773 1977 4834 utilitatem
2017 4788 2208 4834 suam
2246 4778 2313 4832 et
2350 4774 2635 4834 aliorum
2670 4775 3114 4851 plurimorum
3147 4779 3523 4850 operantes
