4036 6117
1683 524 2139 572 εΡιετοιΑε.
3267 504 3390 562 361

1851 741 1990 814 111.

475 966 857 1039 Iterumque
891 979 1019 1023 vox
1051 962 1132 1021 de
1166 963 1352 1023 coelo
1388 963 1692 1024 sonabat:

472 1067 523 1126 O
557 1072 652 1141 tu,
689 1067 822 1125 vile
858 1081 1226 1140 scamnum,
1266 1065 1443 1140 fuge,
1484 1066 1660 1142 fugel
1703 1066 1967 1131 Arduae
2003 1065 2226 1125 scalae
2264 1062 2518 1122 sumum
2551 1059 2805 1121 dabunt
2837 1067 3233 1121 aromatum.

474 1177 629 1249 Vae,
683 1191 805 1234 vae
853 1181 1159 1235 terrenae
1208 1191 1473 1236 causae.
1523 1177 1682 1235 Nam
1723 1178 1869 1250 ipsa
1905 1175 2270 1236 abscondet
2319 1190 2415 1248 se,
2468 1173 2625 1249 quia
2668 1173 2904 1233 vivens
2940 1171 3177 1231 oculus
3226 1174 3341 1249 qui
3375 1174 3470 1233 vi-

382 1282 516 1356 det,
556 1283 623 1341 in
655 1281 997 1341 maxillam
1031 1296 1178 1340 earn
1211 1281 1563 1357 percutiet.

474 1388 763 1465 Spiritus
795 1389 1059 1464 gaudet:
1096 1389 1169 1463 O,
1206 1389 1270 1449 ol
1312 1390 1494 1449 Felix
1527 1394 1711 1449 terra
1760 1405 1964 1466 super
1998 1405 2072 1451 se
2104 1390 2382 1466 plangit:
2419 1387 2584 1449 Ach!
2626 1386 2777 1448 achl
2819 1388 2974 1463 Ipsa
3010 1386 3212 1447 habet
3246 1386 3313 1445 in
3346 1384 3472 1443 hoc

386 1494 683 1568 tempore
733 1493 1121 1553 fenestralia
1170 1492 1315 1554 loca
1347 1509 1468 1569 per
1515 1494 1895 1554 illusionem
1945 1495 2202 1571 antiqui
2254 1495 2612 1570 serpentis,
2665 1491 2783 1551 sed
2816 1497 3043 1551 tamen
3072 1490 3258 1552 venit
3306 1489 3474 1548 scis-

389 1613 550 1657 sura
581 1598 715 1657 veli
753 1598 1003 1672 templi.

1483 1705 1534 1764 O
1565 1705 1756 1781 virgo
1791 1706 2146 1766 ecclesia...

1631 1803 1798 1872 (Ibid.
1826 1823 1883 1862 n.
1914 1805 2018 1860 XL
2030 1804 2213 1868 VIII.)

1482 1898 1668 1957 Nunc
1701 1905 1923 1959 autem
1958 1900 2359 1975 gaudeant...

1667 1994 1833 2059 (Ibid.
1863 2014 1919 2053 π.
1950 1996 2189 2060 XLIX.)

1501 2087 1552 2146 O
1586 2088 1851 2148 orzchis
1882 2084 1929 2168 ¹)
1966 2089 2361 2149 ecclesiae...

1722 2185 1890 2248 (ibid.
1921 2203 1975 2240 n.
2013 2186 2105 2248 1..)

1855 2381 1988 2453 IV.

477 2587 554 2647 Et
591 2590 831 2649 iterum
867 2604 1098 2648 vocem
1133 2587 1360 2650 audivi
1393 2587 1474 2648 de
1509 2589 1695 2648 coelo
1731 2589 2082 2650 dicentem:

1570 2694 1622 2754 Ο
1655 2697 1762 2755 vis
1798 2696 2286 2756 aeternitatis..

1750 2796 1907 2858 (ibid.
1938 2811 1993 2851 π.
2026 2794 2103 2860 I.)

473 2891 569 2952 Et:
1558 2890 1608 2950 O
1642 2906 1844 2950 cruor
1876 2892 2289 2968 sanguinis..

1690 2991 1862 3053 abia.
1894 3008 1949 3045 n.
1989 2988 2143 3052 Vll.)

1567 3083 1618 3144 O
1651 3090 1884 3161 pastor
1918 3085 2359 3145 animarum...
2392 3082 2443 3163 ²)

1717 3183 1877 3245 (ibid.
1906 3199 1962 3239 π.
2003 3180 2124 3247 VI.)

469 3276 674 3352 Nunc,
726 3278 943 3353 Pater,
995 3277 1117 3338 tibi
1166 3278 1449 3353 placeat,
1499 3279 1575 3337 ut
1608 3276 1905 3352 digneris
1952 3282 2107 3336 tuos
2157 3275 2445 3336 liberare
2477 3274 2559 3334 de
2608 3274 2884 3334 miseria
2931 3276 3000 3334 et
3033 3275 3472 3350 languoribus

380 3380 544 3441 suis,
593 3381 760 3441 Nam
807 3387 875 3441 et
923 3380 1191 3457 quidam
1241 3380 1323 3440 de
1372 3382 1552 3441 terra
1603 3380 1927 3453 surrexit,
1985 3380 2102 3457 qui
2153 3380 2221 3438 in
2268 3380 2403 3439 alto
2440 3379 2698 3453 sonuit,
2759 3379 3020 3439 scilicet
3055 3380 3471 3441 lucidissima

380 3486 577 3546 stella
609 3486 992 3546 clarissima
1042 3501 1204 3546 voce
1238 3485 1322 3545 ad
1357 3482 1664 3545 homines
1698 3484 2043 3555 clamavit,
2093 3488 2165 3544 ut
2198 3483 2677 3561 poenitentiam
2720 3482 2802 3542 de
2832 3482 3105 3560 injustis
3153 3483 3470 3560 operibus

378 3592 521 3651 suis
572 3590 887 3673 facerent.
937 3589 1116 3650 Deus
1149 3589 1326 3650 enim
1381 3605 1636 3650 memor
1671 3588 1818 3663 fuit,
1857 3589 2037 3664 quod
2072 3588 2407 3648 hominem
2448 3602 2567 3665 per
2613 3585 3093 3664 poenitentiam
3139 3587 3222 3647 de
3271 3587 3469 3647 malis

379 3696 519 3754 suis
557 3694 625 3753 in
659 3694 865 3754 alium
898 3694 1168 3754 modum
1213 3709 1519 3754 recreare
1555 3693 1788 3753 voluit.

463 3799 646 3859 Unde
679 3799 847 3858 coeli
880 3799 1175 3873 audiant,
1208 3802 1276 3859 et
1308 3804 1490 3858 terra
1522 3801 1788 3873 tremat,
1817 3798 1996 3874 quod
2024 3798 2201 3858 Deus
2229 3798 2567 3858 hominem
2591 3798 3043 3875 poenitentem
3070 3798 3375 3875 suscipit,
3403 3804 3472 3859 et

374 3902 551 3980 quod
583 3919 811 3964 omnes
846 3903 1066 3979 angeli
1102 3903 1290 3963 illum
1326 3903 1391 3962 in
1425 3903 1738 3963 laudibus
1774 3904 2179 3980 recipientes
2211 3908 2641 3964 venerantur.

458 4008 538 4069 Et
592 4008 741 4068 ideo
790 4023 914 4067 vae
963 4006 1215 4067 homini
1250 4008 1348 4068 illi
1380 4008 1498 4084 qui
1539 4007 1874 4067 hominem
1921 4012 2344 4083 peccatorem
2394 4007 2672 4083 spernit,
2724 4007 3038 4083 quoniam
3089 4008 3299 4068 Filius
3346 4007 3462 4066 Dei

367 4113 556 4172 illum
614 4112 682 4172 in
727 4111 1052 4188 sanguine
1086 4126 1209 4171 suo
1245 4109 1549 4185 redemit,
1586 4118 1654 4170 et
1696 4111 2148 4186 poenitentem
2195 4109 2455 4186 recipit.
2505 4109 2804 4168 Primum
2836 4109 3012 4170 enim
3062 4126 3231 4186 opus
3265 4110 3463 4170 Verbi

367 4216 484 4276 Dei
533 4217 600 4277 in
640 4233 803 4276 voce
849 4217 996 4293 ejus
1046 4217 1172 4293 ipsi
1220 4217 1537 4291 occurrit,
1587 4222 1660 4297 et
1703 4216 1796 4275 ita
1845 4216 2093 4276 factum
2141 4221 2266 4277 est.
2316 4214 2563 4275 Deinde
2612 4214 2786 4275 idem
2842 4216 3122 4276 Verbum
3171 4216 3465 4292 parietes

366 4324 705 4385 statuendi
751 4324 1038 4385 aedificii
1072 4324 1318 4400 posuit,
1368 4329 1437 4382 et
1473 4324 1564 4382 ita
1599 4321 1885 4382 mundus
1917 4323 2248 4397 apparuit.
2300 4322 2482 4381 Tunc
2516 4322 2750 4382 oculus
2781 4320 2898 4381 Dei
2935 4321 3217 4382 formam
3255 4322 3466 4382 homi-

365 4431 470 4490 nis
507 4432 810 4508 inspexit,
844 4438 913 4492 et
961 4432 1372 4508 spiraculum
1404 4431 1584 4491 vitae
1617 4430 1682 4489 in
1718 4429 1878 4488 illud
1915 4429 2128 4498 misit,
2164 4436 2231 4488 et
2266 4430 2545 4489 scientia
2579 4445 2694 4490 cor
2737 4430 2917 4490 illius
2951 4431 3212 4491 imbuit.
3247 4431 3328 4492 Et
3361 4431 3461 4492 sic

368 4536 626 4595 coelum
659 4536 927 4611 plenum
963 4535 1110 4610 fuit,
1147 4541 1348 4612 atque
1383 4533 1616 4594 oculos
1650 4531 1957 4608 undiqua
1975 4531 2231 4606 habuit,
2270 4539 2336 4593 et
2368 4532 2642 4593 Domino
2678 4550 2798 4593 suo
2832 4533 3261 4593 ministravit.
3294 4527 3345 4611 ⁸)

456 4641 636 4700 Tunc
670 4639 818 4700 ach!
863 4641 1155 4716 rugiens,
1195 4640 1296 4699 sic
1346 4637 1518 4714 apud
1567 4653 1638 4697 se
1687 4636 1871 4696 dixit:
1930 4636 2088 4708 Vae,
2141 4637 2289 4695 vae!
2345 4638 2561 4697 omnis
2610 4644 2919 4699 creatura
2965 4638 3083 4698 Dei
3134 4636 3463 4713 fulminat,

366 4751 433 4804 et
466 4746 648 4805 nulla
683 4760 943 4805 mecum
976 4745 1099 4804 est.

428 4849 529 4909 Ἐῑ
579 4851 670 4909 ita
706 4849 786 4907 de
836 4863 952 4908 ore
989 4863 1109 4906 suo
1158 4847 1351 4922 quasi
1390 4846 1657 4921 nigrum
1708 4859 1894 4902 mare
1931 4842 2148 4919 flavit,
2203 4841 2389 4921 (quia
2429 4846 2802 4921 corporalis
2852 4864 2980 4907 non
3031 4844 3217 4924 fuit),
3268 4851 3336 4906 et
3384 4847 3469 4906 ad

439 5019 484 5078 ¹)
527 5020 776 5083 Orzchie,
813 5017 896 5075 sic
921 5018 1043 5075 cod.
1078 5015 1314 5072 fortasse
1344 5032 1414 5072 ex
1441 5016 1665 5088 Linque
1689 5020 1880 5088 iynota
1977 5006 2097 5070 tius
2122 5016 2438 5086 appellatus
2462 5016 2518 5072 S.
2549 5017 2834 5089 Rupertus
2859 5032 3028 5087 quem
3055 5018 3111 5074 S.
3141 5016 3463 5072 Disibodus.

373 5103 756 5173 Hildegardis;
783 5121 927 5176 quae
957 5109 1147 5159 tamen
1174 5118 1282 5157 vox
1310 5117 1421 5157 non
1449 5101 1700 5159 occurrit
1727 5102 1878 5157 inter
2036 5100 2085 5166 ⁸)
2113 5101 2384 5156 Diabolus
2401 5099 2458 5154 in
2474 5116 2693 5158 scenam
2713 5102 2852 5164 ruit.
2879 5102 3071 5173 aliquo
3096 5106 3325 5156 notatus
3343 5100 3467 5155 dra-

372 5190 708 5258 glossemata
750 5191 918 5262 paulo
965 5189 1208 5245 inferius
1233 5188 1434 5260 posita.
1466 5219 1532 5229 -
1558 5190 1603 5256 ²)
1646 5188 1756 5243 Hic
1785 5205 1876 5260 po·
1971 5187 2183 5242 matico
2224 5185 2382 5255 signo
2406 5186 2556 5257 quod
2583 5186 2813 5242 excidit.

3271 5284 3308 5321 Q
