4036 6117
676 476 763 537 38
1820 491 1874 534 S.
1937 488 2491 535 unm-:camus

2044 715 2282 776 LXXII.

2030 926 2123 983 De
2173 927 2295 983 ira.

702 1135 806 1196 85.
858 1136 1054 1195 Sexta
1101 1152 1261 1195 vero
1299 1137 1515 1211 imago
1569 1136 1737 1194 iram
1769 1135 2180 1209 pronuntiat,
2219 1149 2389 1209 quae
2425 1132 2532 1192 hic
2569 1134 2873 1209 ignaviae
2905 1133 3129 1193 affinis
3173 1140 3300 1207 est;
3339 1132 3497 1208 quia
3531 1130 3723 1206 igna-

610 1241 723 1300 via
757 1247 1052 1300 meretur
1084 1240 1540 1316 opprobrium,
1576 1255 1696 1315 per
1730 1237 1908 1313 quod
1944 1239 2119 1313 ignis
2155 1239 2293 1296 irae
2343 1237 2753 1312 accenditur,
2792 1243 2864 1297 ut
2898 1237 3258 1313 opprobria
3293 1237 3407 1296 illa
3441 1250 3723 1295 succen-

607 1343 725 1403 dat
755 1349 824 1403 et
855 1350 1221 1405 consumat.
1261 1344 1439 1415 Quae
1477 1342 1716 1402 faciem
1767 1342 2058 1401 hominis
2093 1341 2314 1417 habet,
2353 1344 2669 1418 quoniam
2721 1344 2820 1403 ira
2853 1359 2933 1401 ex
2980 1343 3107 1402 hoc
3157 1344 3223 1401 in
3270 1342 3536 1402 homine
3571 1356 3725 1399 sur-

614 1448 736 1524 git,
773 1449 948 1525 quod
984 1447 1179 1508 homo
1230 1450 1478 1508 malurn
1514 1450 1664 1523 scit,
1715 1454 1991 1524 excepto
2028 1449 2201 1524 quod
2235 1466 2311 1507 os
2344 1449 2492 1524 ejus
2528 1456 2599 1508 ut
2633 1466 2710 1508 os
2759 1450 3138 1524 scorpionis
3171 1454 3299 1523 est,
3347 1448 3506 1524 quia
3543 1445 3725 1506 fren-

607 1552 772 1612 dens
824 1551 1278 1627 homicidium,
1333 1560 1407 1613 ut
1452 1553 1800 1629 percussio
1849 1554 2086 1612 veneni
2136 1553 2373 1612 mortis
2422 1559 2548 1626 est,
2600 1560 2669 1612 et
2716 1553 2891 1629 quod
2934 1553 3314 1628 albuginem
3363 1552 3720 1611 oculorum

614 1659 831 1733 magis
863 1675 1066 1735 quam
1100 1660 1391 1735 pupillas
1427 1665 1801 1734 extorquet,
1839 1660 2155 1735 quoniam
2190 1661 2289 1718 ira
2323 1660 2778 1735 pestilentiam
2815 1660 3062 1719 furoris
3097 1659 3162 1718 in
3198 1659 3561 1718 intentione
3595 1674 3724 1717 sua

608 1767 826 1840 magis
860 1782 1060 1841 quam
1095 1766 1563 1824 rectitudinem
1600 1765 2111 1840 tranquillitatis
2155 1765 2431 1840 profert,
2473 1766 2584 1825 ubi
2622 1766 2816 1825 homo
2851 1781 2972 1824 nec
3021 1766 3342 1841 seipsum,
3380 1779 3504 1822 nec
3537 1763 3718 1821 alios

609 1870 1013 1944 considerat3
1068 1870 1184 1929 sed
1229 1870 1563 1945 justitiam
1612 1876 1943 1945 evertenS,
1996 1872 2193 1946 quasi
2242 1887 2483 1930 caecus
2519 1873 2630 1945 sit,
2681 1873 3017 1947 procellas
3067 1870 3392 1931 furiarum
3439 1870 3719 1928 emittit.

614 1972 899 2033 Brachia
948 1991 1213 2051 quoque
1245 1976 1390 2051 ejus
1440 1975 1736 2035 brachiis
1787 1974 2075 2035 hominis
2125 1977 2608 2050 assimilantur,
2658 1978 2815 2052 quia
2862 1977 3227 2035 dominatio
3278 1977 3417 2034 irae
3465 1974 3727 2051 absque

620 2078 860 2139 timore
890 2079 1007 2139 Dei
1042 2082 1361 2157 potestati
1397 2080 1687 2140 hominis
1723 2081 1786 2139 in
1822 2081 2105 2139 scientia
2140 2082 2297 2140 mali
2334 2084 2733 2156 associatur,
2771 2082 3087 2157 quoniam
3126 2062 3450 2140 Diabolus
3484 2079 3547 2138 in
3582 2095 3727 2138 ma-

615 2182 762 2242 litia
796 2200 918 2243 sua
952 2185 1330 2260 opinionem
1364 2184 1619 2259 habuit,
1657 2202 1809 2244 cum
1845 2186 1969 2244 hoc
2007 2185 2224 2244 facere
2258 2187 2472 2245 voluit
2505 2187 2679 2263 quod
2715 2186 3035 2262 perficere
3067 2202 3198 2245 non
3231 2185 3473 2260 potuit,
3510 2183 3716 2243 homo

612 2292 839 2345 autem
869 2289 1237 2363 nequitiam
1272 2305 1464 2348 suam
1497 2288 1874 2363 cogitando,
1913 2290 2394 2350 considerando
2429 2297 2496 2349 et
2530 2290 2864 2367 operando
2898 2289 3202 2366 perfecit,
3242 2290 3335 2348 ita
3367 2287 3545 2364 quod
3585 2304 3724 2348 ma-

613 2390 858 2450 nifeste
906 2398 1209 2467 apparet.
1246 2392 1372 2452 Sed
1420 2398 1487 2451 et
1521 2393 2009 2453 irrationabilia
2060 2396 2374 2454 animalia
2418 2396 2573 2455 aliis
2622 2395 2954 2454 interdum
2989 2394 3353 2454 laesionem
3401 2391 3723 2466 inferunt,

614 2496 774 2571 quia
822 2495 1132 2554 notitiam
1179 2511 1412 2555 eorum
1457 2512 1587 2556 non
1636 2495 1904 2572 habent;
1957 2498 2292 2557 interdum
2341 2505 2562 2558 autem
2612 2498 2744 2557 alia
2794 2498 2857 2557 in
2909 2496 3205 2556 laesione
3251 2495 3722 2571 praeveniunt,

616 2598 935 2673 quoniam
981 2598 1066 2658 ab
1098 2598 1198 2658 eis
1248 2599 1421 2657 laedi
1455 2600 1710 2675 timent;
1751 2600 2082 2660 interdum
2130 2618 2289 2662 vero
2325 2603 2456 2662 alia
2489 2607 2763 2678 propter
2795 2601 3086 2661 esuriem
3137 2615 3328 2658 suam
3364 2597 3713 2672 invadunt,

617 2708 687 2763 et
718 2719 796 2762 ea
830 2703 1175 2779 collidunt;
1213 2703 1411 2764 homo
1461 2711 1683 2764 autem
1718 2711 1856 2766 tam
1890 2722 1962 2765 se
1994 2706 2383 2782 diligentem
2417 2724 2618 2782 quam
2654 2723 2726 2766 se
2760 2707 2911 2766 odio
2964 2706 3318 2764 habentem
3355 2703 3421 2762 in
3455 2702 3719 2762 malitia

619 2809 760 2868 irae
795 2825 957 2868 suae
991 2808 1292 2883 dilaniat,
1332 2825 1409 2867 ac
1443 2810 1573 2868 sibi
1624 2810 1869 2869 bonum
1908 2812 2177 2870 facienti
2229 2812 2616 2871 multotiens
2663 2813 2912 2870 malum
2946 2826 3066 2885 pro
3113 2809 3286 2868 bono
3322 2807 3557 2866 reddit.
3596 2805 3726 2864 Sed

619 2928 859 2972 manus
893 2912 1039 2987 ejus
1074 2912 1389 2972 incurvae
1423 2920 1578 2972 sunt
1623 2915 1836 2989 longis
1871 2916 2229 2990 unguibuS,
2267 2917 2421 2991 quia
2458 2917 2679 2975 omnia
2727 2931 2931 2991 opera
2964 2915 3111 2988 eJ'us
3143 2929 3353 2990 prona
3399 2919 3466 2972 et
3497 2917 3729 2970 exten-

625 3034 702 3077 sa
735 3016 816 3077 ad
852 3018 1291 3094 rapacitatem
1326 3024 1503 3093 sunt,
1540 3035 1659 3095 per
1694 3035 1865 3096 quae
1898 3021 2102 3080 etiam
2136 3037 2338 3096 opera
2374 3021 2656 3081 aliorum
2693 3022 2758 3080 in
2794 3035 3031 3095 magna
3083 3020 3341 3079 insania
3375 3018 3723 3079 dilacerat.

618 3122 863 3182 Pectus
913 3130 1135 3183 autem
1172 3130 1239 3183 et
1286 3131 1587 3184 ventrem
1633 3131 1699 3184 et
1731 3125 2006 3185 dorsum
2054 3132 2127 3185 ut
2160 3142 2401 3185 cancer
2450 3125 2669 3201 habet,
2707 3127 3022 3203 quoniam
3057 3125 3255 3184 homo
3288 3139 3408 3199 per
3459 3124 3726 3183 iracun-

619 3228 801 3289 diam
837 3230 904 3289 in
938 3228 1319 3289 habitaculo
1372 3230 1693 3290 scientiae
1727 3247 1887 3290 suae
1936 3247 2057 3289 nec
2092 3237 2354 3306 tempus
2389 3233 2598 3306 paciS,
2635 3246 2756 3290 nec
2791 3231 2980 3305 legiS‚
3019 3245 3138 3288 nec
3189 3233 3368 3287 recte
3401 3227 3730 3286 constitu-

614 3339 841 3392 tarum
877 3335 1373 3394 institutionum
1408 3344 1772 3412 computat,
1804 3337 1920 3395 sed
1954 3338 2175 3396 omnia
2204 3335 2367 3395 haec
2401 3337 2459 3394 ei
2497 3336 2935 3396 stabilitatem
2970 3334 3324 3409 dissipant;
3361 3349 3482 3391 nec
3515 3333 3724 3391 etiam

618 3444 895 3515 propter
930 3439 1207 3514 rabiem,
1244 3457 1365 3500 nec
1398 3448 1670 3517 propter
1704 3442 2026 3517 impetum
2063 3442 2534 3515 irritationum,
2573 3457 2741 3517 quas
2780 3441 2845 3499 in
2879 3456 2949 3498 se
2987 3439 3208 3512 habet,
3247 3438 3538 3514 spiritali
3571 3436 3725 3495 cibo

617 3558 692 3602 se
725 3544 965 3618 pascit,
1003 3559 1124 3603 nec
1158 3545 1362 3604 etiam
1397 3549 1774 3622 praeceptis
1808 3546 1924 3604 Dei
1961 3562 2033 3605 se
2068 3550 2321 3618 onerat3
2360 3545 2474 3604 sed
2511 3545 2732 3603 omnia
2774 3545 2957 3619 justa
2992 3549 3059 3602 et
3106 3546 3289 3602 recta
3322 3548 3388 3600 et
3422 3540 3730 3600 modera-

617 3646 863 3705 tionem
916 3661 993 3705 ac
1026 3646 1370 3707 lenitatem
1404 3651 1937 3709 convenientium
1971 3666 2329 3708 causarum
2364 3666 2401 3708 a
2437 3665 2509 3708 se
2543 3648 2831 3724 projicit;
2869 3653 2936 3706 et
2970 3645 3096 3705 hoc
3128 3662 3248 3721 per
3283 3660 3485 3719 rugas
3520 3643 3729 3703 mala-

613 3769 764 3814 rum
789 3754 1332 3814 vicissitudinum
1360 3762 1426 3814 et
1464 3755 1543 3814 ad
1570 3755 1920 3814 Diabolum
1949 3763 2128 3814 retro
2157 3755 2604 3814 incedentium
2633 3753 2814 3828 facit,
2843 3753 3028 3812 velut
3053 3767 3316 3822 cancer,
3349 3755 3724 3809 retrorsum

614 3855 822 3917 vadit.
852 3856 976 3916 Sed
1009 3862 1076 3916 et
1109 3873 1306 3917 crura
1342 3865 1411 3917 ut
1448 3860 1728 3932 locusta,
1759 3866 1825 3918 et
1851 3860 2053 3934 pedes
2081 3865 2154 3918 ut
2180 3860 2408 3936 vipera
2435 3858 2658 3932 habet,
2688 3859 2846 3933 quia
2880 3857 2946 3915 in
2972 3855 3284 3915 cruribus
3311 3854 3455 3913 suis
3481 3869 3725 3912 vanam

616 3962 923 4039 gloriam,
960 3969 1026 4022 et
1062 3963 1126 4022 in
1161 3965 1428 4023 incessu
1463 3980 1583 4023 suo
1619 3964 1937 4023 invidiam
1963 3965 2278 4038 ostendit,
2317 3965 2630 4040 quoniam
2658 3965 2724 4023 in
2749 3979 2920 4023 vana
2953 3961 3166 4036 gloria
3196 3957 3551 4033 superbiae
3575 3973 3719 4017 om-

613 4081 766 4126 nem
795 4066 1129 4141 justitiam
1178 4068 1496 4141 transilit,
1532 4084 1609 4127 ac
1660 4069 1723 4127 in
1762 4067 2009 4127 invidia
2060 4068 2340 4127 dilaniat
2373 4082 2832 4144 quaecumque
2880 4066 3172 4140 diripere
3220 4063 3485 4139 poterit.
3531 4060 3717 4133 Quod

618 4180 843 4234 autem
877 4177 1081 4236 stanti
1118 4183 1302 4237 rotae
1336 4179 1696 4238 molendini
1736 4179 2077 4255 implicata
2110 4186 2235 4255 est,
2273 4179 2397 4239 hoc
2431 4185 2559 4253 est,
2597 4178 2772 4254 quod
2807 4178 2874 4236 in
2907 4183 3088 4236 recto
3125 4176 3361 4235 itinere
3386 4190 3514 4233 non
3549 4174 3726 4232 ince-

616 4276 740 4352 dit,
778 4278 893 4337 sed
942 4279 1118 4355 quod
1157 4282 1222 4339 in
1268 4282 1544 4358 propria
1590 4283 1933 4342 voluntate
1983 4300 2105 4342 sua
2141 4284 2449 4359 quiescit,
2487 4282 2644 4359 quia
2693 4298 2820 4340 non
2864 4280 3319 4355 aliumquam
3355 4293 3472 4336 cor
3520 4293 3718 4336 suum

619 4383 948 4458 sequitur;
988 4384 1080 4442 ita
1114 4385 1288 4460 quod
1324 4386 1631 4445 manibus
1665 4388 1807 4446 suis
1845 4388 2228 4462 superiores
2257 4387 2482 4446 radios
2515 4385 2814 4460 ejusdem
2849 4391 3035 4444 rotae
3063 4388 3266 4454 tenet,
3302 4386 3369 4440 et
3403 4379 3578 4456 quod
3610 4395 3725 4455 pe-

617 4485 816 4546 dibus
850 4487 992 4547 suis
1028 4506 1231 4565 supra
1266 4491 1617 4552 inferiores
1667 4492 1890 4552 radios
1927 4497 2085 4566 stat,
2139 4493 2454 4568 quoniam
2488 4507 2689 4567 opera
2739 4507 2859 4549 sua
2895 4490 2962 4549 in
3009 4489 3412 4548 exaltatione
3447 4486 3720 4546 liberta-

620 4592 712 4651 tis
745 4595 1055 4670 propriae
1102 4596 1471 4657 voluntatis
1522 4614 1681 4657 suae
1730 4598 2047 4658 audacter
2097 4598 2377 4674 perficit,
2415 4599 2527 4658 ubi
2577 4598 2782 4656 etiam
2813 4597 3104 4671 vestigia
3156 4611 3278 4654 sua
3329 4595 3394 4653 in
3442 4592 3508 4652 id
3542 4592 3720 4669 quod

618 4696 917 4758 deterius
967 4699 1033 4759 in
1065 4701 1298 4761 eadem
1346 4702 1656 4762 libertate
1688 4708 1814 4777 est,
1851 4705 2060 4779 ponit;
2113 4704 2271 4779 quia
2304 4720 2434 4762 non
2468 4702 2545 4761 ad
2593 4701 2951 4777 justitiam,
3006 4698 3122 4759 sed
3157 4698 3241 4757 ad
3289 4698 3718 4773 iniquitatem

618 4818 883 4880 semper
919 4806 1145 4867 tendit.
1186 4808 1415 4867 Crines
1451 4814 1675 4868 autem
1710 4807 1776 4868 in
1810 4809 2028 4884 capite
2077 4825 2206 4868 non
2241 4808 2463 4883 habet,
2502 4808 2818 4883 quoniam
2869 4806 3049 4865 omni
3083 4805 3331 4865 honore
3374 4804 3585 4864 bonae
3624 4802 3720 4861 fa-

621 4921 770 4966 mae
802 4913 869 4967 et
918 4911 1159 4969 salutis
1195 4918 1482 4971 mentem
1518 4912 1806 4971 hominis
1860 4913 1957 4970 ira
1991 4912 2302 4984 denudat,
2342 4913 2433 4972 ita
2468 4912 2643 4989 quod
2678 4911 2881 4969 etiam
2935 4907 3131 4969 homo
3166 4906 3326 4984 quid
3375 4907 3620 4966 bonum
3654 4911 3723 4964 et

617 5009 777 5087 quid
810 5011 1063 5087 justum
1100 5014 1209 5087 sit,
1249 5016 1311 5074 in
1349 5016 1448 5074 ira
1485 5033 1604 5075 sua
1640 5033 1767 5076 non
1801 5017 2201 5076 considerat.
2238 5016 2418 5076 Unde
2453 5022 2520 5076 et
2555 5021 2694 5075 toto
2730 5029 3012 5090 corpore
3046 5012 3220 5072 nuda
3272 5019 3399 5086 est,
3437 5010 3595 5086 quia
3631 5011 3721 5067 si-

620 5115 687 5175 bi
726 5124 978 5177 vestem
1029 5121 1466 5186 correctionis
1502 5139 1628 5181 non
1681 5122 2147 5197 circumponit,
2188 5123 2301 5182 sed
2352 5122 2526 5199 quod
2563 5122 2766 5181 etiam
2803 5119 2866 5178 in
2904 5118 3127 5179 furore
3163 5134 3310 5192 suo,
3357 5113 3533 5193 quod
3568 5130 3723 5176 con-
