4036 6117
1281 541 1329 587 11
1389 540 1629 587 Lim-:n
1687 539 1894 586 vrrAE
1954 536 2427 584 nsum-onum
3245 517 3331 576 85

297 664 515 726 tiones
549 670 616 725 ot
666 679 867 740 opera
903 658 1332 723 brachiorum
1375 675 1648 720 suorum
1683 657 2047 718 secundum
2084 656 2492 715 voluntatem
2543 668 2730 712 suam
2765 650 3029 710 emittit.
3080 649 3245 708 Nam
3277 649 3394 725 qui

293 770 755 830 contentiosus
803 774 930 841 est,
967 782 1086 826 nec
1134 766 1571 840 voluntatem,
1608 778 1729 823 nec
1775 762 2134 823 utilitatem
2184 761 2467 819 aliorum
2521 756 2821 831 intendit,
2860 755 2975 816 sed
3024 753 3392 815 secundum

295 875 638 949 propriam
674 873 1087 932 voluntatem
1120 863 1608 929 desideriorum
1644 884 1918 928 suorum
1959 865 2227 926 incedit.
2258 863 2440 925 Unde
2473 862 2676 922 etiarn
2712 861 2985 921 sinistro
3016 853 3064 939 ¹)
3114 856 3393 918 brachio

291 978 586 1038 securim
623 980 823 1052 tenet,
861 992 1060 1053 quam
1095 975 1176 1035 ad
1212 991 1284 1034 se
1318 975 1741 1049 constringit,
1778 974 1936 1049 quia
1971 972 2035 1030 in
2069 969 2406 1030 contrario
2455 969 2693 1027 robore
2744 966 3104 1025 incisiones
3153 962 3393 1023 verbo-

289 1099 430 1142 rum
468 1085 791 1157 ruminat,
829 1099 998 1160 quas
1040 1084 1107 1141 in
1139 1083 1478 1157 perversis
1513 1082 1811 1141 moribus
1847 1080 1927 1139 ad
1965 1097 2036 1139 se
2073 1077 2350 1154 colligit.
2388 1077 2480 1136 Ac
2512 1077 2575 1135 in
2600 1075 2744 1151 ejus
2779 1074 2922 1133 acie
2955 1087 3193 1131 manus
3228 1083 3392 1130 suas

287 1191 560 1264 saepius
597 1190 723 1250 hoc
758 1189 950 1250 modo
985 1188 1314 1262 vulnerat,
1352 1203 1504 1246 cum
1538 1203 1655 1247 eas
1692 1187 1787 1246 illi
1823 1202 1980 1261 prae
2017 1185 2243 1245 furore
2280 1182 2513 1259 injicit,
2552 1182 2643 1240 ita
2678 1177 2853 1256 quod
2886 1177 3091 1237 etiam
3126 1174 3392 1250 sangui-

285 1311 362 1353 ne
395 1311 637 1355 earum
689 1295 903 1371 ipsam
951 1297 1208 1352 vestem
1255 1291 1618 1368 perfundit,
1656 1292 1967 1367 quoniam
2024 1291 2088 1350 in
2132 1291 2442 1350 acutione
2491 1285 2981 1347 contrariorum
3028 1281 3387 1341 verborum

286 1413 491 1475 opera
542 1414 668 1458 sua
719 1397 1102 1474 frequenter
1149 1399 1511 1473 exulcerat,
1565 1412 1717 1456 cum
1768 1395 2171 1471 sibimetipsi
2220 1392 2580 1470 opprobria
2620 1405 2738 1465 per
2787 1388 3114 1449 insaniam
3163 1377 3385 1458 infert;

287 1503 381 1562 sic
417 1501 604 1578 quod
641 1507 708 1561 et
741 1502 1018 1561 crimine
1052 1502 1437 1561 eorumdem
1472 1516 1749 1576 operum
1784 1501 2263 1584 conscientiam
2299 1514 2490 1557 suam
2523 1496 2675 1554 aliis
2716 1492 3029 1567 denudat,
3066 1506 3144 1550 ac
3192 1505 3264 1550 se
3298 1488 3390 1548 ita

285 1613 672 1684 exasperat,
727 1607 900 1684 quod
933 1614 1001 1666 et
1049 1608 1373 1667 conviciis
1425 1624 1498 1666 se
1531 1607 1748 1682 ipsam
1797 1613 1863 1666 et
1897 1607 2068 1666 alios
2104 1602 2472 1677 confundit,
2513 1602 2610 1661 sic
2644 1600 2845 1660 etiam
2883 1600 2950 1658 in
2984 1594 3390 1672 supradictis

285 1713 515 1773 verbis
571 1713 718 1772 suis
766 1711 1171 1772 manifestat.
1223 1711 1347 1771 Sed
1390 1711 1643 1786 judicio
1695 1727 1996 1771 summae
2045 1709 2231 1784 pacis
2275 1709 2335 1768 ei
2385 1708 2813 1783 repugnatur,
2865 1710 2932 1763 et
2963 1707 3037 1763 ut
3086 1700 3391 1761 homines

289 1816 460 1875 idem
497 1817 745 1876 vitium
778 1814 1096 1889 devitent,
1135 1814 1591 1875 exhortantur.
1625 1812 1674 1895 ²)

1703 2038 1984 2102 XLVIII.

1557 2236 1650 2296 De
1700 2236 2130 2315 Infelicitate.

366 2442 473 2504 57.
530 2442 663 2504 Sed
699 2449 886 2503 sexta
920 2443 1139 2519 imago
1176 2443 1635 2504 infelicitatem
1679 2444 2081 2521 praetendit,
2118 2444 2433 2521 quoniam
2468 2447 2620 2516 post
2668 2438 3182 2511 contentionem,
3222 2431 3387 2494 infe-

281 2551 500 2611 licitas
545 2549 659 2611 hic
690 2550 894 2626 venit,
931 2566 1104 2627 quae
1141 2551 1225 2611 ab
1260 2550 1569 2610 omnibus
1619 2552 1813 2611 bonis
1845 2551 1962 2611 Dei
2011 2551 2322 2625 declinat3
2361 2549 2517 2625 quia
2550 2547 2852 2607 homines
2888 2543 3000 2621 qui
3037 2557 3107 2603 se
3154 2539 3385 2600 existi-

278 2660 456 2714 mant
490 2654 786 2713 salutem
820 2653 1090 2729 habere,
1129 2670 1281 2714 cum
1315 2654 1523 2715 Deum
1556 2672 1687 2716 non
1721 2657 1968 2731 colunt,
2007 2661 2291 2716 mortem
2338 2654 2697 2713 incurrent.
2734 2649 2914 2721 Quae
2962 2648 3228 2722 leproso
3264 2641 3385 2702 ho·-

281 2760 435 2819 mini
478 2759 734 2820 similis
767 2762 893 2836 est,
930 2761 996 2819 et
1028 2758 1257 2834 nigros
1291 2762 1572 2837 capillos
1606 2760 1827 2837 habet3
1866 2763 2179 2838 quoniam
2216 2767 2287 2820 ut
2320 2760 2545 2834 leprae
2579 2773 2618 2817 a
2663 2756 2847 2816 sanis
2880 2759 2948 2813 et
2979 2749 3247 2812 mundis
3281 2762 3385 2806 se-

272 2871 507 2942 parata
550 2871 677 2939 est,
716 2881 796 2924 ne
830 2865 912 2924 ab
949 2866 1062 2925 illa
1097 2867 1476 2942 tangantur,
1532 2866 1623 2926 ita
1674 2866 2034 2926 infelicitas
2085 2868 2168 2927 ab
2218 2864 2528 2926 omnibus
2576 2859 2944 2922 virtutibus
2990 2855 3110 2915 Dei
3158 2865 3383 2928 segre-

272 2970 420 3043 gata
454 2973 594 3042 est,
631 2981 753 3025 nec
788 2967 853 3025 in
886 2967 1023 3026 ulla
1058 2967 1365 3027 claritate
1393 2970 1589 3029 lucet.
1621 2969 1744 3029 Sed
1773 2976 1994 3030 tamen
2030 2970 2280 3029 homini
2310 2966 2751 3037 assimilatur,
2782 2962 2940 3039 quia
2973 2974 3127 3018 cum
3152 2965 3384 3016 omnes

275 3073 583 3149 reliquae
618 3079 967 3133 creaturae
998 3074 1131 3134 Deo
1167 3075 1575 3151 obedienteS,
1617 3093 1688 3136 se
1728 3076 1956 3137 felices
2000 3075 2377 3149 ostendant,
2417 3074 2612 3133 homo
2647 3088 2767 3148 per
2792 3067 3196 3129 diabolicam
3229 3077 3385 3137 sug-

274 3177 652 3251 gestionem
695 3175 964 3236 sibimet
1000 3176 1457 3239 infelicitatem
1491 3180 1749 3240 incutit.
1800 3181 1878 3240 Et
1915 3179 2039 3239 hoc
2074 3180 2277 3239 etiam
2314 3179 2379 3237 in
2411 3175 2756 3252 nigredine
2793 3170 3279 3248 superfluarum
3313 3167 3381 3223 et

273 3279 757 3355 multiplicium
791 3281 1219 3357 iniquitatum
1255 3284 1438 3342 velut
1475 3286 1870 3361 capillorum
1907 3285 2219 3360 complet3
2250 3299 2369 3342 nec
2395 3280 2757 3353 erubescit,
2786 3275 2964 3354 quod
3005 3289 3124 3348 per
3158 3271 3381 3330 admo-

273 3388 601 3446 nitionem
637 3388 1040 3463 sapientium
1075 3390 1322 3465 corrigi
1358 3407 1487 3450 non
1519 3393 1684 3451 vult.
1719 3392 1798 3451 Et
1831 3391 2237 3451 indumentis
2273 3395 2478 3463 caret,
2517 3387 2631 3448 sed
2668 3385 2823 3446 latis
2859 3381 3036 3443 foliis
3061 3391 3379 3456 quarum-

274 3491 423 3552 dam
459 3492 829 3554 herbarum
866 3511 938 3554 se
976 3496 1164 3571 tegit,
1202 3498 1518 3572 quoniam
1551 3498 1728 3557 omni
1763 3498 1934 3558 bono
1985 3498 2366 3558 sanctitatis
2398 3493 2754 3566 denudata,
2794 3489 2935 3548 sine
2969 3483 3212 3562 gaudio
3246 3481 3379 3541 sal-

276 3598 575 3658 vationis
609 3604 735 3674 est,
773 3600 1189 3661 latitudinem
1225 3595 1273 3677 ⁸)
1313 3604 1775 3665 instabilitatis
1810 3606 2231 3665 diversarum
2258 3604 2626 3664 vanitatum
2664 3599 2794 3660 sibi
2820 3592 3281 3669 circumponit,
3316 3595 3385 3649 et

272 3713 385 3775 per
420 3701 681 3760 multas
715 3703 1080 3764 varietates
1115 3721 1378 3765 morum
1413 3724 1691 3768 suorum
1727 3709 2117 3770 felicitatem
2153 3707 2398 3769 habere
2433 3707 2669 3780 tentat,
2707 3701 2881 3780 quod
2916 3713 3068 3760 esse
3100 3710 3232 3756 non
3263 3706 3380 3770 po-

273 3806 419 3865 test.
458 3805 562 3865 Ac
597 3806 904 3866 manibus
940 3808 1083 3868 suis
1117 3816 1355 3885 pectus
1391 3828 1585 3872 suum
1622 3815 1933 3890 percutit,
1971 3813 2130 3889 quia
2155 3813 2469 3890 operibus
2503 3810 2646 3870 suis
2673 3801 3148 3868 conscientiam
3183 3812 3376 3859 suam

277 3911 582 3984 accusat,
620 3910 734 3970 ubi
768 3926 889 3986 per
921 3913 1251 3988 pessimas
1285 3918 1707 3992 operationes
1741 3920 2065 3980 interiora
2107 3918 2330 3979 cordis
2365 3918 2467 3977 sui
2502 3912 2909 3984 manifestat,
2960 3906 3273 3985 quoniam
3307 3902 3381 3963 fi-

271 4012 493 4074 delem
542 4028 733 4091 spem
769 4016 851 4075 ad
899 4016 1105 4079 Deum
1139 4036 1272 4080 non
1321 4021 1544 4098 habet,
1585 4024 1703 4084 sed
1752 4025 1929 4084 mala
1962 4024 2255 4100 suspiria
2306 4022 2387 4082 ad
2423 4022 2750 4098 plurimas
2799 4026 3178 4084 aerumnas-1,
3214 4020 3377 4084 que·-

273 4118 705 4179 madmodum
756 4122 960 4181 etiam
1010 4124 1077 4183 in
1127 4125 1459 4186 locutione
1509 4143 1653 4202 sua,
1706 4131 1780 4188 ut
1827 4129 2244 4205 praedictum
2294 4130 2421 4202 est,
2465 4124 2784 4186 declarat.
2823 4119 3000 4181 Unde
3050 4127 3378 4191 responso

275 4224 717 4287 beatitudinis
753 4227 1201 4305 redarguitur3
1239 4232 1305 4291 et
1337 4247 1420 4291 ne
1456 4232 1758 4293 homines
1795 4234 1861 4295 in
1891 4235 2010 4319 ,illa
2044 4233 2500 4310 permaneant,
2533 4228 2917 4290 edocentur.

669 4368 696 4392 x

1679 4458 1977 4519 XLVIIII.

1473 4654 1565 4713 De
1613 4655 2185 4714 Immoderatione.

362 4851 471 4913 58.
523 4850 817 4930 Septima
851 4873 1012 4917 vero
1050 4857 1267 4934 imago
1306 4862 1920 4925 immoderationem
1975 4864 2306 4942 designat,
2358 4880 2529 4942 quae
2564 4863 2672 4923 hic
2723 4858 3184 4921 infelicitatem
3217 4864 3371 4913 con-

278 4968 441 5033 grue
473 4959 858 5038 comitatur;
895 4962 1054 5040 quia
1101 4977 1254 5024 curn
1287 4964 1485 5028 homo
1522 4968 1588 5027 in
1636 4969 1830 5030 bonis
1864 4969 1982 5030 Dei
2031 4970 2304 5032 rebellis
2345 4972 2470 5045 est,
2522 4967 2753 5029 statim
2800 4955 3264 5025 immoderatio
3301 4956 3367 5014 in

278 5078 673 5144 unaquaque
709 5082 803 5141 re,
839 5068 955 5129 ubi
989 5082 1060 5130 se
1092 5070 1434 5133 existimat
1468 5078 1670 5151 stare,
1699 5075 2005 5152 pullulat;
2046 5076 2164 5137 sed
2203 5081 2427 5136 tamen
2453 5074 2546 5136 ibi
2575 5088 2709 5134 non
2740 5064 3181 5147 praevalebit,
3210 5074 3370 5137 quo-

351 5217 394 5279 ¹>
422 5222 480 5273 in
505 5223 727 5277 sinistro
756 5222 820 5277 A.
857 5255 920 5262 —
945 5225 990 5291 ²)
1020 5222 1058 5280 f.
1089 5227 1426 5285 exhortatur.
1460 5261 1528 5270 —-
1551 5229 1595 5298 ⁸)
1623 5232 1714 5288 sed
1739 5231 2089 5289 latitudinem
2112 5228 2203 5285 W.
