4036 6117
673 462 802 522 602

611 594 802 665 vigore
840 594 1163 656 (constanter
1188 590 1286 645 ubi
1320 593 1440 649 edd.
1475 587 1649 645 insito
1690 589 1880 660 vigore
1902 611 2000 665 per
2038 602 2111 649 to·

612 670 723 722 tam
747 665 1049 719 columnam
1077 667 1127 716 et
1151 666 1313 717 etiam
1332 682 1429 738 per
1450 669 1769 736 sequentem)

679 739 784 791 452
811 734 880 789 Α.
911 732 1144 787 humida
1195 733 1522 791 viriditas..
1573 749 1674 788 nec
1723 735 1844 789 sine
1873 735 2113 790 rutilan-

609 814 666 861 te
696 808 848 876 igne,
891 821 994 859 nec
1033 803 1281 859 rutilans
1322 806 1470 875 ignis
1496 804 1617 861 sine
1644 805 1877 860 humida
1914 805 2111 862 viridi-

615 887 752 937 tate.
783 893 885 931 nec
913 877 1036 931 sine
1063 876 1409 946 palpabili...

680 951 743 1006 D.
773 950 908 1004 dum
941 948 1230 1019 plenam...
1262 950 1327 1003 ad
1360 951 1582 1021 plenam
1615 950 1735 1011 (ubi
1759 951 1877 1004 edd.
1907 952 2112 1021 passim

607 1021 1009 1092 perfectam)...
1045 1018 1281 1087 reliquit
1324 1020 1612 1075 lasciviam
1644 1020 1851 1074 mentis
1875 1035 2021 1089 quae
2052 1020 2112 1074 in

607 1092 857 1148 stultitia
892 1104 1111 1144 morum
1142 1095 1250 1151 est,
1279 1093 1372 1146 sed
1402 1108 1529 1146 cum
1560 1090 1779 1160 magnis
1820 1091 2111 1146 laboribus

607 1165 860 1220 sollicite
889 1162 1239 1229 providet...
1270 1164 1741 1219 considerandum
1781 1162 1949 1219 sit....
1980 1178 2108 1217 cum

608 1236 665 1289 in
696 1233 947 1289 stultitia
1019 1232 1260 1288 ueritiae
1290 1234 1421 1289 suit.

677 1311 804 1368 453,
833 1307 940 1358 454
1020 1347 1032 1359 .
1063 1320 1207 1374 quae
1248 1306 1307 1360 in
1336 1302 1584 1362 stultitia
1618 1303 1888 1359 vitiorum
1931 1302 2110 1375 palpi-

608 1384 713 1439 tat.
757 1377 852 1432 sed
898 1374 1023 1429 in...
1057 1375 1199 1430 utile
1239 1378 1339 1441 sit,
1365 1392 1490 1433 cum
1525 1376 1678 1448 prius
1706 1376 1773 1430 ad
1805 1374 2107 1429 infantiam

604 1465 661 1504 se
691 1444 992 1520 pueriliter
1018 1445 1398 1504 declinavit...
1434 1448 1762 1519 priusquam
1796 1446 1983 1502 veniat
2013 1446 2106 1501 ho·

603 1537 660 1574 ra
693 1522 834 1577 (edd.
870 1518 1058 1578 bomo)
1100 1519 1518 1588 purgationis...
1566 1519 1661 1573 ubi
1703 1520 1873 1575 ctiam
1915 1536 2107 1574 occur·

605 1598 740 1645 runt
792 1596 1043 1660 tempora
1088 1605 1232 1658 quae
1280 1592 1337 1647 iu
1387 1591 1716 1660 integritate
1762 1607 1927 1645 sua...
1978 1592 2107 1645 sub-

607 1668 926 1717 murmurat
967 1661 1180 1716 dicens:
1225 1662 1344 1717 Non
1391 1662 1531 1717 mihi
1577 1663 1799 1733 placent
1842 1662 2108 1717 volubili-

611 1741 754 1789 tates
792 1747 932 1802 quas
973 1748 1080 1785 non
1114 1733 1373 1803 intelligo
1413 1742 1603 1789 utrum
1649 1734 1704 1788 in
1734 1734 2109 1804 prosperitate

605 1813 703 1860 aut
735 1805 789 1859 in
819 1803 1171 1858 calumnia...
1204 1811 1261 1857 et
1289 1804 1623 1860 sonantibus
1649 1805 1951 1863 auribus..
2074 1860 2079 1865 ,

678 1877 773 1931 ΙΙΙ
807 1879 948 1930 visio
990 1876 1055 1930 ΙΙ
1083 1880 1279 1946 partis.
1326 1880 1427 1930 453
1471 1876 1530 1931 Β.
1571 1877 1876 1945 imaginem
1920 1881 2107 1930 tantae

606 1946 1023 2014 magnitudinis
1053 1951 1114 1998 ut
1149 1961 1344 2015 magna
1374 1947 1644 2003 civitas..
1681 1949 1738 2002 in
1769 1948 1994 2002 modum
2026 1963 2107 2001 re-

608 2024 680 2073 tis
710 2016 1026 2089 perforatus
1050 2018 1248 2072 mullis
1280 2018 1654 2074 foraminibus
1678 2019 1734 2073 in
1757 2020 1968 2089 quibus
1992 2034 2105 2072 ma-

607 2091 756 2145 xima
787 2088 1098 2143 multitudo
1127 2088 1421 2144 hominum
1452 2090 1826 2146 discurrebat.

675 2164 779 2215 454
806 2160 865 2215 Β.
898 2177 993 2214 eos
1029 2160 1096 2213 ad
1138 2167 1308 2233 caput
1350 2177 1513 2218 suum
1558 2162 1786 2217 trahens
1818 2160 1911 2216 ubi
1949 2162 2016 2215 ad
2045 2177 2107 2215 os

604 2233 727 2303 ejus
755 2231 1039 2287 exierunt.

676 2307 780 2357 455
808 2301 871 2357 A.
900 2303 966 2356 ad
1009 2318 1206 2373 puram
1236 2302 1648 2375 poenitentiam
1694 2320 1915 2367 revoco,
1956 2309 2013 2358 et
2047 2311 2104 2357 tu

608 2380 792 2428 tamen
833 2373 900 2426 ad
941 2373 1337 2430 Diabolum....
1387 2375 1628 2429 diversis
1670 2375 2109 2446 tempestatibus

604 2446 913 2514 fatigant...
962 2444 1018 2498 in
1047 2446 1373 2516 raptoribus
1398 2452 1456 2502 ct
1487 2446 1810 2510 homicidiS.
1854 2448 1916 2502 in
1946 2447 2108 2502 adul-

608 2519 744 2572 teris
771 2522 827 2569 et
857 2513 1321 2572 fornicatoribus.

674 2591 779 2642 456
810 2586 867 2641 Β.
897 2586 1032 2658 quia
1080 2589 1326 2642 nondum
1379 2587 1435 2642 in
1467 2587 1807 2643 fortitudine
1845 2595 2108 2644 constan-

607 2659 718 2713 tiae
759 2674 912 2720 suae,
955 2673 1056 2713 nec
1093 2660 1161 2713 ad
1201 2661 1498 2716 candorem
1532 2660 1934 2732 completionis
1974 2678 2107 2716 suae

603 2730 871 2801 perducta
900 2735 1053 2785 cst...

645 2802 736 2855 D.
770 2800 993 2854 scilicet
1043 2800 1195 2853 nulla
1250 2801 1538 2870 persuasio
1581 2801 1896 2856 diabolicae
1941 2803 2105 2865 arliS‚

606 2889 707 2927 nec
736 2887 890 2926 error
918 2871 1297 2927 claudicantis
1325 2873 1542 2944 populi,
1574 2889 1675 2927 nec
1702 2871 1940 2929 diffusae
1971 2881 2109 2929 tem-

605 2948 854 3014 pestates
885 2942 941 2996 in
970 2942 1212 2997 diversis
1245 2945 1475 3005 terriS...

673 3018 778 3069 457
809 3015 867 3069 D.
899 3013 1061 3085 quasi
1107 3030 1203 3081 per
1229 3032 1290 3071 os
1324 3018 1520 3071 beatae
1551 3013 1748 3069 matris
1788 3015 2107 3082 (ecclesiae,

604 3088 927 3146 scilicetmbi
939 3086 1277 3142 edd.Mariac
1291 3092 1324 3150 ).
1338 3133 1348 3141 .
1362 3087 1571 3144 ‚eadem
1591 3092 1769 3141 matre
1784 3087 2104 3157 patiente...

674 3161 779 3210 458
808 3157 871 3211 A.
903 3174 1241 3212 conservans
1272 3159 1659 3227 virginitatem
1690 3175 1915 3214 suam...

674 3230 778 3280 459
803 3227 860 3282 Β.
881 3229 1254 3292 demonstrat,
1272 3230 1554 3299 quomodo
1575 3230 1974 3302 supradictum
1998 3236 2100 3288 est.

675 3301 779 3351 460
807 3298 872 3353 A.
905 3301 1127 3356 erexi...
1162 3301 1484 3370 praevidi...

674 3372 770 3422 461
807 3370 871 3424 A.
907 3371 963 3425 in
997 3372 1290 3426 viriditate
1326 3371 1664 3440 germinis...
1710 3375 1808 3438 (sic
1845 3371 2106 3427 viriditas

602 3444 718 3513 sere
741 3458 942 3512 semper
964 3461 1064 3514 pro
1090 3442 1302 3496 virtute
1328 3446 1477 3508 edd.)

607 3583 631 3636 s
676 3515 780 3564 463
809 3512 872 3565 A.
921 3514 1417 3584 concupiscentiae
1462 3516 1647 3570 calore
1692 3519 1748 3569 et
1795 3531 2107 3570 venenosae

629 3588 877 3637 acturae.

681 3653 739 3707 Β.
775 3652 831 3705 in
864 3652 1116 3720 ingluvie
1145 3654 1366 3710 Diaboli
1398 3655 1735 3728 deceptuose
1761 3657 2067 3727 subrepsit.

678 3725 781 3777 464
811 3724 868 3779 Β.
902 3725 1213 3779 secundum
1239 3727 1388 3795 qiiod
1419 3726 1625 3782 iterum
1656 3743 1754 3798 per
1788 3727 2105 3784 doctrinam

607 3793 712 3849 lilii
747 3795 854 3849 mei
888 3795 944 3848 in
973 3797 1327 3862 evangelium
1359 3798 1633 3870 scriptum
1663 3803 1816 3854 est...

679 3869 783 3947 467
822 3865 907 3922 IV
941 3871 1083 3924 visio
1111 3869 1384 3941 Ilpartis.
1421 3870 1478 3926 Β.
1509 3870 1657 3939 quod
1686 3868 1860 3923 etiam
1894 3875 2103 3925 tectum

610 3942 787 3990 turris
830 3936 988 3993 illius
1025 3939 1174 4008 quod
1217 3957 1274 3995 se
1317 3942 1473 3995 velut
1515 3942 1572 3996 in
1612 3956 1815 3997 conum
1853 3950 2110 3997 erexerat

609 4007 665 4061 in
707 4007 969 4063 claritate
1007 4011 1258 4082 ejusdem
1300 4011 1535 4081 fulgoris
1569 4011 1932 4068 manifestius
1961 4013 2109 4069 vide·

607 4084 833 4134 retur...

678 4153 782 4203 469
808 4150 865 4205 C.
901 4152 1253 4221 rapacissimi
1280 4153 1398 4225 lupi
1427 4154 1665 4211 diversis
1686 4154 2112 4210 calamitatibus

606 4220 984 4278 dissecabant.

677 4293 780 4344 475
810 4293 867 4347 Β.
909 4292 1115 4350 Vvisio
1146 4295 1212 4349 ΙΙ
1225 4299 1425 4367 partis.
1479 4297 1613 4351 Post
1650 4296 1785 4351 haec
1816 4296 1930 4351 vidi
1959 4297 2109 4365 quod

603 4361 911 4432 praefatam
937 4365 1232 4419 mulierem
1259 4367 1632 4434 imaginem...
1668 4384 1832 4438 supra
1869 4385 2110 4438 quorum

610 4433 848 4489 vertices
871 4436 1195 4490 similitudo
1220 4439 1430 4503 gloriae
1457 4437 1764 4493 ineffabilis
1785 4438 2107 4496 Trinitatis.

677 4507 772 4557 tsi
811 4506 867 4560 B.
899 4506 1045 4574 Quia
1078 4508 1260 4562 lilium
1294 4525 1477 4564 meum
1512 4511 1568 4565 in
1600 4510 1954 4575 virginitatis
1978 4512 2114 4567 flore

606 4590 712 4656 per‘
747 4575 1102 4644 virginitatis
1141 4596 1386 4634 amorem
1419 4581 1630 4635 imitati
1662 4589 1816 4643 sunt,
1846 4588 1901 4636 et
1929 4584 2112 4654 exspi-

606 4653 855 4700 rationes
900 4664 1163 4703 s‹mormn
1212 4651 1519 4721 spirituum
1561 4658 1615 4705 et
1656 4654 1906 4718 germina
1948 4671 2111 4709 cano-

605 4733 732 4771 rum
777 4720 1067 4774 sonituum
1110 4729 1165 4777 et
1207 4723 1455 4777 volantia
1511 4732 1840 4779 ornamenta
1887 4743 2111 4798 prospe·

606 4805 796 4842 rarum
830 4792 1176 4849 mentium...

678 4865 782 4915 509
805 4863 868 4917 A.
906 4863 985 4918 VJ
1007 4867 1144 4919 nisio
1175 4865 1239 4919 ΙΙ
1256 4870 1450 4937 partis.
1484 4866 1616 4919 Vidi
1642 4867 1801 4934 quasi
1826 4869 2107 4936 quoddam

604 4933 783 4985 altare
812 4935 876 4986 ad
906 4933 1054 5004 qnod
1088 4935 1202 5004 ipsa
1235 4936 1562 5004 frequenter
1593 4937 1914 5000 accedebat,
1940 4947 1995 4993 et
2028 4939 2107 4994 ibi

604 5002 792 5055 dotem
825 5020 980 5058 suam
1011 5006 1213 5060 devote
1242 5007 1492 5061 revisens
1519 5008 1872 5065 ostendebat.

641 5144 651 5155 ·
678 5078 780 5126 525
815 5077 872 5130 D.
898 5076 1046 5143 Quid
1076 5084 1155 5131 est
1189 5079 1392 5134 hot-22...
1420 5080 1565 5132 sieut
1594 5082 1790 5133 botrus
1811 5081 1967 5152 cypri
2002 5080 2111 5134 l'or-

612 5147 889 5200 tissimaiu
940 5149 1353 5216 plenitudinem
1397 5149 1707 5220 potationis
1750 5151 1804 5206 in
1843 5169 1901 5207 se
1928 5152 2109 5206 conti·

609 5222 727 5278 net,
758 5218 836 5272 sic
866 5219 1037 5272 etiam
1071 5220 1408 5275 excellentia
1431 5238 1573 5291 quac
1604 5223 1661 5277 iu
1689 5221 1996 5292 Unigenito
2028 5224 2107 5278 in-

1827 479 1876 526 S.
1935 477 2476 527 tllbnbzflanbls

2200 593 2558 655 deiicientem
2584 594 3035 665 magnitudinem
3062 597 3118 651 in
3148 615 3206 653 se
3229 595 3420 661 habet,
3448 596 3521 652 ita
3546 597 3700 670 quod

2204 666 2350 721 idem
2393 667 2547 723 tilius
2588 669 2682 724 Dei
2727 684 3032 738 numquam
3076 669 3179 726 hoc
3210 670 3371 725 modo
3405 669 3701 725 exhaurie-

2205 743 2318 801 tur.
2359 739 2499 810 quin
2541 747 2737 812 potum
2770 740 2918 795 vitae
2944 740 3279 797 sitientibus
3306 758 3524 813 semper
3567 743 3700 797 dare

2203 811 2447 880 possit...

2271 886 2376 935 549
2401 884 2467 938 A.
2492 882 2796 938 consilium
2825 889 3120 951 quaerent,
3148 891 3206 941 et
3236 886 3390 939 velut
3418 900 3447 936 a
3476 885 3699 953 pontiti·

2198 953 2364 1008 cibus
2400 960 2457 1009 et
2496 954 2885 1009 sacerdotibus
2929 955 3308 1011 eruditionem
3354 958 3610 1026 capient.
3644 963 3703 1011 et

2203 1030 2337 1079 tunc
2367 1028 2521 1081 velut
2550 1026 2620 1079 ab
2647 1027 2983 1097 apostolis...

2272 1100 2374 1150 554
2404 1095 2470 1151 A.
2500 1097 2773 1164 Quamvis
2801 1112 2901 1163 ego
2927 1096 2995 1150 de
3021 1097 3194 1152 coelis
3223 1098 3508 1167 projectus
3547 1114 3699 1159 sum,

2196 1182 2373 1236 quum
2403 1174 2596 1223 contra
2626 1168 2986 1222 Altissimum
3016 1169 3276 1239 praeliari
3310 1170 3534 1230 vellem,
3564 1185 3705 1238 quo-

2198 1234 2349 1293 niam
2383 1240 2545 1294 abeo
2575 1239 3021 1295 vinctus-sum...
3047 1241 3179 1310 quia
3208 1240 3374 1295 bomo
3396 1241 3540 1295 mihi
3569 1258 3699 1295 con-

2197 1312 2397 1369 sensit.
2438 1317 2495 1365 et
2537 1312 2648 1365 Deo
2687 1327 2795 1365 non
2837 1311 3111 1367 obedivit.
3158 1311 3311 1368 Haec
3338 1312 3613 1368 Diabolus
3643 1314 3700 1368 in

2198 1384 2504 1452 semetipso
2533 1384 2784 1451 loqueuS.

2269 1458 2373 1507 555
2402 1456 2467 1509 A.
2508 1453 2619 1509 Vn
2642 1458 2779 1508 visio
2806 1453 2873 1507 11
2890 1456 3087 1526 partis.

2269 1530 2372 1578 357
2401 1526 2459 1580 C.
2495 1525 2766 1579 vermis...
2818 1540 3038 1578 sursum
3079 1525 3328 1588 inhians,
3370 1529 3435 1579 ut
3467 1541 3564 1579 eos
3601 1523 3701 1592 qui

2196 1593 2264 1647 ad
2304 1596 2571 1650 coelestia
2616 1596 2856 1649 tendunt
2887 1613 2939 1667 p.
2972 1596 3026 1650 d.
3060 1612 3103 1652 s,
3135 1596 3437 1667 dejiciat...
3471 1612 3575 1667 per
3614 1597 3701 1650 Pi·

2201 1666 2340 1720 lium
2389 1667 2490 1722 Dei
2533 1667 2681 1721 vires
2723 1667 2902 1737 ipsius
2948 1675 3250 1722 evacuatae.
3301 1674 3506 1722 sunt...
3553 1666 3705 1721 tanti

2200 1737 2448 1792 horroris
2474 1744 2531 1792 ct
2560 1738 2813 1792 insaniae
2843 1736 3124 1799 rideatur.
3154 1739 3304 1793 ultra
3329 1753 3499 1808 quam
3532 1738 3705 1792 homo

2195 1808 2354 1864 effari
2389 1815 2640 1880 potest...

2268 1882 2473 1953 Incipit
2496 1885 2658 1937 tertia
2678 1898 2813 1953 pars
2838 1880 2974 1935 libri
2998 1880 3216 1936 Scivias
3238 1880 3505 1951 simplicis
3530 1880 3702 1935 homi-

2193 1956 2300 2007 nis.
2338 1955 2526 2007 Prima
2566 1955 2705 2008 visio
2730 1955 2925 2007 tertiae
3030 1955 3149 2007 rtis.
3182 1968 3235 2022 p.
3269 1955 3375 2004 565
3402 1951 3468 2006 A.
3500 1951 3577 2005 Et
3602 1966 3705 2017 ego

2195 2025 2429 2079 homo...
2470 2038 2615 2093 quae
2645 2039 2756 2077 non
2796 2039 2917 2076 sum
2988 2022 3114 2090 igna
3145 2022 3430 2077 nominari
3462 2022 3699 2076 homo...

2198 2096 2495 2150 habentem
2550 2093 2794 2149 ferreum
2833 2096 3147 2149 colorem...
3194 2094 3462 2148 thronum
3507 2098 3705 2147 rotun·

2193 2168 2327 2222 ‹lum
2372 2167 2429 2222 in
2474 2182 2587 2237 quo
2633 2166 2863 2221 sedebat
2907 2164 3137 2234 quidam
3181 2165 3412 2236 juvenis
3456 2165 3702 2234 perluci-

2195 2240 2369 2295 dus...
2416 2244 2479 2292 ut
2519 2238 2846 2291 nullatenus
2883 2252 3012 2291 eum
3054 2252 3272 2307 possem
3305 2236 3593 2291 intueri...
3639 2235 3701 2288 li-

2193 2327 2348 2365 mum
2383 2309 2604 2375 nigrum
2634 2315 2690 2363 et
2721 2310 3094 2366 lutulentum.
3125 2313 3314 2362 tantae
3347 2305 3700 2367 latitudiniS.

2194 2388 2258 2436 ut
2286 2381 2532 2450 alicujus
2554 2379 2743 2447 magni
2775 2378 3024 2433 hominis
3047 2385 3243 2451 pectus
3265 2385 3418 2434 est...

2265 2456 2372 2506 576
2409 2454 2474 2507 A.
2522 2452 2673 2506 Idem
2721 2451 2913 2505 Goliat
2960 2450 3175 2508 inscius
3221 2450 3430 2506 virium
3480 2446 3700 2508 David.

2194 2539 2321 2580 eum
2367 2539 2593 2594 prorsus
2634 2540 2731 2595 pru
2773 2522 2956 2578 nihilo
2995 2530 3330 2593 computans
3371 2518 3703 2591 vilipendit.

2195 2597 2276 2652 sic
2303 2601 2627 2651 constructa
2660 2595 2923 2662 superbia
2959 2594 3183 2650 Diaboli
3226 2590 3573 2664 contempsit
3607 2592 3703 2643 hu·

2197 2668 2501 2723 militatem
2532 2666 2588 2720 in
2620 2667 2976 2720 humanitate
3006 2666 3135 2721 Filii
3165 2665 3336 2721 Dei...

2268 2740 2335 2794 ΙΙ
2352 2743 2488 2794 nisio
2511 2738 2608 2792 111
2620 2742 2815 2810 partis.
2839 2743 2942 2792 577
2960 2737 3018 2792 Β.
3037 2736 3252 2791 Deinde
3277 2735 3389 2790 vidi
3415 2735 3484 2789 de
3506 2733 3704 2787 eodeni

2196 2810 2423 2865 sedente
2453 2810 2509 2863 in
2544 2809 2814 2864 throno...
2844 2825 2971 2864 cum
3003 2810 3153 2862 nube
3183 2808 3423 2861 thronus
3444 2806 3702 2877 ejusdem

2197 2881 2445 2937 sedentis
2496 2881 2716 2950 positus
2755 2887 2943 2936 erat...
2988 2879 3068 2933 ita
3105 2879 3256 2949 quod
3299 2878 3449 2933 idem
3484 2877 3702 2947 lapis...

2195 2961 2249 3008 et
2290 2952 2437 3022 quod
2487 2952 2633 3006 idem
2678 2968 2904 3007 mons...
2956 2951 3115 3006 urbis
3161 2950 3590 3020 quadrangulae
3632 2947 3709 3001 l'a-

2193 3032 2348 3082 ctum
2391 3023 2811 3094 aliquantulum
2857 3023 2912 3077 in
2952 3022 3252 3094 obliquum
3301 3022 3581 3094 positum.
3627 3019 3706 3075 ita

2194 3099 2342 3168 quod
2371 3096 2494 3165 ejus
2517 3097 2825 3160 angulus...

2266 3173 2370 3223 583
2409 3167 2466 3223 C.
2514 3167 2609 3221 ubi
2652 3164 3085 3237 comprehendis
3122 3163 3335 3219 Christi
3381 3163 3705 3221 cohortem.

2192 3256 2335 3309 quae
2378 3241 2509 3293 haec
2549 3238 2870 3292 aedificatio
2908 3244 2992 3291 est
3025 3238 3079 3291 in
3110 3236 3367 3291 bonitate
3395 3233 3604 3293 Patris,
3648 3239 3707 3286 et

2193 3312 2341 3379 qnod
2373 3311 2606 3366 homo...
2641 3309 2788 3364 unde
2816 3317 2871 3364 et
2902 3308 3020 3378 ipsa
3049 3309 3161 3362 duo
3190 3322 3390 3378 genera
3431 3306 3487 3360 in
3516 3319 3702 3358 unum

2196 3383 2529 3438 coadunata.

2269 3456 2331 3510 D.
2369 3451 2684 3522 incoepit...
2731 3450 2969 3506 scientia
2998 3449 3134 3505 boni
3167 3450 3222 3505 in
3251 3450 3389 3511 Noe,
3418 3454 3481 3503 ut
3517 3447 3575 3501 in
3608 3463 3707 3499 an-

2195 3527 2327 3590 gulo
2365 3523 2654 3582 orientali.
2696 3522 2847 3577 sicut
2876 3523 3226 3605 praedictum
3255 3527 3363 3583 est,
3404 3520 3499 3576 scd
3529 3534 3704 3588 quam

2198 3597 2254 3651 in
2284 3597 2397 3652 Noe
2423 3594 2761 3649 ammonitio
2788 3596 2886 3649 Dei
2918 3600 3241 3649 erexerat...

2267 3668 2366 3722 111
2397 3671 2538 3723 visio
2577 3667 2671 3721 ΙΙΙ
2703 3669 2882 3736 partis
2921 3665 2959 3720 l'.
3007 3670 3124 3722 123.
3170 3683 3224 3735 p.
3267 3667 3366 3718 591
3410 3661 3546 3726 (Hic
3581 3662 3708 3715 illie

2194 3757 2348 3795 eraso
2375 3744 2549 3800 corio,
2572 3740 2633 3808 fit
2658 3742 2839 3792 textus
2862 3741 3039 3809 nangis
3060 3743 3328 3793 correctus
3364 3741 3414 3789 et
3438 3733 3702 3805 amplior.

2194 3813 2285 3866 sed
2312 3813 2449 3866 idem
2475 3813 2589 3880 sere
2615 3814 2675 3861 ut
2703 3811 2762 3862 in
2788 3810 2935 3871 edd.)

2268 3885 2364 3934 601
2399 3882 2464 3935 A.
2499 3879 2583 3934 IV
2606 3881 2747 3933 visio
2774 3879 2870 3934 ΙΙΙ
2886 3881 3087 3951 partis.
3121 3877 3159 3934 s.
3196 3881 3313 3932 128.

2270 3955 2372 4004 603
2400 3952 2466 4006 Α.
2502 3951 2558 4005 in
2586 3955 2748 4004 acuta
2773 3950 3066 4004 Deitate...

2270 4023 2332 4077 D.
2364 4023 2495 4092 quia
2539 4037 2635 4091 per
2673 4021 2862 4074 omnia
2904 4037 3002 4091 per
3040 4018 3432 4076 acutissimam
3481 4013 3706 4073 Divini-

2203 4097 2373 4146 tatem
2402 4094 2771 4162 expirabatur
2800 4093 2902 4146 hoc
2935 4097 3224 4162 tempuS...

2272 4168 2369 4219 611
2412 4165 2457 4219 V
2478 4168 2616 4219 visio
2646 4163 2740 4218 111
2757 4167 2957 4235 partis.
2993 4162 3029 4219 l'.
3067 4167 3186 4219 133.

2272 4239 2374 4288 624
2401 4236 2467 4291 Α.
2514 4236 2866 4305 lacrymabili
2899 4251 3065 4296 opera
3097 4231 3252 4305 pravi
3280 4230 3471 4300 operis
3497 4230 3589 4292 (ab
3613 4231 3706 4284 Itis

2198 4309 2417 4362 vocibus
2436 4311 2711 4379 sequentia
2734 4311 2793 4362 in
2821 4308 2883 4369 Β.
2913 4307 2974 4366 C,
3001 4306 3062 4361 D.
3088 4309 3414 4360 omittuntur
3435 4318 3604 4381 usque
3627 4302 3707 4354 ad

2200 4376 2390 4434 verba}
2429 4387 2490 4431 ut
2535 4378 2818 4442 hominem
2861 4392 3024 4446 quem
3063 4375 3428 4436 formaverat,
3466 4371 3707 4427 redime-

2202 4455 2309 4505 rrl.
2343 4451 2456 4520 sere
2483 4453 2539 4504 in
2566 4451 2672 4518 fine
2698 4453 2929 4504 visionis
2962 4448 3049 4506 V.)

2275 4524 2377 4573 625
2406 4520 2469 4574 A.
2512 4520 2594 4575 VI
2610 4525 2750 4576 visio
2778 4520 2875 4574 111
2889 4523 3070 4592 partis
3097 4517 3133 4574 l'.
3171 4520 3291 4572 141.

2274 4594 2378 4643 642
2413 4591 2526 4646 1⁷11
2546 4596 2688 4646 visio
2715 4591 2815 4645 ΙΙΙ
2832 4596 3026 4661 partis.
3061 4589 3097 4645 s.
3134 4593 3251 4643 150.

2275 4666 2372 4715 651
2418 4661 2559 4716 VIII
2581 4666 2722 4717 visio
2749 4662 2849 4717 111
2857 4665 3059 4734 partis.
3094 4660 3129 4716 s.
3170 4663 3289 4714 155.

2273 4736 2377 4785 675
2405 4732 2491 4787 IX
2515 4737 2656 4789 visio
2683 4733 2783 4787 ΙΙΙ
2800 4737 2996 4806 partis.
3030 4732 3068 4788 l'.
3101 4733 3219 4787 168.

2272 4806 2374 4854 693
2402 4803 2457 4856 Χ
2480 4808 2620 4859 visio
2649 4805 2748 4859 ΙΙΙ
2804 4811 2910 4859 art.

2275 4876 2377 4925 709
2418 4873 2509 4927 Χ]
2545 4878 2687 4930 visio
2766 4877 2829 4930 11
2867 4878 3064 4945 partis.
3110 4873 3245 4927 Inde
3281 4875 3557 4944 incipiunt
3604 4869 3703 4925 Ge-

2199 4945 2422 5000 bevionis
2457 4946 2790 5016 fragmenta,
2828 4952 2990 5016 cujus
3026 4949 3134 5000 duo
3157 4945 3307 4998 codd.
3346 4949 3506 4998 erunt
3534 4949 3599 5002 A,
3635 4942 3703 5003 B,

2206 5016 2503 5070 Palatinus
2522 5035 2647 5070 vero
2676 5018 2734 5071 P.
2768 5017 2893 5071 Tres
2911 5019 3062 5072 codd.
3082 5018 3441 5075 consentiunt,
3461 5015 3558 5068 ubi
3581 5014 3703 5065 nut-

2202 5086 2258 5140 la
2313 5088 2495 5140 littera
2534 5091 2781 5159 ponitur.
2837 5087 2985 5143 Visio
3022 5094 3097 5142 est
3132 5088 3375 5157 quinque
3412 5086 3705 5139 bestiarum

2201 5159 2532 5211 Antichristo
2569 5163 2944 5230 praeviarum,
3024 5175 3221 5212 uarum
3259 5173 3369 5210 una
3397 5163 3515 5210 erat
3549 5157 3705 5209 canis

2200 5230 2390 5298 iyneus
2426 5231 2517 5284 sed
2552 5247 2660 5283 vion
2696 5231 2913 5290 ardens,
2942 5247 2976 5283 α
3005 5236 3119 5284 tera
3160 5229 3239 5283 leo
3283 5228 3494 5297 sulvus,
3541 5229 3701 5281 tertia
