<?xml version="1.0" encoding="UTF-8"?>
<!DOCTYPE html PUBLIC "-//W3C//DTD XHTML 1.0 Transitional//EN"
    "http://www.w3.org/TR/xhtml1/DTD/xhtml1-transitional.dtd">
<html xmlns="http://www.w3.org/1999/xhtml" xml:lang="en" lang="en">
 <head>
  <title>
</title>
<meta http-equiv="Content-Type" content="text/html;charset=utf-8" />
  <meta name='ocr-system' content='tesseract 3.04.00' />
  <meta name='ocr-capabilities' content='ocr_page ocr_carea ocr_par ocr_line ocrx_word'/>
</head>
<body>
  <div class='ocr_page' id='page_1' title='image "analectasacrasp05pitrgoog_0533.png"; bbox 0 0 4036 6117; ppageno 0'>
   <div class='ocr_carea' id='block_1_1' title="bbox 1625 435 3288 506">
    <p class='ocr_par' dir='ltr' id='par_1_1' title="bbox 1625 435 3288 506">
     <span class='ocr_line' id='line_1_1' title="bbox 1625 435 3288 506; baseline -0.005 0"><span class='ocrx_word' id='word_1_1' title='bbox 1625 459 2007 506; x_wconf 63' lang='lat' dir='ltr'>camum.</span> <span class='ocrx_word' id='word_1_2' title='bbox 3157 435 3288 497; x_wconf 72' lang='lat'>465</span> 
     </span>
    </p>
   </div>
   <div class='ocr_carea' id='block_1_2' title="bbox 1656 684 1953 742">
    <p class='ocr_par' dir='ltr' id='par_1_2' title="bbox 1656 684 1953 742">
     <span class='ocr_line' id='line_1_2' title="bbox 1656 684 1953 742; baseline 0 0"><span class='ocrx_word' id='word_1_3' title='bbox 1656 684 1953 742; x_wconf 72' lang='lat' dir='ltr'>CastitaS.</span> 
     </span>
    </p>
   </div>
   <div class='ocr_carea' id='block_1_3' title="bbox 261 842 3357 1128">
    <p class='ocr_par' dir='ltr' id='par_1_3' title="bbox 261 842 3357 1128">
     <span class='ocr_line' id='line_1_3' title="bbox 344 842 3357 933; baseline -0.006 -15"><span class='ocrx_word' id='word_1_4' title='bbox 344 856 692 930; x_wconf 86' lang='lat' dir='ltr'>Quomodo</span> <span class='ocrx_word' id='word_1_5' title='bbox 727 859 959 933; x_wconf 84' lang='lat' dir='ltr'>posset</span> <span class='ocrx_word' id='word_1_6' title='bbox 1006 868 1110 913; x_wconf 90' lang='lat' dir='ltr'>me</span> <span class='ocrx_word' id='word_1_7' title='bbox 1144 852 1271 912; x_wconf 92' lang='lat' dir='ltr'>hoc</span> <span class='ocrx_word' id='word_1_8' title='bbox 1305 854 1601 926; x_wconf 84' lang='lat' dir='ltr'>tangere,</span> <span class='ocrx_word' id='word_1_9' title='bbox 1653 851 1831 927; x_wconf 87' lang='lat' dir='ltr'>quod</span> <span class='ocrx_word' id='word_1_10' title='bbox 1867 857 1982 910; x_wconf 86' lang='lat' dir='ltr'>tua</span> <span class='ocrx_word' id='word_1_11' title='bbox 2016 849 2361 924; x_wconf 82' lang='lat' dir='ltr'>suggestio</span> <span class='ocrx_word' id='word_1_12' title='bbox 2411 846 2653 924; x_wconf 89' lang='lat' dir='ltr'>polluit</span> <span class='ocrx_word' id='word_1_13' title='bbox 2688 861 2808 921; x_wconf 87' lang='lat' dir='ltr'>per</span> <span class='ocrx_word' id='word_1_14' title='bbox 2861 842 3357 905; x_wconf 83' lang='lat' dir='ltr'>immunditiam</span> 
     </span>
     <span class='ocr_line' id='line_1_4' title="bbox 263 953 3357 1036; baseline -0.006 -12"><span class='ocrx_word' id='word_1_15' title='bbox 263 964 596 1023; x_wconf 68' lang='lat' dir='ltr'>incestus?</span> <span class='ocrx_word' id='word_1_16' title='bbox 629 964 844 1023; x_wconf 89' lang='lat' dir='ltr'>Unum</span> <span class='ocrx_word' id='word_1_17' title='bbox 879 960 1099 1019; x_wconf 91' lang='lat' dir='ltr'>virum</span> <span class='ocrx_word' id='word_1_18' title='bbox 1130 958 1406 1036; x_wconf 89' lang='lat' dir='ltr'>protuli,</span> <span class='ocrx_word' id='word_1_19' title='bbox 1442 957 1557 1033; x_wconf 89' lang='lat' dir='ltr'>qui</span> <span class='ocrx_word' id='word_1_20' title='bbox 1592 972 1802 1031; x_wconf 84' lang='lat' dir='ltr'>genus</span> <span class='ocrx_word' id='word_1_21' title='bbox 1838 956 2203 1016; x_wconf 86' lang='lat' dir='ltr'>humanum</span> <span class='ocrx_word' id='word_1_22' title='bbox 2240 953 2319 1014; x_wconf 90' lang='lat' dir='ltr'>ad</span> <span class='ocrx_word' id='word_1_23' title='bbox 2357 967 2428 1013; x_wconf 90' lang='lat' dir='ltr'>se</span> <span class='ocrx_word' id='word_1_24' title='bbox 2463 954 2830 1026; x_wconf 78' lang='lat' dir='ltr'>congregat</span> <span class='ocrx_word' id='word_1_25' title='bbox 2863 957 3101 1012; x_wconf 86' lang='lat' dir='ltr'>contra</span> <span class='ocrx_word' id='word_1_26' title='bbox 3139 954 3203 1012; x_wconf 90' lang='lat' dir='ltr'>te</span> <span class='ocrx_word' id='word_1_27' title='bbox 3236 964 3357 1026; x_wconf 91' lang='lat' dir='ltr'>per</span> 
     </span>
     <span class='ocr_line' id='line_1_5' title="bbox 261 1070 934 1128; baseline -0.004 -1"><span class='ocrx_word' id='word_1_28' title='bbox 261 1070 685 1128; x_wconf 83' lang='lat' dir='ltr'>nativitatem</span> <span class='ocrx_word' id='word_1_29' title='bbox 721 1081 934 1126; x_wconf 88' lang='lat' dir='ltr'>suam.</span> 
     </span>
    </p>
   </div>
   <div class='ocr_carea' id='block_1_4' title="bbox 1663 1198 1974 1258">
    <p class='ocr_par' dir='ltr' id='par_1_4' title="bbox 1663 1198 1974 1258">
     <span class='ocr_line' id='line_1_6' title="bbox 1663 1198 1974 1258; baseline 0 0"><span class='ocrx_word' id='word_1_30' title='bbox 1663 1198 1974 1258; x_wconf 77' lang='lat' dir='ltr'>Virtutes·</span> 
     </span>
    </p>
   </div>
   <div class='ocr_carea' id='block_1_5' title="bbox 265 1340 3367 1642">
    <p class='ocr_par' dir='ltr' id='par_1_5' title="bbox 265 1340 3367 1642">
     <span class='ocr_line' id='line_1_7' title="bbox 357 1340 3367 1432; baseline -0.007 -14"><span class='ocrx_word' id='word_1_31' title='bbox 357 1358 408 1418; x_wconf 92' lang='lat' dir='ltr'>O</span> <span class='ocrx_word' id='word_1_32' title='bbox 438 1358 639 1431; x_wconf 89' lang='lat' dir='ltr'>Deus,</span> <span class='ocrx_word' id='word_1_33' title='bbox 691 1356 845 1432; x_wconf 87' lang='lat' dir='ltr'>quis</span> <span class='ocrx_word' id='word_1_34' title='bbox 878 1370 953 1413; x_wconf 90' lang='lat' dir='ltr'>es</span> <span class='ocrx_word' id='word_1_35' title='bbox 985 1355 1080 1429; x_wconf 84' lang='lat' dir='ltr'>tu,</span> <span class='ocrx_word' id='word_1_36' title='bbox 1120 1351 1238 1428; x_wconf 85' lang='lat' dir='ltr'>qui</span> <span class='ocrx_word' id='word_1_37' title='bbox 1273 1350 1339 1411; x_wconf 89' lang='lat' dir='ltr'>in</span> <span class='ocrx_word' id='word_1_38' title='bbox 1373 1349 1726 1425; x_wconf 90' lang='lat' dir='ltr'>temetipso</span> <span class='ocrx_word' id='word_1_39' title='bbox 1776 1347 1903 1408; x_wconf 90' lang='lat' dir='ltr'>hoc</span> <span class='ocrx_word' id='word_1_40' title='bbox 1938 1362 2253 1422; x_wconf 84' lang='lat' dir='ltr'>magnum</span> <span class='ocrx_word' id='word_1_41' title='bbox 2287 1345 2647 1406; x_wconf 89' lang='lat' dir='ltr'>consilium</span> <span class='ocrx_word' id='word_1_42' title='bbox 2685 1341 3005 1417; x_wconf 86' lang='lat' dir='ltr'>habuisti,</span> <span class='ocrx_word' id='word_1_43' title='bbox 3045 1340 3218 1417; x_wconf 84' lang='lat' dir='ltr'>quod</span> <span class='ocrx_word' id='word_1_44' title='bbox 3255 1341 3367 1399; x_wconf 89' lang='lat' dir='ltr'>de·-</span> 
     </span>
     <span class='ocr_line' id='line_1_8' title="bbox 265 1446 3364 1532; baseline -0.006 -10"><span class='ocrx_word' id='word_1_45' title='bbox 265 1463 516 1523; x_wconf 88' lang='lat' dir='ltr'>struxit</span> <span class='ocrx_word' id='word_1_46' title='bbox 551 1459 945 1521; x_wconf 80' lang='lat' dir='ltr'>infernalem</span> <span class='ocrx_word' id='word_1_47' title='bbox 981 1458 1294 1516; x_wconf 86' lang='lat' dir='ltr'>haustum</span> <span class='ocrx_word' id='word_1_48' title='bbox 1329 1451 1375 1532; x_wconf 82' lang='lat'>¹)</span> <span class='ocrx_word' id='word_1_49' title='bbox 1422 1454 1487 1512; x_wconf 91' lang='lat' dir='ltr'>in</span> <span class='ocrx_word' id='word_1_50' title='bbox 1539 1452 1913 1528; x_wconf 80' lang='lat' dir='ltr'>publicanis</span> <span class='ocrx_word' id='word_1_51' title='bbox 1963 1457 2032 1512; x_wconf 90' lang='lat' dir='ltr'>et</span> <span class='ocrx_word' id='word_1_52' title='bbox 2083 1451 2577 1526; x_wconf 82' lang='lat' dir='ltr'>peccatoribus,</span> <span class='ocrx_word' id='word_1_53' title='bbox 2631 1449 2744 1525; x_wconf 79' lang='lat' dir='ltr'>qui</span> <span class='ocrx_word' id='word_1_54' title='bbox 2796 1462 2969 1508; x_wconf 89' lang='lat' dir='ltr'>nunc</span> <span class='ocrx_word' id='word_1_55' title='bbox 3021 1447 3244 1506; x_wconf 88' lang='lat' dir='ltr'>lucent</span> <span class='ocrx_word' id='word_1_56' title='bbox 3296 1446 3364 1504; x_wconf 90' lang='lat' dir='ltr'>in</span> 
     </span>
     <span class='ocr_line' id='line_1_9' title="bbox 270 1557 1909 1642; baseline -0.007 -16"><span class='ocrx_word' id='word_1_57' title='bbox 270 1584 558 1642; x_wconf 72' lang='lat' dir='ltr'>superna</span> <span class='ocrx_word' id='word_1_58' title='bbox 597 1564 927 1624; x_wconf 74' lang='lat' dir='ltr'>bonitate?</span> <span class='ocrx_word' id='word_1_59' title='bbox 959 1562 1165 1634; x_wconf 84' lang='lat' dir='ltr'>Unde,</span> <span class='ocrx_word' id='word_1_60' title='bbox 1204 1582 1240 1617; x_wconf 86' lang='lat'>0</span> <span class='ocrx_word' id='word_1_61' title='bbox 1275 1577 1413 1630; x_wconf 82' lang='lat' dir='ltr'>rex,</span> <span class='ocrx_word' id='word_1_62' title='bbox 1455 1559 1601 1618; x_wconf 79' lang='lat' dir='ltr'>laus</span> <span class='ocrx_word' id='word_1_63' title='bbox 1633 1559 1727 1617; x_wconf 80' lang='lat' dir='ltr'>sit</span> <span class='ocrx_word' id='word_1_64' title='bbox 1762 1557 1909 1616; x_wconf 85' lang='lat' dir='ltr'>tibi!</span> 
     </span>
    </p>
   </div>
   <div class='ocr_carea' id='block_1_6' title="bbox 1600 1739 1988 1830">
    <p class='ocr_par' dir='ltr' id='par_1_6' title="bbox 1600 1739 1988 1830">
     <span class='ocr_line' id='line_1_10' title="bbox 1600 1739 1988 1830; baseline 0.005 -26"><span class='ocrx_word' id='word_1_65' title='bbox 1600 1739 1988 1830; x_wconf 63' lang='lat' dir='ltr'>[Virtutes]</span> 
     </span>
    </p>
   </div>
   <div class='ocr_carea' id='block_1_7' title="bbox 268 1913 3370 2184">
    <p class='ocr_par' dir='ltr' id='par_1_7' title="bbox 268 1913 3370 2184">
     <span class='ocr_line' id='line_1_11' title="bbox 357 1913 3364 1992; baseline -0 -18"><span class='ocrx_word' id='word_1_66' title='bbox 357 1915 413 1975; x_wconf 91' lang='lat' dir='ltr'>O</span> <span class='ocrx_word' id='word_1_67' title='bbox 448 1918 637 1991; x_wconf 88' lang='lat' dir='ltr'>pater</span> <span class='ocrx_word' id='word_1_68' title='bbox 670 1917 1116 1992; x_wconf 80' lang='lat' dir='ltr'>omnipotenS,</span> <span class='ocrx_word' id='word_1_69' title='bbox 1156 1931 1234 1975; x_wconf 85' lang='lat' dir='ltr'>ex</span> <span class='ocrx_word' id='word_1_70' title='bbox 1270 1916 1333 1974; x_wconf 89' lang='lat' dir='ltr'>te</span> <span class='ocrx_word' id='word_1_71' title='bbox 1369 1914 1514 1974; x_wconf 87' lang='lat' dir='ltr'>ssuit</span> <span class='ocrx_word' id='word_1_72' title='bbox 1566 1913 1714 1975; x_wconf 83' lang='lat' dir='ltr'>fons</span> <span class='ocrx_word' id='word_1_73' title='bbox 1750 1913 1816 1972; x_wconf 90' lang='lat' dir='ltr'>in</span> <span class='ocrx_word' id='word_1_74' title='bbox 1868 1914 2062 1988; x_wconf 79' lang='lat' dir='ltr'>igneo</span> <span class='ocrx_word' id='word_1_75' title='bbox 2114 1929 2363 1974; x_wconf 91' lang='lat' dir='ltr'>amore:</span> <span class='ocrx_word' id='word_1_76' title='bbox 2416 1914 2670 1990; x_wconf 88' lang='lat' dir='ltr'>perduc</span> <span class='ocrx_word' id='word_1_77' title='bbox 2718 1914 2893 1974; x_wconf 87' lang='lat' dir='ltr'>filios</span> <span class='ocrx_word' id='word_1_78' title='bbox 2944 1920 3098 1974; x_wconf 93' lang='lat' dir='ltr'>tuos</span> <span class='ocrx_word' id='word_1_79' title='bbox 3151 1915 3215 1973; x_wconf 89' lang='lat' dir='ltr'>in</span> <span class='ocrx_word' id='word_1_80' title='bbox 3267 1932 3364 1973; x_wconf 88' lang='lat' dir='ltr'>re-</span> 
     </span>
     <span class='ocr_line' id='line_1_12' title="bbox 268 2017 3370 2102; baseline -0 -23"><span class='ocrx_word' id='word_1_81' title='bbox 268 2025 458 2079; x_wconf 85' lang='lat' dir='ltr'>ctum</span> <span class='ocrx_word' id='word_1_82' title='bbox 493 2027 765 2079; x_wconf 89' lang='lat' dir='ltr'>ventum</span> <span class='ocrx_word' id='word_1_83' title='bbox 801 2019 1100 2081; x_wconf 87' lang='lat' dir='ltr'>velorum</span> <span class='ocrx_word' id='word_1_84' title='bbox 1137 2034 1489 2094; x_wconf 87' lang='lat' dir='ltr'>aquarum,</span> <span class='ocrx_word' id='word_1_85' title='bbox 1539 2019 1631 2076; x_wconf 89' lang='lat' dir='ltr'>ita</span> <span class='ocrx_word' id='word_1_86' title='bbox 1665 2023 1736 2075; x_wconf 92' lang='lat' dir='ltr'>ut</span> <span class='ocrx_word' id='word_1_87' title='bbox 1771 2023 1836 2075; x_wconf 91' lang='lat' dir='ltr'>et</span> <span class='ocrx_word' id='word_1_88' title='bbox 1869 2033 1991 2077; x_wconf 91' lang='lat' dir='ltr'>nos</span> <span class='ocrx_word' id='word_1_89' title='bbox 2027 2033 2143 2077; x_wconf 89' lang='lat' dir='ltr'>eos</span> <span class='ocrx_word' id='word_1_90' title='bbox 2179 2017 2304 2077; x_wconf 89' lang='lat' dir='ltr'>hoc</span> <span class='ocrx_word' id='word_1_91' title='bbox 2342 2019 2536 2079; x_wconf 92' lang='lat' dir='ltr'>modo</span> <span class='ocrx_word' id='word_1_92' title='bbox 2568 2018 3019 2094; x_wconf 85' lang='lat' dir='ltr'>perducamus</span> <span class='ocrx_word' id='word_1_93' title='bbox 3058 2019 3122 2078; x_wconf 93' lang='lat' dir='ltr'>in</span> <span class='ocrx_word' id='word_1_94' title='bbox 3156 2022 3370 2102; x_wconf 68' lang='lat' dir='ltr'>coele-</span> 
     </span>
     <span class='ocr_line' id='line_1_13' title="bbox 271 2124 879 2184; baseline 0 0"><span class='ocrx_word' id='word_1_95' title='bbox 271 2130 453 2184; x_wconf 86' lang='lat' dir='ltr'>stem</span> <span class='ocrx_word' id='word_1_96' title='bbox 486 2124 879 2184; x_wconf 80' lang='lat' dir='ltr'>Jerusalem.</span> 
     </span>
    </p>
   </div>
   <div class='ocr_carea' id='block_1_8' title="bbox 1573 2340 2076 2432">
    <p class='ocr_par' dir='ltr' id='par_1_8' title="bbox 1573 2340 2076 2432">
     <span class='ocr_line' id='line_1_14' title="bbox 1573 2340 2076 2432; baseline 0 -24"><span class='ocrx_word' id='word_1_97' title='bbox 1573 2342 1823 2432; x_wconf 80' lang='lat' dir='ltr'>[Filius</span> <span class='ocrx_word' id='word_1_98' title='bbox 1874 2340 2076 2429; x_wconf 62' lang='lat' dir='ltr'>new]</span> 
     </span>
    </p>
   </div>
   <div class='ocr_carea' id='block_1_9' title="bbox 272 2560 3388 3474">
    <p class='ocr_par' dir='ltr' id='par_1_9' title="bbox 272 2560 3388 3474">
     <span class='ocr_line' id='line_1_15' title="bbox 370 2560 3376 2642; baseline 0.002 -24"><span class='ocrx_word' id='word_1_99' title='bbox 370 2562 443 2619; x_wconf 90' lang='lat' dir='ltr'>In</span> <span class='ocrx_word' id='word_1_100' title='bbox 478 2563 806 2638; x_wconf 84' lang='lat' dir='ltr'>principio</span> <span class='ocrx_word' id='word_1_101' title='bbox 839 2560 889 2640; x_wconf 81' lang='lat'>²)</span> <span class='ocrx_word' id='word_1_102' title='bbox 925 2577 1158 2622; x_wconf 90' lang='lat' dir='ltr'>omnes</span> <span class='ocrx_word' id='word_1_103' title='bbox 1192 2567 1545 2622; x_wconf 84' lang='lat' dir='ltr'>creaturae</span> <span class='ocrx_word' id='word_1_104' title='bbox 1578 2562 1950 2635; x_wconf 83' lang='lat' dir='ltr'>viruerunt,</span> <span class='ocrx_word' id='word_1_105' title='bbox 1990 2562 2057 2620; x_wconf 92' lang='lat' dir='ltr'>in</span> <span class='ocrx_word' id='word_1_106' title='bbox 2094 2561 2309 2621; x_wconf 90' lang='lat' dir='ltr'>medio</span> <span class='ocrx_word' id='word_1_107' title='bbox 2346 2563 2544 2623; x_wconf 83' lang='lat' dir='ltr'>flores</span> <span class='ocrx_word' id='word_1_108' title='bbox 2579 2565 2969 2642; x_wconf 85' lang='lat' dir='ltr'>floruerunt;</span> <span class='ocrx_word' id='word_1_109' title='bbox 3008 2572 3241 2642; x_wconf 84' lang='lat' dir='ltr'>postea</span> <span class='ocrx_word' id='word_1_110' title='bbox 3279 2569 3376 2625; x_wconf 86' lang='lat' dir='ltr'>vi-</span> 
     </span>
     <span class='ocr_line' id='line_1_16' title="bbox 272 2662 3380 2752; baseline 0.004 -32"><span class='ocrx_word' id='word_1_111' title='bbox 272 2663 519 2724; x_wconf 81' lang='lat' dir='ltr'>riditas</span> <span class='ocrx_word' id='word_1_112' title='bbox 554 2666 922 2740; x_wconf 88' lang='lat' dir='ltr'>descendit,</span> <span class='ocrx_word' id='word_1_113' title='bbox 961 2672 1028 2725; x_wconf 86' lang='lat' dir='ltr'>et</span> <span class='ocrx_word' id='word_1_114' title='bbox 1065 2667 1243 2726; x_wconf 88' lang='lat' dir='ltr'>istud</span> <span class='ocrx_word' id='word_1_115' title='bbox 1277 2667 1384 2724; x_wconf 86' lang='lat' dir='ltr'>vir</span> <span class='ocrx_word' id='word_1_116' title='bbox 1417 2666 1783 2742; x_wconf 83' lang='lat' dir='ltr'>praeliator</span> <span class='ocrx_word' id='word_1_117' title='bbox 1819 2665 2007 2734; x_wconf 86' lang='lat' dir='ltr'>vidit,</span> <span class='ocrx_word' id='word_1_118' title='bbox 2046 2672 2113 2723; x_wconf 82' lang='lat' dir='ltr'>et</span> <span class='ocrx_word' id='word_1_119' title='bbox 2147 2665 2334 2726; x_wconf 85' lang='lat' dir='ltr'>dixit:</span> <span class='ocrx_word' id='word_1_120' title='bbox 2376 2667 2513 2727; x_wconf 87' lang='lat' dir='ltr'>Hoc</span> <span class='ocrx_word' id='word_1_121' title='bbox 2546 2662 2879 2752; x_wconf 88' lang='lat' dir='ltr'>[tempus]</span> <span class='ocrx_word' id='word_1_122' title='bbox 2916 2673 3080 2744; x_wconf 86' lang='lat' dir='ltr'>scio,</span> <span class='ocrx_word' id='word_1_123' title='bbox 3110 2671 3229 2730; x_wconf 89' lang='lat' dir='ltr'>sed</span> <span class='ocrx_word' id='word_1_124' title='bbox 3265 2687 3380 2730; x_wconf 87' lang='lat' dir='ltr'>au-</span> 
     </span>
     <span class='ocr_line' id='line_1_17' title="bbox 276 2770 3379 2856; baseline 0.002 -28"><span class='ocrx_word' id='word_1_125' title='bbox 276 2786 440 2830; x_wconf 76' lang='lat' dir='ltr'>reus</span> <span class='ocrx_word' id='word_1_126' title='bbox 490 2789 808 2831; x_wconf 89' lang='lat' dir='ltr'>numerus</span> <span class='ocrx_word' id='word_1_127' title='bbox 845 2773 1134 2832; x_wconf 88' lang='lat' dir='ltr'>nondum</span> <span class='ocrx_word' id='word_1_128' title='bbox 1168 2778 1273 2832; x_wconf 89' lang='lat' dir='ltr'>est</span> <span class='ocrx_word' id='word_1_129' title='bbox 1308 2774 1563 2848; x_wconf 80' lang='lat' dir='ltr'>plenuS.</span> <span class='ocrx_word' id='word_1_130' title='bbox 1603 2773 1697 2831; x_wconf 93' lang='lat' dir='ltr'>Tu</span> <span class='ocrx_word' id='word_1_131' title='bbox 1732 2788 1915 2847; x_wconf 84' lang='lat' dir='ltr'>ergo,</span> <span class='ocrx_word' id='word_1_132' title='bbox 1951 2772 2309 2856; x_wconf 83' lang='lat' dir='ltr'>Paternum</span> <span class='ocrx_word' id='word_1_133' title='bbox 2349 2775 2720 2850; x_wconf 89' lang='lat' dir='ltr'>speculum,</span> <span class='ocrx_word' id='word_1_134' title='bbox 2756 2770 2806 2854; x_wconf 75' lang='lat'>⁸)</span> <span class='ocrx_word' id='word_1_135' title='bbox 2844 2777 3095 2853; x_wconf 81' lang='lat' dir='ltr'>aspice3</span> <span class='ocrx_word' id='word_1_136' title='bbox 3134 2777 3199 2836; x_wconf 89' lang='lat' dir='ltr'>in</span> <span class='ocrx_word' id='word_1_137' title='bbox 3233 2793 3379 2836; x_wconf 84' lang='lat' dir='ltr'>cor-</span> 
     </span>
     <span class='ocr_line' id='line_1_18' title="bbox 273 2875 3382 2950; baseline 0.002 -17"><span class='ocrx_word' id='word_1_138' title='bbox 273 2891 442 2950; x_wconf 81' lang='lat' dir='ltr'>pore</span> <span class='ocrx_word' id='word_1_139' title='bbox 493 2893 637 2936; x_wconf 87' lang='lat' dir='ltr'>mco</span> <span class='ocrx_word' id='word_1_140' title='bbox 685 2875 1146 2950; x_wconf 80' lang='lat' dir='ltr'>fatigationem</span> <span class='ocrx_word' id='word_1_141' title='bbox 1184 2877 1509 2947; x_wconf 87' lang='lat' dir='ltr'>sustineo,</span> <span class='ocrx_word' id='word_1_142' title='bbox 1561 2877 1827 2950; x_wconf 88' lang='lat' dir='ltr'>parvuli</span> <span class='ocrx_word' id='word_1_143' title='bbox 1880 2877 2085 2935; x_wconf 87' lang='lat' dir='ltr'>etiam</span> <span class='ocrx_word' id='word_1_144' title='bbox 2137 2877 2267 2935; x_wconf 89' lang='lat' dir='ltr'>mei</span> <span class='ocrx_word' id='word_1_145' title='bbox 2316 2876 2653 2938; x_wconf 88' lang='lat' dir='ltr'>deficiunt.</span> <span class='ocrx_word' id='word_1_146' title='bbox 2704 2880 2891 2939; x_wconf 90' lang='lat' dir='ltr'>Nunc</span> <span class='ocrx_word' id='word_1_147' title='bbox 2938 2895 3194 2939; x_wconf 91' lang='lat' dir='ltr'>memor</span> <span class='ocrx_word' id='word_1_148' title='bbox 3234 2885 3382 2939; x_wconf 88' lang='lat' dir='ltr'>esto</span> 
     </span>
     <span class='ocr_line' id='line_1_19' title="bbox 277 2979 3387 3056; baseline 0.001 -17"><span class='ocrx_word' id='word_1_149' title='bbox 277 2980 461 3055; x_wconf 85' lang='lat' dir='ltr'>quod</span> <span class='ocrx_word' id='word_1_150' title='bbox 497 2979 836 3054; x_wconf 85' lang='lat' dir='ltr'>plenitudo</span> <span class='ocrx_word' id='word_1_151' title='bbox 872 2996 1043 3055; x_wconf 83' lang='lat' dir='ltr'>quae</span> <span class='ocrx_word' id='word_1_152' title='bbox 1082 2980 1146 3038; x_wconf 90' lang='lat' dir='ltr'>in</span> <span class='ocrx_word' id='word_1_153' title='bbox 1196 2979 1412 3054; x_wconf 91' lang='lat' dir='ltr'>primo</span> <span class='ocrx_word' id='word_1_154' title='bbox 1453 2979 1627 3038; x_wconf 86' lang='lat' dir='ltr'>facta</span> <span class='ocrx_word' id='word_1_155' title='bbox 1677 2983 1803 3054; x_wconf 88' lang='lat' dir='ltr'>est,</span> <span class='ocrx_word' id='word_1_156' title='bbox 1857 2994 2169 3038; x_wconf 86' lang='lat' dir='ltr'>arescere</span> <span class='ocrx_word' id='word_1_157' title='bbox 2199 2996 2330 3040; x_wconf 90' lang='lat' dir='ltr'>non</span> <span class='ocrx_word' id='word_1_158' title='bbox 2363 2980 2618 3056; x_wconf 89' lang='lat' dir='ltr'>debuit,</span> <span class='ocrx_word' id='word_1_159' title='bbox 2655 2987 2722 3041; x_wconf 88' lang='lat' dir='ltr'>et</span> <span class='ocrx_word' id='word_1_160' title='bbox 2756 2990 2913 3042; x_wconf 88' lang='lat' dir='ltr'>tunc</span> <span class='ocrx_word' id='word_1_161' title='bbox 2948 2983 3015 3042; x_wconf 90' lang='lat' dir='ltr'>in</span> <span class='ocrx_word' id='word_1_162' title='bbox 3052 2988 3117 3042; x_wconf 90' lang='lat' dir='ltr'>te</span> <span class='ocrx_word' id='word_1_163' title='bbox 3152 2981 3387 3042; x_wconf 89' lang='lat' dir='ltr'>habui-</span> 
     </span>
     <span class='ocr_line' id='line_1_20' title="bbox 281 3084 3384 3164; baseline 0 -18"><span class='ocrx_word' id='word_1_164' title='bbox 281 3087 376 3146; x_wconf 86' lang='lat' dir='ltr'>sti</span> <span class='ocrx_word' id='word_1_165' title='bbox 425 3086 599 3162; x_wconf 88' lang='lat' dir='ltr'>quod</span> <span class='ocrx_word' id='word_1_166' title='bbox 638 3086 873 3146; x_wconf 92' lang='lat' dir='ltr'>oculus</span> <span class='ocrx_word' id='word_1_167' title='bbox 909 3091 1065 3145; x_wconf 91' lang='lat' dir='ltr'>tuus</span> <span class='ocrx_word' id='word_1_168' title='bbox 1101 3100 1441 3161; x_wconf 85' lang='lat' dir='ltr'>nunquam</span> <span class='ocrx_word' id='word_1_169' title='bbox 1474 3084 1763 3158; x_wconf 89' lang='lat' dir='ltr'>cederet,</span> <span class='ocrx_word' id='word_1_170' title='bbox 1817 3100 2030 3159; x_wconf 91' lang='lat' dir='ltr'>usque</span> <span class='ocrx_word' id='word_1_171' title='bbox 2065 3085 2223 3144; x_wconf 88' lang='lat' dir='ltr'>dum</span> <span class='ocrx_word' id='word_1_172' title='bbox 2258 3101 2503 3162; x_wconf 90' lang='lat' dir='ltr'>corpus</span> <span class='ocrx_word' id='word_1_173' title='bbox 2554 3102 2773 3147; x_wconf 18' lang='lat' dir='ltr'>melum</span> <span class='ocrx_word' id='word_1_174' title='bbox 2810 3088 3079 3148; x_wconf 88' lang='lat' dir='ltr'>videres</span> <span class='ocrx_word' id='word_1_175' title='bbox 3114 3088 3384 3164; x_wconf 89' lang='lat' dir='ltr'>plenum</span> 
     </span>
     <span class='ocr_line' id='line_1_21' title="bbox 279 3188 3388 3265; baseline 0.002 -18"><span class='ocrx_word' id='word_1_176' title='bbox 279 3205 723 3265; x_wconf 79' lang='lat' dir='ltr'>gemmarum.</span> <span class='ocrx_word' id='word_1_177' title='bbox 761 3190 925 3248; x_wconf 90' lang='lat' dir='ltr'>Nam</span> <span class='ocrx_word' id='word_1_178' title='bbox 962 3205 1066 3248; x_wconf 90' lang='lat' dir='ltr'>me</span> <span class='ocrx_word' id='word_1_179' title='bbox 1105 3189 1341 3265; x_wconf 82' lang='lat' dir='ltr'>fatigat</span> <span class='ocrx_word' id='word_1_180' title='bbox 1374 3188 1552 3265; x_wconf 85' lang='lat' dir='ltr'>quod</span> <span class='ocrx_word' id='word_1_181' title='bbox 1587 3188 1812 3248; x_wconf 82' lang='lat' dir='ltr'>omnia</span> <span class='ocrx_word' id='word_1_182' title='bbox 1845 3189 2147 3248; x_wconf 86' lang='lat' dir='ltr'>membra</span> <span class='ocrx_word' id='word_1_183' title='bbox 2198 3204 2347 3248; x_wconf 90' lang='lat' dir='ltr'>mea</span> <span class='ocrx_word' id='word_1_184' title='bbox 2396 3193 2462 3249; x_wconf 91' lang='lat' dir='ltr'>in</span> <span class='ocrx_word' id='word_1_185' title='bbox 2513 3190 2894 3251; x_wconf 85' lang='lat' dir='ltr'>irrisionem</span> <span class='ocrx_word' id='word_1_186' title='bbox 2944 3192 3215 3252; x_wconf 87' lang='lat' dir='ltr'>vadunt.</span> <span class='ocrx_word' id='word_1_187' title='bbox 3268 3193 3388 3251; x_wconf 83' lang='lat' dir='ltr'>Pa-</span> 
     </span>
     <span class='ocr_line' id='line_1_22' title="bbox 288 3292 3388 3371; baseline 0.001 -20"><span class='ocrx_word' id='word_1_188' title='bbox 288 3297 419 3362; x_wconf 86' lang='lat' dir='ltr'>ter,</span> <span class='ocrx_word' id='word_1_189' title='bbox 458 3293 630 3366; x_wconf 89' lang='lat' dir='ltr'>vide,</span> <span class='ocrx_word' id='word_1_190' title='bbox 673 3293 950 3353; x_wconf 86' lang='lat' dir='ltr'>vulnera</span> <span class='ocrx_word' id='word_1_191' title='bbox 986 3310 1132 3354; x_wconf 88' lang='lat' dir='ltr'>mea</span> <span class='ocrx_word' id='word_1_192' title='bbox 1168 3292 1287 3353; x_wconf 90' lang='lat' dir='ltr'>tibi</span> <span class='ocrx_word' id='word_1_193' title='bbox 1323 3292 1623 3352; x_wconf 87' lang='lat' dir='ltr'>ostendo.</span> <span class='ocrx_word' id='word_1_194' title='bbox 1658 3293 1831 3367; x_wconf 82' lang='lat' dir='ltr'>Ergo</span> <span class='ocrx_word' id='word_1_195' title='bbox 1865 3307 2063 3365; x_wconf 88' lang='lat' dir='ltr'>nunc,</span> <span class='ocrx_word' id='word_1_196' title='bbox 2102 3309 2335 3353; x_wconf 90' lang='lat' dir='ltr'>omnes</span> <span class='ocrx_word' id='word_1_197' title='bbox 2386 3293 2714 3370; x_wconf 89' lang='lat' dir='ltr'>homines,</span> <span class='ocrx_word' id='word_1_198' title='bbox 2764 3310 2979 3371; x_wconf 74' lang='lat' dir='ltr'>genua</span> <span class='ocrx_word' id='word_1_199' title='bbox 3029 3303 3257 3357; x_wconf 79' lang='lat' dir='ltr'>vestra</span> <span class='ocrx_word' id='word_1_200' title='bbox 3308 3296 3388 3355; x_wconf 88' lang='lat' dir='ltr'>ad</span> 
     </span>
     <span class='ocr_line' id='line_1_23' title="bbox 286 3394 2422 3474; baseline 0 -16"><span class='ocrx_word' id='word_1_201' title='bbox 286 3394 550 3474; x_wconf 74' lang='lat' dir='ltr'>patrem</span> <span class='ocrx_word' id='word_1_202' title='bbox 588 3402 887 3460; x_wconf 79' lang='lat' dir='ltr'>vestrum</span> <span class='ocrx_word' id='word_1_203' title='bbox 926 3401 1194 3474; x_wconf 83' lang='lat' dir='ltr'>flectite,</span> <span class='ocrx_word' id='word_1_204' title='bbox 1232 3405 1304 3459; x_wconf 91' lang='lat' dir='ltr'>ut</span> <span class='ocrx_word' id='word_1_205' title='bbox 1338 3399 1530 3459; x_wconf 78' lang='lat' dir='ltr'>vobis</span> <span class='ocrx_word' id='word_1_206' title='bbox 1570 3414 1835 3457; x_wconf 86' lang='lat' dir='ltr'>manum</span> <span class='ocrx_word' id='word_1_207' title='bbox 1872 3413 2063 3458; x_wconf 85' lang='lat' dir='ltr'>suam</span> <span class='ocrx_word' id='word_1_208' title='bbox 2100 3399 2422 3474; x_wconf 85' lang='lat' dir='ltr'>porrigat.</span> 
     </span>
    </p>
   </div>
   <div class='ocr_carea' id='block_1_10' title="bbox 682 3623 3012 3915">
    <p class='ocr_par' dir='ltr' id='par_1_10' title="bbox 682 3623 3012 3915">
     <span class='ocr_line' id='line_1_24' title="bbox 1735 3623 1918 3685; baseline 0.011 -2"><span class='ocrx_word' id='word_1_209' title='bbox 1735 3623 1918 3685; x_wconf 76' lang='lat' dir='ltr'>Lxx.</span> 
     </span>
     <span class='ocr_line' id='line_1_25' title="bbox 682 3832 3012 3915; baseline 0 -21"><span class='ocrx_word' id='word_1_210' title='bbox 682 3832 889 3894; x_wconf 84' lang='lat' dir='ltr'>Verba</span> <span class='ocrx_word' id='word_1_211' title='bbox 936 3835 1362 3912; x_wconf 67' lang='lat' dir='ltr'>Ha&#39;ldeqardis</span> <span class='ocrx_word' id='word_1_212' title='bbox 1412 3837 1482 3893; x_wconf 80' lang='lat' dir='ltr'>in</span> <span class='ocrx_word' id='word_1_213' title='bbox 1537 3835 1796 3912; x_wconf 79' lang='lat' dir='ltr'>Spiritu</span> <span class='ocrx_word' id='word_1_214' title='bbox 1848 3834 2091 3894; x_wconf 82' lang='lat' dir='ltr'>Sancto</span> <span class='ocrx_word' id='word_1_215' title='bbox 2129 3833 2217 3893; x_wconf 24' lang='lat' dir='ltr'>vde</span> <span class='ocrx_word' id='word_1_216' title='bbox 2269 3835 2473 3894; x_wconf 73' lang='lat' dir='ltr'>Beato</span> <span class='ocrx_word' id='word_1_217' title='bbox 2525 3835 2931 3895; x_wconf 72' lang='lat' dir='ltr'>Barchardo.</span> <span class='ocrx_word' id='word_1_218' title='bbox 2962 3832 3012 3915; x_wconf 76' lang='lat'>⁴)</span> 
     </span>
    </p>
   </div>
   <div class='ocr_carea' id='block_1_11' title="bbox 284 4042 3385 4227">
    <p class='ocr_par' dir='ltr' id='par_1_11' title="bbox 284 4042 3385 4227">
     <span class='ocr_line' id='line_1_26' title="bbox 379 4042 3385 4128; baseline 0.002 -26"><span class='ocrx_word' id='word_1_219' title='bbox 379 4042 634 4103; x_wconf 85' lang='lat' dir='ltr'>Oculus</span> <span class='ocrx_word' id='word_1_220' title='bbox 669 4046 991 4105; x_wconf 86' lang='lat' dir='ltr'>materiae</span> <span class='ocrx_word' id='word_1_221' title='bbox 1027 4044 1325 4106; x_wconf 88' lang='lat' dir='ltr'>facturae</span> <span class='ocrx_word' id='word_1_222' title='bbox 1359 4046 1552 4121; x_wconf 85' lang='lat' dir='ltr'>digiti</span> <span class='ocrx_word' id='word_1_223' title='bbox 1580 4044 1726 4118; x_wconf 86' lang='lat' dir='ltr'>Dei,</span> <span class='ocrx_word' id='word_1_224' title='bbox 1756 4044 1995 4104; x_wconf 88' lang='lat' dir='ltr'>beatus</span> <span class='ocrx_word' id='word_1_225' title='bbox 2023 4044 2478 4120; x_wconf 84' lang='lat' dir='ltr'>Burchardus,</span> <span class='ocrx_word' id='word_1_226' title='bbox 2504 4062 2626 4121; x_wconf 90' lang='lat' dir='ltr'>per</span> <span class='ocrx_word' id='word_1_227' title='bbox 2659 4047 2829 4106; x_wconf 87' lang='lat' dir='ltr'>bona</span> <span class='ocrx_word' id='word_1_228' title='bbox 2856 4049 2923 4106; x_wconf 88' lang='lat' dir='ltr'>et</span> <span class='ocrx_word' id='word_1_229' title='bbox 2950 4049 3385 4128; x_wconf 74' lang='lat' dir='ltr'>sanctissima</span> 
     </span>
     <span class='ocr_line' id='line_1_27' title="bbox 284 4147 3385 4227; baseline 0.003 -23"><span class='ocrx_word' id='word_1_230' title='bbox 284 4162 522 4221; x_wconf 86' lang='lat' dir='ltr'>opera,</span> <span class='ocrx_word' id='word_1_231' title='bbox 563 4148 794 4221; x_wconf 81' lang='lat' dir='ltr'>igneus</span> <span class='ocrx_word' id='word_1_232' title='bbox 847 4150 911 4208; x_wconf 90' lang='lat' dir='ltr'>in</span> <span class='ocrx_word' id='word_1_233' title='bbox 944 4148 1196 4227; x_wconf 84' lang='lat' dir='ltr'>Spiritu</span> <span class='ocrx_word' id='word_1_234' title='bbox 1229 4150 1468 4210; x_wconf 74' lang='lat' dir='ltr'>Sancto</span> <span class='ocrx_word' id='word_1_235' title='bbox 1519 4150 1667 4224; x_wconf 82' lang='lat' dir='ltr'>fuit,</span> <span class='ocrx_word' id='word_1_236' title='bbox 1705 4147 1820 4208; x_wconf 89' lang='lat' dir='ltr'>sed</span> <span class='ocrx_word' id='word_1_237' title='bbox 1871 4149 2194 4208; x_wconf 86' lang='lat' dir='ltr'>tamenin</span> <span class='ocrx_word' id='word_1_238' title='bbox 2246 4149 2471 4224; x_wconf 89' lang='lat' dir='ltr'>seipso</span> <span class='ocrx_word' id='word_1_239' title='bbox 2513 4155 2581 4209; x_wconf 90' lang='lat' dir='ltr'>et</span> <span class='ocrx_word' id='word_1_240' title='bbox 2632 4150 2697 4209; x_wconf 89' lang='lat' dir='ltr'>in</span> <span class='ocrx_word' id='word_1_241' title='bbox 2730 4149 2885 4209; x_wconf 87' lang='lat' dir='ltr'>aliis</span> <span class='ocrx_word' id='word_1_242' title='bbox 2923 4149 3385 4227; x_wconf 82' lang='lat' dir='ltr'>fatigationem</span> 
     </span>
    </p>
   </div>
   <div class='ocr_carea' id='block_1_12' title="bbox 299 4342 3406 5195">
    <p class='ocr_par' dir='ltr' id='par_1_12' title="bbox 299 4342 3406 5195">
     <span class='ocr_line' id='line_1_28' title="bbox 374 4342 3395 4431; baseline 0.001 -18"><span class='ocrx_word' id='word_1_243' title='bbox 374 4350 419 4413; x_wconf 81' lang='lat'>¹)</span> <span class='ocrx_word' id='word_1_244' title='bbox 439 4353 645 4409; x_wconf 63' lang='lat' dir='ltr'>hostem</span> <span class='ocrx_word' id='word_1_245' title='bbox 669 4352 878 4410; x_wconf 81' lang='lat' dir='ltr'>frustra</span> <span class='ocrx_word' id='word_1_246' title='bbox 905 4353 1289 4427; x_wconf 80' lang='lat' dir='ltr'>suspicaberis</span> <span class='ocrx_word' id='word_1_247' title='bbox 1308 4357 1434 4419; x_wconf 78' lang='lat'>-²)</span> <span class='ocrx_word' id='word_1_248' title='bbox 1460 4354 1643 4409; x_wconf 83' lang='lat' dir='ltr'>Codex</span> <span class='ocrx_word' id='word_1_249' title='bbox 1663 4353 1802 4409; x_wconf 85' lang='lat' dir='ltr'>Vin-</span> <span class='ocrx_word' id='word_1_250' title='bbox 1891 4351 1990 4407; x_wconf 82' lang='lat' dir='ltr'>Dei</span> <span class='ocrx_word' id='word_1_251' title='bbox 2034 4352 2240 4408; x_wconf 86' lang='lat' dir='ltr'>iterum</span> <span class='ocrx_word' id='word_1_252' title='bbox 2284 4353 2447 4411; x_wconf 88' lang='lat' dir='ltr'>dicit:</span> <span class='ocrx_word' id='word_1_253' title='bbox 2477 4354 2560 4410; x_wconf 90' lang='lat' dir='ltr'>Tu</span> <span class='ocrx_word' id='word_1_254' title='bbox 2593 4342 2747 4424; x_wconf 65' lang='lat' dir='ltr'>ergo.</span> <span class='ocrx_word' id='word_1_255' title='bbox 2777 4356 3077 4413; x_wconf 75' lang='lat' dir='ltr'>Paternum</span> <span class='ocrx_word' id='word_1_256' title='bbox 3104 4360 3395 4431; x_wconf 72' lang='lat' dir='ltr'>speculum.</span> 
     </span>
     <span class='ocr_line' id='line_1_29' title="bbox 299 4436 3397 4514; baseline 0.002 -22"><span class='ocrx_word' id='word_1_257' title='bbox 299 4438 647 4496; x_wconf 87' lang='lat' dir='ltr'>dobonensis</span> <span class='ocrx_word' id='word_1_258' title='bbox 684 4445 809 4504; x_wconf 81' lang='grc'><strong>628,</strong></span> <span class='ocrx_word' id='word_1_259' title='bbox 849 4442 919 4497; x_wconf 89' lang='lat' dir='ltr'>de</span> <span class='ocrx_word' id='word_1_260' title='bbox 954 4457 1068 4513; x_wconf 90' lang='lat' dir='ltr'>quo</span> <span class='ocrx_word' id='word_1_261' title='bbox 1107 4458 1237 4513; x_wconf 83' lang='lat' dir='ltr'>mox</span> <span class='ocrx_word' id='word_1_262' title='bbox 1272 4443 1455 4514; x_wconf 85' lang='lat' dir='ltr'>plura,</span> <span class='ocrx_word' id='word_1_263' title='bbox 1493 4441 1675 4497; x_wconf 86' lang='lat' dir='ltr'>serius</span> <span class='ocrx_word' id='word_1_264' title='bbox 1700 4443 1805 4498; x_wconf 87' lang='lat' dir='ltr'>Ro·</span> <span class='ocrx_word' id='word_1_265' title='bbox 1894 4436 2045 4506; x_wconf 76' lang='lat' dir='ltr'>quod</span> <span class='ocrx_word' id='word_1_266' title='bbox 2078 4437 2314 4494; x_wconf 65' lang='lat' dir='ltr'>claritas</span> <span class='ocrx_word' id='word_1_267' title='bbox 2347 4438 2684 4495; x_wconf 79' lang='lat' dir='ltr'>Divinitatis</span> <span class='ocrx_word' id='word_1_268' title='bbox 2722 4444 2831 4503; x_wconf 85' lang='lat' dir='ltr'>est.</span> <span class='ocrx_word' id='word_1_269' title='bbox 2868 4440 2929 4495; x_wconf 89' lang='lat' dir='ltr'>in</span> <span class='ocrx_word' id='word_1_270' title='bbox 2961 4455 3072 4511; x_wconf 81' lang='lat' dir='ltr'>qua</span> <span class='ocrx_word' id='word_1_271' title='bbox 3110 4443 3397 4500; x_wconf 83' lang='lat' dir='ltr'>exercitus</span> 
     </span>
     <span class='ocr_line' id='line_1_30' title="bbox 302 4522 3400 4600; baseline 0 -17"><span class='ocrx_word' id='word_1_272' title='bbox 302 4540 453 4579; x_wconf 81' lang='lat' dir='ltr'>mam</span> <span class='ocrx_word' id='word_1_273' title='bbox 479 4526 769 4589; x_wconf 84' lang='lat' dir='ltr'>advectus,</span> <span class='ocrx_word' id='word_1_274' title='bbox 792 4532 1015 4599; x_wconf 84' lang='lat' dir='ltr'>praeter</span> <span class='ocrx_word' id='word_1_275' title='bbox 1036 4528 1278 4600; x_wconf 72' lang='lat' dir='ltr'>piurima</span> <span class='ocrx_word' id='word_1_276' title='bbox 1301 4526 1612 4598; x_wconf 76' lang='lat' dir='ltr'>superiora,</span> <span class='ocrx_word' id='word_1_277' title='bbox 1636 4526 1808 4582; x_wconf 86' lang='lat' dir='ltr'>etiam</span> <span class='ocrx_word' id='word_1_278' title='bbox 1896 4522 2226 4591; x_wconf 81' lang='lat' dir='ltr'>angelorum</span> <span class='ocrx_word' id='word_1_279' title='bbox 2268 4522 2512 4592; x_wconf 78' lang='lat' dir='ltr'>fulget...</span> <span class='ocrx_word' id='word_1_280' title='bbox 2562 4524 2750 4596; x_wconf 82' lang='lat' dir='ltr'>aspice</span> <span class='ocrx_word' id='word_1_281' title='bbox 2782 4530 2847 4580; x_wconf 87' lang='lat' dir='ltr'>et</span> <span class='ocrx_word' id='word_1_282' title='bbox 2884 4526 3121 4582; x_wconf 38' lang='lat' dir='ltr'>*ostende</span> <span class='ocrx_word' id='word_1_283' title='bbox 3152 4533 3400 4598; x_wconf 82' lang='lat' dir='ltr'>quantas</span> 
     </span>
     <span class='ocr_line' id='line_1_31' title="bbox 302 4608 3398 4684; baseline 0.001 -20"><span class='ocrx_word' id='word_1_284' title='bbox 302 4610 455 4668; x_wconf 87' lang='lat' dir='ltr'>hunc</span> <span class='ocrx_word' id='word_1_285' title='bbox 475 4612 661 4667; x_wconf 86' lang='lat' dir='ltr'>locum</span> <span class='ocrx_word' id='word_1_286' title='bbox 686 4611 928 4667; x_wconf 72' lang='lat' dir='ltr'>inseruIt</span> <span class='ocrx_word' id='word_1_287' title='bbox 957 4612 1015 4668; x_wconf 90' lang='lat' dir='ltr'>in</span> <span class='ocrx_word' id='word_1_288' title='bbox 1039 4612 1322 4684; x_wconf 80' lang='lat' dir='ltr'>epilogum</span> <span class='ocrx_word' id='word_1_289' title='bbox 1348 4612 1497 4667; x_wconf 79' lang='lat' dir='ltr'>vitae</span> <span class='ocrx_word' id='word_1_290' title='bbox 1522 4610 1578 4667; x_wconf 91' lang='lat' dir='ltr'>S.</span> <span class='ocrx_word' id='word_1_291' title='bbox 1598 4612 1810 4683; x_wconf 84' lang='lat' dir='ltr'>Ruper-</span> <span class='ocrx_word' id='word_1_292' title='bbox 1901 4608 2142 4680; x_wconf 81' lang='lat' dir='ltr'>injurias</span> <span class='ocrx_word' id='word_1_293' title='bbox 2180 4608 2364 4681; x_wconf 85' lang='lat' dir='ltr'>patior</span> <span class='ocrx_word' id='word_1_294' title='bbox 2389 4610 2460 4665; x_wconf 87' lang='lat' dir='ltr'>ab</span> <span class='ocrx_word' id='word_1_295' title='bbox 2496 4610 2588 4664; x_wconf 87' lang='lat' dir='ltr'>his</span> <span class='ocrx_word' id='word_1_296' title='bbox 2617 4608 2718 4681; x_wconf 84' lang='lat' dir='ltr'>qui</span> <span class='ocrx_word' id='word_1_297' title='bbox 2748 4626 2836 4665; x_wconf 89' lang='lat' dir='ltr'>me</span> <span class='ocrx_word' id='word_1_298' title='bbox 2866 4610 3187 4681; x_wconf 81' lang='lat' dir='ltr'>negligunt,</span> <span class='ocrx_word' id='word_1_299' title='bbox 3226 4618 3335 4670; x_wconf 88' lang='lat' dir='ltr'>etc.</span> <span class='ocrx_word' id='word_1_300' title='bbox 3377 4637 3398 4662; x_wconf 77' lang='grc' dir='ltr'>ι</span> 
     </span>
     <span class='ocr_line' id='line_1_32' title="bbox 305 4695 3402 4769; baseline 0.001 -17"><span class='ocrx_word' id='word_1_301' title='bbox 305 4696 375 4761; x_wconf 85' lang='lat' dir='ltr'>ti,</span> <span class='ocrx_word' id='word_1_302' title='bbox 405 4697 490 4753; x_wconf 87' lang='lat' dir='ltr'>uti</span> <span class='ocrx_word' id='word_1_303' title='bbox 527 4696 677 4753; x_wconf 80' lang='lat' dir='ltr'>infra</span> <span class='ocrx_word' id='word_1_304' title='bbox 712 4715 815 4754; x_wconf 87' lang='lat' dir='ltr'>suo</span> <span class='ocrx_word' id='word_1_305' title='bbox 855 4700 977 4755; x_wconf 88' lang='lat' dir='ltr'>loco</span> <span class='ocrx_word' id='word_1_306' title='bbox 997 4698 1254 4769; x_wconf 79' lang='lat' dir='ltr'>epilogus</span> <span class='ocrx_word' id='word_1_307' title='bbox 1273 4713 1341 4753; x_wconf 81' lang='lat' dir='ltr'>ex</span> <span class='ocrx_word' id='word_1_308' title='bbox 1363 4697 1554 4753; x_wconf 87' lang='lat' dir='ltr'>eodem</span> <span class='ocrx_word' id='word_1_309' title='bbox 1578 4696 1704 4753; x_wconf 86' lang='lat' dir='ltr'>cod.</span> <span class='ocrx_word' id='word_1_310' title='bbox 1732 4712 1816 4750; x_wconf 85' lang='lat' dir='ltr'>re·</span> <span class='ocrx_word' id='word_1_311' title='bbox 1904 4695 2117 4752; x_wconf 74' lang='lat' dir='ltr'>Patrol.</span> <span class='ocrx_word' id='word_1_312' title='bbox 2161 4697 2267 4752; x_wconf 88' lang='lat' dir='ltr'>col.</span> <span class='ocrx_word' id='word_1_313' title='bbox 2315 4701 2468 4753; x_wconf 78' lang='lat'>1016.</span> <span class='ocrx_word' id='word_1_314' title='bbox 2513 4727 2579 4737; x_wconf 92' lang='lat'>—-</span> <span class='ocrx_word' id='word_1_315' title='bbox 2611 4697 2654 4766; x_wconf 84' lang='lat'>⁴)</span> <span class='ocrx_word' id='word_1_316' title='bbox 2680 4696 2764 4753; x_wconf 85' lang='lat' dir='ltr'>Ex</span> <span class='ocrx_word' id='word_1_317' title='bbox 2790 4697 2912 4754; x_wconf 90' lang='lat' dir='ltr'>cod.</span> <span class='ocrx_word' id='word_1_318' title='bbox 2950 4698 3328 4756; x_wconf 83' lang='lat' dir='ltr'>Laurentiano</span> <span class='ocrx_word' id='word_1_319' title='bbox 3367 4706 3402 4755; x_wconf 80' lang='grc'><strong>4</strong></span> 
     </span>
     <span class='ocr_line' id='line_1_33' title="bbox 306 4780 3403 4848; baseline 0.001 -10"><span class='ocrx_word' id='word_1_320' title='bbox 306 4784 664 4841; x_wconf 84' lang='lat' dir='ltr'>tractabitur.</span> <span class='ocrx_word' id='word_1_321' title='bbox 693 4785 987 4840; x_wconf 84' lang='lat' dir='ltr'>Praeterea</span> <span class='ocrx_word' id='word_1_322' title='bbox 1014 4788 1168 4838; x_wconf 81' lang='lat' dir='ltr'>totus</span> <span class='ocrx_word' id='word_1_323' title='bbox 1188 4782 1336 4838; x_wconf 89' lang='lat' dir='ltr'>idem</span> <span class='ocrx_word' id='word_1_324' title='bbox 1364 4784 1518 4838; x_wconf 88' lang='lat' dir='ltr'>locus</span> <span class='ocrx_word' id='word_1_325' title='bbox 1543 4784 1711 4837; x_wconf 85' lang='lat' dir='ltr'>verbo</span> <span class='ocrx_word' id='word_1_326' title='bbox 1737 4787 1813 4836; x_wconf 86' lang='lat' dir='ltr'>te·</span> <span class='ocrx_word' id='word_1_327' title='bbox 1900 4782 2054 4836; x_wconf 83' lang='lat' dir='ltr'>Plut.</span> <span class='ocrx_word' id='word_1_328' title='bbox 2080 4781 2269 4845; x_wconf 86' lang='lat' dir='ltr'>xxn,</span> <span class='ocrx_word' id='word_1_329' title='bbox 2289 4781 2439 4837; x_wconf 87' lang='lat' dir='ltr'>inter</span> <span class='ocrx_word' id='word_1_330' title='bbox 2452 4780 2673 4838; x_wconf 82' lang='lat' dir='ltr'>codices</span> <span class='ocrx_word' id='word_1_331' title='bbox 2694 4782 2750 4837; x_wconf 88' lang='lat' dir='ltr'>S.</span> <span class='ocrx_word' id='word_1_332' title='bbox 2774 4780 2971 4839; x_wconf 83' lang='lat' dir='ltr'>Crucis</span> <span class='ocrx_word' id='word_1_333' title='bbox 2990 4783 3226 4848; x_wconf 83' lang='lat' dir='ltr'>Lxxu,</span> <span class='ocrx_word' id='word_1_334' title='bbox 3244 4785 3280 4847; x_wconf 80' lang='lat' dir='ltr'>s.</span> <span class='ocrx_word' id='word_1_335' title='bbox 3304 4791 3403 4843; x_wconf 69' lang='lat'>1⁴3</span> 
     </span>
     <span class='ocr_line' id='line_1_34' title="bbox 305 4866 3405 4944; baseline 0.002 -22"><span class='ocrx_word' id='word_1_336' title='bbox 305 4884 410 4923; x_wconf 91' lang='lat' dir='ltr'>nus</span> <span class='ocrx_word' id='word_1_337' title='bbox 431 4868 643 4938; x_wconf 81' lang='lat' dir='ltr'>legitur</span> <span class='ocrx_word' id='word_1_338' title='bbox 664 4868 723 4923; x_wconf 89' lang='lat' dir='ltr'>in</span> <span class='ocrx_word' id='word_1_339' title='bbox 750 4868 898 4924; x_wconf 89' lang='lat' dir='ltr'>libro</span> <span class='ocrx_word' id='word_1_340' title='bbox 925 4869 1257 4924; x_wconf 78' lang='lat' dir='ltr'>Divinarum</span> <span class='ocrx_word' id='word_1_341' title='bbox 1278 4884 1499 4941; x_wconf 75' lang='lat' dir='ltr'>operum</span> <span class='ocrx_word' id='word_1_342' title='bbox 1517 4884 1570 4939; x_wconf 90' lang='lat' dir='ltr'>p.</span> <span class='ocrx_word' id='word_1_343' title='bbox 1598 4867 1681 4922; x_wconf 82' lang='lat' dir='ltr'>nt</span> <span class='ocrx_word' id='word_1_344' title='bbox 1703 4868 1807 4923; x_wconf 86' lang='lat' dir='ltr'>vis.</span> <span class='ocrx_word' id='word_1_345' title='bbox 1899 4866 2118 4921; x_wconf 87' lang='lat' dir='ltr'>accedit</span> <span class='ocrx_word' id='word_1_346' title='bbox 2146 4867 2253 4922; x_wconf 89' lang='lat' dir='ltr'>hoc</span> <span class='ocrx_word' id='word_1_347' title='bbox 2280 4866 2656 4936; x_wconf 82' lang='lat' dir='ltr'>fragmentum</span> <span class='ocrx_word' id='word_1_348' title='bbox 2677 4868 2806 4923; x_wconf 83' lang='lat' dir='ltr'>aliis</span> <span class='ocrx_word' id='word_1_349' title='bbox 2822 4868 2884 4924; x_wconf 84' lang='lat' dir='ltr'>S.</span> <span class='ocrx_word' id='word_1_350' title='bbox 2906 4868 3267 4939; x_wconf 77' lang='lat' dir='ltr'>Hildegardis</span> <span class='ocrx_word' id='word_1_351' title='bbox 3287 4873 3405 4944; x_wconf 89' lang='lat' dir='ltr'>epi·</span> 
     </span>
     <span class='ocr_line' id='line_1_35' title="bbox 305 4950 3404 5026; baseline 0.001 -17"><span class='ocrx_word' id='word_1_352' title='bbox 305 4954 623 5016; x_wconf 76' lang='lat' dir='ltr'>X,num.8.</span> <span class='ocrx_word' id='word_1_353' title='bbox 650 4955 861 5011; x_wconf 81' lang='lat' dir='ltr'>Patrol.</span> <span class='ocrx_word' id='word_1_354' title='bbox 887 4954 992 5009; x_wconf 91' lang='lat' dir='ltr'>col.</span> <span class='ocrx_word' id='word_1_355' title='bbox 1025 4956 1177 5009; x_wconf 82' lang='lat'>1006.</span> <span class='ocrx_word' id='word_1_356' title='bbox 1200 4952 1673 5021; x_wconf 79' lang='lat' dir='ltr'>——³)Hildegardi</span> <span class='ocrx_word' id='word_1_357' title='bbox 1697 4953 1812 5026; x_wconf 88' lang='lat' dir='ltr'>pla·</span> <span class='ocrx_word' id='word_1_358' title='bbox 1901 4950 2065 5006; x_wconf 84' lang='lat' dir='ltr'>stolis</span> <span class='ocrx_word' id='word_1_359' title='bbox 2101 4951 2171 5006; x_wconf 89' lang='lat' dir='ltr'>de</span> <span class='ocrx_word' id='word_1_360' title='bbox 2206 4951 2417 5022; x_wconf 84' lang='lat' dir='ltr'>quibus</span> <span class='ocrx_word' id='word_1_361' title='bbox 2454 4951 2619 5008; x_wconf 78' lang='lat' dir='ltr'>infra.</span> <span class='ocrx_word' id='word_1_362' title='bbox 2658 4951 2892 5008; x_wconf 86' lang='lat' dir='ltr'>Cantica</span> <span class='ocrx_word' id='word_1_363' title='bbox 2928 4953 3077 5024; x_wconf 86' lang='lat' dir='ltr'>sapit</span> <span class='ocrx_word' id='word_1_364' title='bbox 3114 4956 3404 5026; x_wconf 81' lang='lat' dir='ltr'>superiora</span> 
     </span>
     <span class='ocr_line' id='line_1_36' title="bbox 303 5035 3405 5111; baseline 0.001 -16"><span class='ocrx_word' id='word_1_365' title='bbox 303 5045 393 5096; x_wconf 86' lang='lat' dir='ltr'>cet</span> <span class='ocrx_word' id='word_1_366' title='bbox 419 5039 747 5111; x_wconf 80' lang='lat' dir='ltr'>hujusmodi</span> <span class='ocrx_word' id='word_1_367' title='bbox 784 5039 853 5094; x_wconf 90' lang='lat' dir='ltr'>de</span> <span class='ocrx_word' id='word_1_368' title='bbox 881 5039 1046 5093; x_wconf 83' lang='lat' dir='ltr'>Patre</span> <span class='ocrx_word' id='word_1_369' title='bbox 1072 5037 1270 5093; x_wconf 81' lang='lat' dir='ltr'>dictio.</span> <span class='ocrx_word' id='word_1_370' title='bbox 1303 5036 1386 5091; x_wconf 83' lang='lat' dir='ltr'>lta</span> <span class='ocrx_word' id='word_1_371' title='bbox 1414 5037 1566 5093; x_wconf 87' lang='lat' dir='ltr'>enim</span> <span class='ocrx_word' id='word_1_372' title='bbox 1606 5037 1814 5108; x_wconf 80' lang='lat' dir='ltr'>incipit</span> <span class='ocrx_word' id='word_1_373' title='bbox 1902 5041 1959 5091; x_wconf 88' lang='lat' dir='ltr'>et</span> <span class='ocrx_word' id='word_1_374' title='bbox 1998 5036 2192 5091; x_wconf 88' lang='lat' dir='ltr'>statim</span> <span class='ocrx_word' id='word_1_375' title='bbox 2234 5037 2303 5090; x_wconf 90' lang='lat' dir='ltr'>ab</span> <span class='ocrx_word' id='word_1_376' title='bbox 2334 5035 2524 5098; x_wconf 84' lang='lat' dir='ltr'>initio.</span> <span class='ocrx_word' id='word_1_377' title='bbox 2555 5042 2620 5091; x_wconf 87' lang='lat' dir='ltr'>ut</span> <span class='ocrx_word' id='word_1_378' title='bbox 2647 5042 2803 5107; x_wconf 84' lang='lat' dir='ltr'>patet</span> <span class='ocrx_word' id='word_1_379' title='bbox 2826 5036 3142 5094; x_wconf 85' lang='lat' dir='ltr'>conserenti</span> <span class='ocrx_word' id='word_1_380' title='bbox 3168 5048 3318 5099; x_wconf 84' lang='lat' dir='ltr'>cant.</span> <span class='ocrx_word' id='word_1_381' title='bbox 3352 5045 3405 5101; x_wconf 84' lang='lat' dir='ltr'>X</span> 
     </span>
     <span class='ocr_line' id='line_1_37' title="bbox 310 5122 3406 5195; baseline 0.001 -16"><span class='ocrx_word' id='word_1_382' title='bbox 310 5125 368 5179; x_wconf 84' lang='lat' dir='ltr'>in</span> <span class='ocrx_word' id='word_1_383' title='bbox 394 5126 539 5180; x_wconf 84' lang='lat' dir='ltr'>libro</span> <span class='ocrx_word' id='word_1_384' title='bbox 558 5125 680 5181; x_wconf 90' lang='lat' dir='ltr'>eod.</span> <span class='ocrx_word' id='word_1_385' title='bbox 707 5125 744 5180; x_wconf 94' lang='lat' dir='ltr'>l.</span> <span class='ocrx_word' id='word_1_386' title='bbox 774 5126 809 5181; x_wconf 91' lang='grc' dir='ltr'>Ι.</span> <span class='ocrx_word' id='word_1_387' title='bbox 839 5139 992 5179; x_wconf 87' lang='lat' dir='ltr'>num.</span> <span class='ocrx_word' id='word_1_388' title='bbox 1018 5123 1174 5179; x_wconf 73' lang='lat' dir='ltr'>xlv:</span> <span class='ocrx_word' id='word_1_389' title='bbox 1209 5148 1230 5171; x_wconf 74' lang='grc' dir='ltr'>ι</span> <span class='ocrx_word' id='word_1_390' title='bbox 1256 5123 1609 5195; x_wconf 79' lang='lat' dir='ltr'>Quapropter</span> <span class='ocrx_word' id='word_1_391' title='bbox 1633 5122 1816 5178; x_wconf 80' lang='lat' dir='ltr'>Filius</span> <span class='ocrx_word' id='word_1_392' title='bbox 1905 5130 1960 5177; x_wconf 85' lang='lat' dir='ltr'>ct</span> <span class='ocrx_word' id='word_1_393' title='bbox 1990 5122 2143 5177; x_wconf 77' lang='lat' dir='ltr'>xlv:</span> <span class='ocrx_word' id='word_1_394' title='bbox 2178 5122 2312 5177; x_wconf 80' lang='lat' dir='ltr'>Cum</span> <span class='ocrx_word' id='word_1_395' title='bbox 2334 5126 2590 5194; x_wconf 74' lang='lat' dir='ltr'>processit</span> <span class='ocrx_word' id='word_1_396' title='bbox 2621 5124 2847 5192; x_wconf 78' lang='lat' dir='ltr'>[actura</span> <span class='ocrx_word' id='word_1_397' title='bbox 2872 5124 3042 5193; x_wconf 74' lang='lat' dir='ltr'>diyiti</span> <span class='ocrx_word' id='word_1_398' title='bbox 3072 5124 3174 5179; x_wconf 83' lang='lat' dir='ltr'>Dei</span> <span class='ocrx_word' id='word_1_399' title='bbox 3198 5129 3303 5181; x_wconf 81' lang='lat' dir='ltr'>etc.</span> <span class='ocrx_word' id='word_1_400' title='bbox 3338 5158 3406 5171; x_wconf 85' lang='lat'>—-</span> 
     </span>
    </p>
   </div>
   <div class='ocr_carea' id='block_1_13' title="bbox 492 5230 1313 5294">
    <p class='ocr_par' dir='ltr' id='par_1_13' title="bbox 492 5230 1313 5294">
     <span class='ocr_line' id='line_1_38' title="bbox 492 5230 1313 5294; baseline -0.005 -1"><span class='ocrx_word' id='word_1_401' title='bbox 492 5236 840 5294; x_wconf 60' lang='lat' dir='ltr'>Anam-zer.</span> <span class='ocrx_word' id='word_1_402' title='bbox 894 5233 962 5291; x_wconf 88' lang='lat' dir='ltr'>T.</span> <span class='ocrx_word' id='word_1_403' title='bbox 1018 5231 1180 5291; x_wconf 89' lang='lat' dir='ltr'>V111.</span> <span class='ocrx_word' id='word_1_404' title='bbox 1231 5230 1313 5289; x_wconf 85' lang='lat'>31</span> 
     </span>
    </p>
   </div>
  </div>
 </body>
</html>
