4036 6117
799 455 926 512 448
1967 471 2018 516 S.
2071 470 2602 521 HILDEGARDIS

1882 681 2002 744 XL.
2058 686 2150 745 De
2211 687 2596 763 ViryinibuS.
2634 683 2679 756 ¹)

812 879 864 941 O
896 880 1219 958 pulchrae
1270 878 1498 952 facieS,
1550 878 1756 939 Deum
1807 882 2235 958 aspicientes,
2272 891 2339 943 et
2375 885 2439 944 in
2484 901 2728 945 aurora
2764 885 3213 958 aedificantes„
3252 903 3290 943 o
3327 885 3569 944 beatae
3620 885 3815 959 virgi·

722 1001 866 1062 nes,
904 1001 1104 1063 quam
1139 984 1398 1044 nobiles
1433 983 1627 1042 estis!
1663 984 1735 1043 In
1772 985 2018 1060 quibus
2055 1003 2165 1046 rex
2204 1003 2277 1046 se
2311 989 2786 1063 consideravit,
2825 1004 2977 1047 cum
3013 989 3079 1047 in
3110 989 3306 1049 vobis
3341 990 3569 1049 omnia
3603 990 3813 1048 coele-

725 1088 856 1147 stia
890 1090 1283 1148 ornamenta
1315 1086 1754 1163 presignavit,
1789 1088 1906 1147 ubi
1939 1089 2139 1149 etiam
2179 1091 2625 1151 suavissimus
2661 1090 2897 1151 hortus
2931 1093 3122 1163 estiS,
3176 1095 3241 1151 in
3275 1094 3592 1152 omnibus
3624 1109 3812 1152 orna-

717 1175 962 1251 mentis
998 1189 1394 1250 redolentes,
1447 1209 1480 1249 e
1528 1210 1574 1249 u
1621 1208 1654 1248 ο
1703 1210 1749 1250 ιι
1796 1211 1836 1250 α
1883 1212 1936 1252 e.

1630 1375 1783 1436 XLI.
1823 1378 2336 1454 Responsorium
2370 1379 2449 1437 de
2509 1378 2895 1456 Virqinibus.

792 1566 1223 1627 Nobilissima
1255 1566 1591 1641 viriditas„
1631 1583 1806 1643 quae
1844 1567 2113 1625 radicas
2154 1568 2216 1626 in
2252 1568 2415 1641 sole,
2452 1573 2520 1627 et
2553 1584 2725 1643 quae
2751 1567 2824 1627 in
2857 1567 3137 1627 candida
3190 1568 3551 1627 serenitate
3586 1567 3790 1640 luceS,

705 1671 772 1729 in
805 1673 971 1746 rota,
1001 1687 1199 1747 quam
1228 1671 1412 1731 nulla
1436 1678 1703 1730 terrena
1737 1671 2132 1751 excellentia
2168 1671 2692 1747 comprehendit,
2723 1676 2794 1730 tu
2822 1671 3237 1730 circumdata
3272 1686 3345 1729 es
3380 1671 3791 1746 amplexibus

711 1773 1092 1835 divinorum
1130 1774 1677 1834 ministeriorum.
1714 1770 1764 1852 2)

794 1865 874 1959 Jff.
914 1877 1012 1937 Tu
1045 1876 1247 1937 rubes
1282 1882 1356 1937 ut
1390 1892 1656 1951 aurora,
1695 1879 1763 1936 et
1794 1875 1990 1936 ardes
2028 1855 2100 1937 ut
2133 1877 2298 1937 solis
2332 1877 2618 1938 flamma.

1253 2054 1439 2116 XLII.
1476 2056 1994 2132 Responsorium
2040 2058 2120 2116 de
2171 2059 2480 2118 undecim
2528 2058 2824 2120 millibus
2884 2061 3244 2139 Viryinum.

781 2224 861 2319 fi.
910 2235 1131 2297 Favus
1177 2235 1516 2297 distillans
1563 2238 1805 2298 Ursula
1852 2239 2045 2313 virgo
2092 2237 2243 2308 fuit,
2295 2254 2466 2315 quae
2514 2241 2777 2314 Agnum
2823 2239 2939 2300 Dei
2989 2241 3302 2317 amplecti
3346 2242 3770 2314 desideravit;

695 2342 827 2401 mel
858 2347 927 2402 et
959 2342 1064 2402 lac
1098 2342 1223 2402 sub
1267 2343 1494 2417 lingua
1525 2342 1694 2417 ejuS,
1747 2342 1904 2418 quia
1937 2342 2340 2418 pomiferum
2392 2342 2660 2403 hortum
2697 2348 2766 2404 et
2798 2344 2996 2405 flores
3030 2345 3270 2406 florum
3317 2347 3384 2406 in
3416 2347 3614 2406 turba
3647 2349 3775 2407 vir·

696 2444 926 2519 ginum
958 2443 1042 2504 ad
1076 2459 1146 2504 se
1181 2444 1471 2547 collegit.

783 2537 864 2629 fi.
897 2547 1080 2609 Unde
1113 2549 1179 2608 in
1225 2549 1647 2610 nobilissima
1682 2566 1925 2610 aurora
1959 2550 2199 2626 gaude,
2237 2550 2374 2611 filia
2410 2550 2585 2612 Sion.
2628 2550 2796 2621 Quia
2845 2550 3268 2626 pomiferum.
3319 2553 3549 2614 Gloria
3595 2555 3770 2616 Patri

691 2656 760 2711 et
808 2652 974 2712 Filio
1022 2659 1091 2713 et
1116 2652 1391 2729 Spiritui
1426 2652 1686 2716 Sancto,
1723 2654 1889 2726 Quia
1922 2654 2324 2730 pomiferum

1731 2821 1945 2883 XLIII.
1998 2823 2169 2882 Item
2219 2825 2728 2899 responsorium.

776 3012 858 3092 ιγ.
910 3006 1186 3085 Spiritui
1236 3007 1475 3070 Sancto
1526 3008 1737 3069 honor
1785 3007 1896 3082 sit,
1949 3006 2063 3083 qui
2132 3006 2198 3066 in
2233 3010 2451 3066 mente
2498 3006 2778 3067 Ursulae
2833 3005 3117 3083 virginis
3171 2996 3573 3083 virginalem
3628 3015 3760 3069 tur-

681 3116 835 3176 bam
865 3116 1053 3175 velut
1085 3114 1431 3174 columbas
1455 3108 1504 3193 ⁸)
1541 3113 1832 3203 collegit3
1871 3111 2043 3172 unde
2077 3111 2223 3187 ipsa
2257 3112 2546 3186 patriam
2575 3126 2764 3170 suam
2793 3111 2972 3171 sicut
2995 3111 3333 3172 Abraham
3369 3112 3667 3189 reliquit,
3702 3120 3763 3172 et

679 3222 887 3282 etiam
916 3219 1710 3298 propter·amp1exionem
1744 3216 1913 3291 Agni
1946 3215 2534 3291 desponsationem
2565 3215 2695 3273 viri
2731 3215 2861 3275 sibi
2897 3215 3243 3276 abstraxit.

767 3331 851 3398 Rs.
900 3328 1064 3388 Nam
1114 3327 1244 3386 iste
1292 3325 1719 3385 castissimus
1768 3328 1836 3381 et
1883 3337 2130 3381 aureus
2178 3323 2514 3380 exercitus
2551 3322 2617 3380 in
2649 3321 2951 3395 virgineo
2985 3321 3170 3380 crine
3204 3336 3389 3380 mare
3422 3321 3754 3381 transivit..

679 3429 736 3491 Ο
768 3402 921 3506 duis
954 3444 1251 3505 unquam
1285 3427 1449 3488 talia
1482 3425 1784 3486 audivit?
1822 3425 1903 3486 Et
1935 3425 2159 3485 etiam.
2198 3425 2426 3485 Gloria
2458 3424 2641 3484 Patri
2674 3417 2741 3485 et
2772 3424 2940 3484 Filio
2975 3429 3042 3484 et
3073 3422 3352 3500 Spiritui
3387 3422 3645 3485 Sancto.
3681 3422 3753 3481 Et

677 3532 902 3591 etiam.

1600 3680 1812 3742 XLIV.
1861 3683 2244 3758 Antiphone
2289 3683 2363 3741 in
2411 3681 2849 3758 evanyelium.

739 3868 791 3929 Ο
845 3864 1051 3925 rubor
1098 3864 1467 3940 sanguiniS,
1520 3863 1636 3940 qui
1681 3863 1762 3923 de
1809 3864 2072 3923 excelso
2125 3864 2239 3923 illo
2289 3863 2497 3937 fluxit,
2549 3861 2724 3938 quod
2757 3859 3086 3921 Divinitas
3118 3860 3362 3936 tetigit,
3401 3862 3471 3920 tu
3506 3861 3623 3920 ilos
3656 3873 3745 3931 ες,

667 3990 870 4051 quem
904 3973 1136 4049 hyems
1169 3971 1251 4031 de
1284 3971 1446 4031 flatu
1482 3970 1777 4047 serpenti
1810 3986 2175 4047 numquam
2210 3971 2424 4030 laesit.

1828 4142 2009 4217 XLV,
2061 4143 2271 4204 XLVI.
2326 4144 2603 4204 Laudes,

752 4318 904 4377 Ant.
941 4314 1244 4376 Studium
1275 4313 1661 4375 Divinitatis
1697 4314 1762 4373 in
1797 4310 2108 4372 laudibus
2141 4311 2427 4370 excelsis
2460 4311 2766 4371 osculum
2791 4311 2981 4387 pacis
3007 4309 3289 4369 Ursulae
3324 4308 3570 4385 virgini
3599 4324 3739 4368 cum

657 4421 859 4481 turba
892 4437 1014 4480 sua
1045 4421 1114 4479 in
1146 4420 1455 4479 omnibus
1489 4417 1758 4495 populis
1792 4416 1995 4476 dedit.
2031 4435 2064 4475 e
2112 4434 2158 4473 u
2207 4433 2241 4473 ο
2287 4435 2335 4474 u
2382 4434 2423 4474 a
2469 4435 2502 4475 e
2541 4463 2553 4475 .

747 4524 901 4585 Ant.
937 4524 1116 4584 Unde
1151 4537 1575 4600 quocumque
1606 4521 1951 4581 venientes
1985 4524 2445 4596 perrexerunt,
2480 4520 2666 4579 velut
2691 4535 2843 4580 cum
2869 4518 3111 4595 gaudio
3139 4517 3457 4578 coelestis
3482 4515 3739 4592 paradi-

655 4627 717 4685 si
750 4628 1099 4702 susceptae
1136 4632 1317 4696 sunt,
1355 4626 1511 4701 quia
1548 4626 1612 4683 in
1646 4624 1967 4699 religione
2000 4638 2259 4683 morum
2297 4622 2661 4683 honorifice
2695 4627 3169 4699 apparuerunt.
3214 4640 3248 4680 e
3297 4640 3345 4680 u
3392 4638 3427 4679 o
3473 4640 3521 4679 u.
3570 4640 3610 4680 a
3654 4638 3687 4678 e
3721 4666 3733 4678 .

744 4734 899 4795 Ant.
952 4732 1043 4793 De
1090 4734 1309 4810 patria
1358 4734 1562 4793 etiam
1605 4748 1840 4792 earum
1889 4735 1956 4790 et
2018 4731 2099 4790 de
2148 4730 2303 4790 aliis
2352 4730 2740 4805 regionibus
2787 4731 2919 4790 viri
2953 4730 3254 4806 religiosi
3302 4735 3371 4789 et
3403 4730 3736 4804 sapientes

654 4839 824 4915 ipsis
858 4838 1152 4914 adjuncti
1188 4842 1364 4912 sunt,
1416 4836 1531 4913 qui
1579 4853 1695 4896 eas
1733 4836 1797 4895 in
1831 4834 2133 4910 virginea
2180 4835 2489 4894 custodia
2525 4838 2909 4911 servabant,
2948 4837 3016 4896 et
3049 4836 3162 4913 qui
3198 4837 3297 4894 eis
3334 4835 3399 4894 in
3433 4833 3736 4894 omnibus

655 4943 1152 5004 ministrabant.
1205 4961 1238 5002 e
1287 4961 1333 5000 u
1380 4959 1415 4999 o
1460 4959 1506 4999 u
1552 4960 1592 4999 a
1640 4960 1673 5000 e
1712 4988 1724 5000 .

718 5112 764 5178 ¹)
790 5115 868 5170 ne
892 5115 1012 5178 xL.
1040 5115 1166 5170 xm
1195 5113 1269 5170 cr.
1303 5112 1518 5169 scivias
1542 5113 1578 5169 1.
1614 5112 1650 5169 1.
1684 5144 1750 5152 -
1775 5115 1821 5179 α)
1847 5115 2218 5183 mysteriorum
2244 5109 2393 5168 Sciv.
2425 5140 2491 5151 -
2515 5112 2559 5179 ³)
2584 5113 2829 5168 columba
2855 5112 2975 5168 cod.
