4036 6117
706 465 834 526 170
1071 468 1074 469 ’
1863 483 1912 527 s.
1975 479 2517 527 ninnsoAnnis

635 606 875 673 tanteS,
917 600 1134 676 ipsum
1170 598 1453 659 fideliter
1485 598 1703 657 colite.
1742 598 1918 657 Haec
1955 606 2187 659 sancta
2220 603 2286 658 et
2321 600 2533 660 fidelis
2584 600 2827 672 anima,
2880 597 3035 658 dum
3086 598 3303 658 adhuc
3338 600 3402 658 in
3451 617 3733 678 corpore

636 708 878 777 manet,
920 702 1141 778 faciat,
1181 718 1258 762 ac
1288 701 1637 761 Diabolum
1671 717 1821 761 cum
1856 704 2411 778 persuasionibus
2446 704 2587 763 suis
2624 702 2857 778 fugiat;
2896 704 3329 780 Creatorique
3372 721 3495 764 suo
3533 706 3737 765 adhe-
3788 704 3793 707 ’

637 812 801 880 reat,
838 812 906 865 et
940 806 1023 865 ab
1059 806 1194 865 illis
1227 820 1399 881 quae
1437 821 1584 864 eam
1619 804 1950 865 suffocare
1986 806 2316 881 laborant,
2357 806 2749 866 festinanter
2781 804 3088 864 declinet.
3125 804 3246 875 Qui
3280 807 3504 865 autem
3549 807 3735 866 vitae

630 909 1035 970 desiderium
1072 910 1274 969 habet
1308 910 1374 968 in
1410 910 1545 984 illc,
1583 909 1788 968 verba
1835 908 1999 969 haec
2033 909 2381 986 percipiat,
2418 927 2495 969 ac
2543 926 2623 970 ea
2659 910 2726 969 in
2760 910 3041 969 interius
3090 910 3469 970 cubiculum
3505 912 3734 971 cordis

634 1022 741 1080 sui
774 1021 1115 1081 recondat.

719 1125 826 1185 55.
877 1124 956 1184 Et
989 1140 1143 1183 ecce
1177 1125 1346 1184 alias
1384 1124 1726 1199 praefatae
1759 1124 2211 1184 multitudinis
2254 1125 2391 1185 vidi
2426 1126 2728 1201 spirituS,
2765 1126 2881 1200 qui
2913 1124 3459 1185 vociferabantur
3504 1125 3733 1187 dicen-

628 1235 750 1289 tes:
780 1227 1044 1287 Lucifer
1077 1229 1253 1304 quod
1287 1228 1416 1287 sibi
1450 1229 1779 1304 placuerit
1812 1228 2032 1303 faciet,
2062 1237 2129 1288 et
2160 1246 2284 1289 nos
2318 1246 2468 1289 curn
2504 1230 2639 1303 illc,
2669 1246 2789 1289 nec
2821 1231 2966 1306 ipse
3001 1245 3121 1289 nec
3147 1246 3271 1289 nos
3297 1231 3478 1290 aliud
3516 1231 3726 1292 facie-

629 1346 798 1391 muS.
836 1331 955 1390 Isti
989 1329 1372 1390 hominibus
1409 1331 1804 1407 injustitiam
1835 1339 2238 1408 proponunt,
2276 1340 2342 1393 et
2375 1350 2454 1393 ne
2490 1334 2846 1410 quisquam
2882 1335 2998 1393 ulli
3035 1334 3209 1409 quod
3238 1351 3435 1394 suum
3467 1341 3573 1395 est
3605 1338 3733 1396 tri-

629 1435 812 1507 buat,
851 1434 1278 1509 persuadent.

2073 1647 2288 1706 XLIII.

1538 1856 1628 1913 De
1678 1852 2053 1928 injustitiae
2097 1858 2332 1931 poenis
2375 1859 2802 1931 puryatoriis.

717 2061 821 2120 56.
875 2060 954 2119 Et
987 2061 1123 2119 vidi
1162 2060 1563 2120 horrendum
1599 2062 1841 2135 locum,
1883 2063 2096 2137 igneis
2133 2063 2345 2139 spinis
2379 2069 2446 2121 et
2472 2063 2742 2123 tribulis
2769 2079 2846 2123 ac
2872 2064 3188 2138 pessimis
3212 2063 3557 2124 vermibus
3584 2064 3725 2140 ple-

623 2181 805 2239 num,
844 2180 963 2240 per
998 2179 1169 2240 quae
1205 2159 1250 2243 ¹)
1287 2165 1508 2224 omnia
1543 2167 1815 2241 maligni
1853 2166 2132 2240 spiritus
2167 2168 2425 2227 animas
2475 2167 2743 2227 illorum
2773 2168 2989 2243 igneis
3031 2168 3313 2244 flagellis
3346 2168 3716 2245 agitabant,

624 2268 736 2342 qui
772 2266 929 2325 dum
967 2267 1030 2325 in
1066 2267 1334 2325 saeculo
1386 2268 1452 2325 in
1487 2267 1881 2343 corporibus
1918 2270 2062 2328 suis
2099 2269 2408 2340 fuissent,
2446 2270 2815 2346 injustitiae
2850 2271 3157 2331 omnibus
3193 2271 3408 2331 modis
3456 2271 3721 2332 instite-

625 2375 794 2430 rant.
831 2370 992 2429 Nam
1030 2371 1185 2446 quia
1218 2371 1620 2446 injustitiam
1658 2371 1854 2431 factis
1888 2378 1954 2431 et
1985 2373 2188 2433 dictis
2222 2374 2468 2450 ubique
2503 2379 2876 2449 tenuerant,
2915 2375 3129 2451 spinis
3160 2380 3227 2434 et
3259 2375 3527 2436 tribulis
3563 2376 3718 2436 istis

622 2472 1090 2547 puniebantur;
1128 2480 1195 2533 et
1227 2474 1386 2549 quia
1420 2474 1486 2533 in
1520 2474 1634 2535 illa
1684 2476 2198 2536 amaritudinem
2244 2483 2702 2553 servaverant,
2754 2477 3004 2536 eisdem
3054 2477 3398 2537 vermibus
3445 2483 3719 2555 torque-

625 2578 889 2651 bantur3
926 2585 994 2638 et
1028 2580 1339 2655 quoniam
1378 2580 1544 2639 nulli
1576 2596 1696 2655 per
1743 2581 2141 2657 injustitiam
2192 2588 2651 2659 pepercerant,
2690 2599 2726 2642 a
2762 2582 3071 2656 malignis
3107 2581 3458 2656 spiritibus
3500 2582 3719 2658 igneis

627 2682 912 2755 flagellis
947 2681 1438 2756 affligebantur.
1475 2683 1553 2742 Et
1587 2684 1723 2743 vidi
1757 2691 1825 2744 et
1860 2686 2157 2745 intellexi
2193 2686 2376 2746 haec.

2046 2911 2290 2970 XLIIII.

1535 3106 1627 3165 De
1677 3104 1945 3180 injustis
1993 3108 2306 3182 facienda
2347 3110 2781 3183 poenitentia.

707 3310 810 3369 57.
863 3311 940 3370 Et
992 3311 1234 3370 iterum
1285 3312 1365 3369 de
1415 3312 1758 3389 praedicta
1808 3315 2071 3373 vivente
2122 3315 2268 3373 luce
2327 3315 2550 3374 audivi
2600 3330 2834 3375 vocem
2884 3315 3045 3374 mihi
3105 3314 3472 3375 dicentem:
3526 3315 3709 3376 Haec

614 3430 787 3489 quae
835 3415 1025 3474 vides
1072 3432 1232 3475 vera
1282 3419 1463 3487 sunt,
1499 3422 1565 3477 et
1599 3420 1671 3477 ut
1703 3433 1782 3478 ea
1814 3419 2027 3493 videS,
2067 3420 2156 3478 ita
2192 3425 2366 3479 sunt.
2404 3419 2818 3494 Quapropter
2852 3419 3153 3478 homines
3186 3419 3302 3495 qui
3335 3418 3460 3479 hos
3498 3421 3711 3495 pessi-

613 3535 757 3578 mos
785 3521 1066 3596 spiritus
1095 3522 1426 3582 voluerint
1454 3538 1794 3598 superare,
1825 3526 1891 3582 et
1918 3539 2165 3599 poenas
2195 3524 2393 3599 hujus
2419 3524 2567 3584 vitii
2590 3521 2639 3602 ⁴²)
2668 3523 2984 3599 effugere,
3013 3539 3274 3583 omnem
3303 3524 3706 3598 injustitiam

614 3622 695 3681 de
729 3639 800 3682 se
849 3624 1226 3699 projiciant,
1262 3631 1328 3684 et
1356 3625 1606 3700 JeJ'unia
1643 3634 1710 3685 et
1757 3627 2038 3687 verbera
2089 3629 2486 3702 sustineant3
2539 3628 2923 3705 purissimis
2973 3643 3237 3704 quoque
3280 3627 3701 3687 orationibus

617 3730 869 3784 attente
905 3727 1241 3802 insistant,
1278 3733 1344 3786 et
1381 3727 1506 3788 hoc
1541 3730 1906 3790 secundum
1941 3731 2117 3806 quod
2170 3749 2206 3790 a
2239 3732 2660 3807 praesidente
2695 3731 3069 3790 animarum
3118 3747 3396 3790 suarum
3440 3736 3705 3790 rectore

617 3829 716 3888 eis
749 3829 1271 3904 demonstratur,
1313 3831 1580 3891 faciant.

2064 4041 2250 4103 XLV.

1906 4252 1998 4311 De
2048 4247 2399 4325 injustitia.

697 4455 803 4517 58.
855 4458 1270 4534 Quicumque
1320 4461 1495 4519 enim
1548 4461 1944 4536 injustitiam
1994 4463 2303 4539 diligunt,
2341 4469 2408 4522 et
2455 4479 2599 4523 eam
2640 4467 2862 4524 tenent
2912 4465 2976 4523 in
3008 4465 3280 4525 dextera
3314 4470 3381 4523 et
3417 4464 3483 4524 in
3532 4463 3692 4524 sini-

609 4562 772 4635 stra,
812 4563 1098 4621 caeteris
1134 4561 1518 4623 hominibus
1555 4565 1932 4640 adulantur;
1973 4566 2089 4625 sed
2123 4568 2488 4641 magistros
2523 4583 2679 4627 suos
2712 4585 2842 4628 non
2875 4569 3175 4645 audiunt,
3211 4572 3280 4630 et
3310 4585 3434 4630 nec
3478 4571 3697 4647 legem

603 4669 852 4737 amant,
890 4680 1011 4724 nec
1065 4665 1372 4725 instituta
1409 4667 1577 4742 legis
1627 4685 1899 4728 servare
1933 4671 2186 4744 volunt,
2225 4671 2338 4730 sed
2375 4687 2814 4747 unaquaeque
2850 4688 3021 4748 quae
3055 4673 3363 4748 diligunt,
3405 4672 3533 4733 sibi
3567 4688 3692 4749 pro

612 4773 754 4847 lege
790 4776 1230 4846 constituunt,
1268 4775 1589 4851 quamdiu
1623 4778 1874 4838 volunt.
1911 4779 2246 4855 Injustitia
2280 4796 2565 4856 namque
2602 4781 2776 4840 sicut
2808 4797 2940 4840 non
2986 4788 3092 4842 est
3128 4782 3194 4842 in
3225 4799 3355 4859 qua
3402 4783 3555 4842 luna
3584 4781 3697 4841 de-

607 4876 765 4950 ficit,
804 4883 870 4935 et
905 4878 969 4936 in
1003 4895 1135 4954 qua
1170 4880 1405 4939 stellae
1439 4896 1569 4940 non
1604 4881 1844 4956 lucent,
1883 4883 2200 4959 quoniam
2236 4890 2308 4943 ut
2345 4885 2412 4943 in
2446 4892 2636 4945 nocte
2672 4886 2801 4945 ista
2835 4901 2956 4945 nec
2992 4886 3058 4945 in
3094 4887 3248 4946 luna
3281 4901 3401 4945 nec
3438 4886 3502 4946 in
3537 4886 3696 4945 stel-

606 4982 687 5040 lis
738 4980 1194 5041 obtenebratis
1244 4990 1547 5058 tempora
1596 4984 1887 5045 discerni
1935 4992 2272 5061 poterunt,
2313 4988 2404 5047 ita
2439 4990 2642 5047 etiam
2676 5006 2796 5048 nec
2834 4991 2900 5050 in
2934 4991 3261 5066 injustitia
3313 4990 3494 5049 ullus
3528 4988 3693 5048 ordo

680 5147 719 5212 ¹)
743 5166 841 5220 per
867 5167 1020 5221 quem
1047 5152 1111 5204 A.
1147 5183 1204 5189 —
1236 5153 1280 5216 ²)
1307 5169 1565 5224 superare
1591 5152 1859 5209 voluerint
1885 5161 1931 5207 et
1949 5171 2156 5226 poenae
2180 5160 2309 5212 vitii
2333 5158 2504 5228 hujus
2524 5157 2613 5212 W.
