4036 6117
765 501 893 560 536
1933 518 1983 563 s.
2039 518 2576 566 mnneGAnnis

2118 749 2388 809 LXVIII.

1473 932 1755 991 Cuidam
1791 931 2115 991 sacerdoti
2149 930 2230 990 de
2267 932 2459 992 Metis
2490 926 2537 1008 ¹)
2575 931 3016 1008 Hildeqardis

768 1106 849 1161 De
874 1102 1154 1161 reddenda
1185 1100 1559 1158 villicationis
1586 1101 1806 1157 ratione
1833 1106 1890 1158 et
1916 1102 1984 1158 de
2008 1102 2191 1159 officio
2220 1108 2446 1159 strenue
2476 1102 2762 1175 implendo
2783 1108 2993 1159 monet.

783 1240 1033 1300 Lumen
1080 1238 1493 1297 visitationis
1527 1237 1612 1296 ad
1663 1240 1727 1297 te
1761 1237 1945 1298 dicit:
1981 1237 2033 1297 Ο
2068 1238 2159 1298 fili
2197 1239 2623 1310 salvationiS‚
2664 1241 2727 1298 te
2761 1238 2953 1298 decet
2988 1237 3219 1313 fugere
3253 1244 3479 1297 castra
3517 1240 3789 1299 inimici-

697 1344 853 1416 tiae,
905 1356 1077 1417 quae
1111 1340 1397 1415 flagrant
1444 1340 1526 1400 ad
1563 1344 1649 1415 te,
1686 1343 1759 1400 ut
1806 1342 2098 1401 animam
2133 1345 2314 1402 tuam
2365 1343 2737 1401 vulnerent.
2789 1342 2974 1402 Nunc
3021 1340 3293 1402 attende
3327 1347 3401 1401 ut
3441 1343 3788 1402 villicatio-

694 1464 850 1510 nem
899 1453 1086 1508 tuam
1122 1453 1302 1507 recte
1353 1446 1627 1521 habeaS‚
1680 1463 1761 1507 ne
1796 1464 1834 1506 a
1882 1447 2160 1507 Domino
2197 1454 2312 1508 tuo
2364 1448 2748 1525 inculperis
2786 1448 3083 1509 Primum
3126 1448 3394 1507 declina
3423 1466 3463 1504 a
3494 1447 3694 1515 malo,
3726 1451 3788 1504 et

693 1559 802 1633 fac
833 1552 1095 1627 bonum,
1130 1549 1180 1629 ²)
1219 1558 1452 1626 postea
1488 1552 1904 1611 sacerdotale
1939 1551 2238 1611 officium
2273 1555 2342 1613 et
2374 1557 2807 1627 praeceptum
2842 1553 2908 1611 in
2940 1551 3319 1612 obedientia
3352 1549 3664 1624 observa,
3701 1554 3788 1607 at-

697 1671 826 1733 que
857 1656 1147 1716 animam
1184 1657 1368 1715 tuam
1403 1656 1763 1730 vigilanter
1796 1655 2086 1729 custodi,
2122 1661 2191 1715 et
2224 1656 2291 1714 in
2325 1661 2674 1715 aeternum
2706 1655 2917 1715 vives.

2137 1884 2347 1944 LXIX.

1714 2062 1941 2124 Abbati
1975 2064 2056 2122 de
2100 2063 2305 2122 Wilre
2341 2062 2783 2138 Hildeqardis

769 2237 1020 2307 Castigat
1044 2253 1213 2308 quem
1240 2237 1436 2308 diligit
1465 2238 1760 2294 Dominus.

788 2382 1127 2459 Sapientia
1162 2382 1244 2442 ad
1280 2384 1343 2442 te
1390 2382 1577 2441 dixit:
1615 2382 1666 2441 Ο
1701 2381 1794 2440 fili
1827 2382 2042 2458 patris
2095 2381 2214 2455 tui,
2252 2396 2448 2456 quem
2490 2381 2633 2458 ipse
2681 2380 2876 2439 valde
2909 2380 3266 2456 diligenter
3313 2382 3552 2457 diligit,
3593 2384 3692 2442 ita
3724 2389 3791 2441 ut

697 2488 756 2546 si
791 2485 1148 2561 aliquando
1185 2486 1269 2545 ab
1303 2500 1380 2546 eo
1416 2485 1834 2560 discesseriS,
1870 2486 2066 2560 virga
2100 2485 2437 2559 passionis
2472 2491 2538 2544 te
2574 2474 2924 2558 percutiet,
2962 2490 3163 2559 atque
3193 2486 3258 2545 in
3295 2487 3511 2546 sinum
3546 2489 3794 2561 ample-

696 2590 915 2649 xionis
950 2605 1113 2648 suae
1149 2596 1213 2649 te
1248 2589 1560 2649 attrahet.
1597 2590 1748 2647 Ideo
1785 2605 1916 2649 non
1951 2591 2111 2648 time
2146 2594 2479 2648 tormenta
2522 2588 2636 2648 illa
2685 2604 2856 2664 quae
2905 2588 3182 2664 pateriS,
3234 2595 3300 2648 et
3334 2605 3414 2648 ne
3464 2588 3789 2664 fatigeris,

699 2692 858 2767 quia
892 2693 1116 2752 lumen
1152 2693 1547 2752 salvationis
1583 2700 1647 2752 te
1683 2694 2025 2769 suscipiet.

2155 2886 2333 2946 LXX.

1664 3071 1984 3136 Eberoldo
2018 3073 2343 3134 sacerdoti
2378 3072 2822 3149 Hildeqardis.

770 3267 1122 3340 Interrogata
1147 3268 1217 3324 de
1243 3268 1482 3324 muliere
1508 3266 1576 3322 ad
1605 3265 1782 3321 vitam
1807 3263 2308 3336 contemplativam
2337 3278 2632 3336 propensa,
2663 3266 2946 3335 praestare
2974 3262 3061 3318 illi
3089 3261 3332 3318 activam
3360 3263 3682 3335 respondet.

785 3402 898 3464 fol.
936 3403 1042 3464 69.
1094 3403 1160 3463 Si
1209 3405 1569 3480 quisquam
1616 3403 1962 3464 hominum
2010 3420 2091 3463 ex
2138 3419 2342 3462 arena
2392 3408 2685 3462 montem
2733 3409 3119 3479 congregat,
3164 3408 3233 3463 et
3281 3404 3787 3464 tabernaculum

706 3522 911 3582 super
962 3508 1149 3566 illum
1184 3507 1492 3566 aedificat
1539 3507 1795 3582 absque
1831 3507 2258 3567 fundamento
2309 3512 2374 3566 et
2412 3505 2802 3565 fortitudine
2850 3506 3170 3582 lapidum,
3220 3506 3286 3566 in
3319 3524 3566 3566 vanum
3616 3508 3793 3567 labo·

698 3616 826 3684 rat,
863 3610 1019 3685 quia
1069 3609 1271 3682 cadit;
1325 3610 1440 3669 sed
1477 3611 1544 3668 in
1591 3612 1864 3685 planitie
1903 3612 2121 3671 terrae
2155 3613 2223 3671 et
2256 3612 2324 3670 in
2358 3609 2596 3670 robore
2632 3609 2925 3683 lapidum
2963 3608 3292 3684 aedificet,
3340 3615 3409 3668 et
3444 3611 3511 3669 in
3545 3609 3793 3669 securi·-

698 3717 837 3776 tate
871 3714 1098 3775 stabit.
1153 3714 1333 3773 Haeo
1379 3714 1460 3774 de
1493 3714 1758 3774 domina
1810 3716 1945 3785 illa,
1997 3715 2078 3774 de
2128 3731 2257 3790 qua
2308 3715 2712 3788 interrogas,
2748 3713 2931 3772 dicta
2966 3719 3142 3773 sunt.
3186 3712 3477 3789 Spiritus
3513 3712 3791 3771 Sanctus

699 3820 797 3880 illi
832 3820 1421 3896 contemplativam
1466 3820 1672 3878 vitam
1709 3819 1998 3878 nondum
2037 3819 2298 3890 infudit,
2335 3818 2509 3876 unde
2548 3819 2611 3876 in
2646 3818 2866 3876 activa
2899 3817 3040 3877 vita
3073 3817 3161 3876 sit
3192 3833 3346 3876 cum
3381 3814 3787 3876 abstinentia

698 3927 867 3987 etin
899 3927 1326 3988 eleemosinis
1361 3942 1439 3986 ac
1475 3926 1913 4001 orationibuS,
1960 3926 2028 3985 in
2075 3925 2309 3985 habitu
2360 3925 2726 3999 religioniS,
2778 3926 2847 3984 et
2892 3922 3018 3983 hoc
3068 3923 3269 3983 faciat
3319 3924 3385 3981 in
3435 3920 3789 3981 solitudine

695 4032 1006 4109 propriae
1040 4031 1478 4092 haereditatis
1513 4047 1696 4105 suae,
1734 4036 1800 4090 et
1832 4029 2119 4105 gratiam
2158 4027 2332 4104 apud
2366 4027 2573 4087 Deum
2609 4027 2923 4088 inveniet.

2141 4219 2352 4278 LXXI.

1651 4408 1936 4468 Berthae
1969 4399 2018 4486 ⁸)
2055 4405 2355 4465 ducissae
2390 4403 2836 4480 Hildeqardis.

778 4584 992 4641 Laudes
1017 4602 1144 4641 cum
1174 4585 1475 4641 severitate
1500 4584 1720 4641 miscet.

791 4724 995 4784 Video
1032 4730 1095 4783 te
1135 4726 1198 4782 in
1233 4724 1363 4797 via,
1402 4725 1513 4783 ubi
1560 4724 1735 4782 Deus
1772 4738 2035 4781 manum
2090 4718 2211 4779 tibi
2248 4718 2553 4795 porrigit,
2591 4725 2657 4779 et
2703 4718 2850 4778 ideo
2886 4715 3019 4778 noli
3056 4733 3206 4777 eum
3245 4730 3583 4792 respuere.
3617 4711 3786 4773 Deus

706 4820 835 4913 [te]
859 4835 1059 4903 amat,
1097 4827 1270 4904 quod
1300 4827 1586 4886 animam
1624 4834 1804 4886 tuam
1837 4824 2142 4901 requirit3
2173 4827 2467 4884 attamen
2494 4822 3027 4882 vicissitudinem
3059 4821 3266 4880 habes
3297 4821 3363 4878 in
3389 4817 3784 4894 quibusdam

776 5030 818 5094 ¹)
866 5029 947 5084 De
983 5030 1110 5084 meli
1147 5043 1334 5100 apogr.
1386 5025 1557 5083 Motis
1599 5024 1946 5081 increbuisse
1996 5024 2201 5078 samam
2293 5028 2379 5079 27.
2425 5055 2478 5062 --·
2509 5023 2554 5090 ³)
2582 5021 2974 5090 Quaerendum
3017 5035 3149 5075 num
3191 5018 3398 5074 Bertha
3440 5016 3662 5072 ducissa
3699 5029 3784 5068 ea-

706 5114 1089 5183 Hildegardis,
1118 5119 1360 5169 testatur
1380 5108 2201 5183 epistolaXLlled.nobilissi-
2291 5109 2416 5164 dem
2461 5109 2539 5164 sit
2581 5125 2749 5180 quam
2796 5108 2988 5180 regina
3045 5107 3388 5163 Graecorum
3438 5119 3569 5159 mox
3619 5099 3783 5155 addu-

708 5214 829 5255 mae
855 5199 1174 5254 abbatissae
1196 5199 1251 5254 S.
1278 5197 1649 5256 clodesindis,
1667 5228 1732 5258 ,-
1751 5198 1795 5265 2)
1821 5197 1907 5250 Ps.
1929 5195 2199 5257 xxxvl,
2293 5194 2485 5250 cenda.
2964 5196 2969 5202 ’
