4036 6117
1322 510 1734 556 Exroswto
1785 512 2442 559 nvaxcnmonum.
3232 498 3358 559 281

427 620 740 701 Diaeitque
775 625 836 683 ei
870 625 1068 703 filius,
1107 622 1367 686 scilicet
1401 628 1618 687 homo:
1663 630 1885 701 Pater,
1917 633 2184 706 peccavi
2222 633 2295 689 in
2330 630 2605 703 coelum,
2645 629 2710 688 in
2754 630 3084 706 superiori
3120 634 3430 691 creatura

331 726 660 800 siderum,
715 729 781 786 in
815 728 1078 788 cultura
1114 729 1467 806 idolorum,
1517 738 1576 789 et
1616 750 1833 791 eoram
1866 739 1952 804 te,
1992 739 2056 791 te
2091 734 2422 809 negando,
2455 730 2594 807 jam
2627 750 2760 792 non
2795 753 2939 792 sum
2971 735 3233 812 diqnus,
3272 736 3433 810 quia

333 836 795 905 transgressor
845 848 1018 905 sum,
1055 836 1271 893 vocari
1317 836 1494 913 filius
1527 841 1701 895 tuus
1755 836 1879 894 Sed
1913 837 1994 895 de
2039 838 2519 896 mercennariis
2554 838 2732 910 silet,
2772 839 2929 912 quia
2962 838 3043 898 de
3078 844 3423 898 transacto

335 950 537 1009 opere
571 952 691 995 suo
725 936 976 994 nullam
1012 938 1388 996 mercedem
1423 946 1672 1012 sperat,
1711 956 1782 998 se
1819 946 2077 999 tantum
2115 943 2179 1000 in
2214 942 2498 1016 gratiam
2534 941 2648 1000 Dei
2684 959 2957 1016 ponens,

425 1039 613 1097 Dixit
640 1045 862 1099 autem
888 1046 1084 1116 pater
1131 1042 1216 1099 ad
1250 1060 1462 1101 servos
1498 1062 1669 1117 suoS,
1706 1045 2069 1118 apostolos,
2110 1046 2221 1104 ubi
2259 1063 2294 1104 a
2332 1046 2599 1105 Christo
2636 1047 2858 1105 vocati
2887 1052 3061 1105 sunt:
3098 1048 3236 1107 Cito
3262 1045 3430 1105 nihil

336 1143 702 1215 tardanteS,
733 1146 1031 1222 proferte
1068 1146 1303 1204 stolam
1327 1149 1642 1223 primam,
1682 1148 1942 1208 scilicet
1992 1155 2248 1207 vestem
2286 1165 2486 1226 quam
2513 1150 2722 1209 Adam
2759 1150 2824 1209 in
2859 1150 3180 1209 Paradiso
3218 1150 3437 1225 perdi-

332 1248 453 1323 dit,
489 1256 552 1307 ει
600 1250 862 1308 induite
898 1250 1098 1308 illum
1146 1266 1393 1309 novum
1433 1251 1792 1321 hominem,
1845 1260 1906 1310 et
1942 1253 2094 1312 date
2144 1256 2498 1328 annulum,
2542 1254 2857 1315 videlicet
2892 1255 3087 1314 fidem
3120 1258 3192 1314 in
3226 1273 3435 1313 manu

331 1350 498 1426 ejuS,
535 1359 610 1412 ut
661 1353 855 1412 fidem
890 1354 1206 1428 operibus
1259 1354 1554 1430 impleat,
1593 1368 1656 1414 et
1708 1358 2147 1416 calciamenta
2178 1360 2251 1416 in
2282 1358 2511 1434 pedeS,
2550 1358 2809 1419 scilicet
2854 1359 3436 1419 mortificationem

333 1455 557 1515 earnis
609 1456 674 1515 in
707 1458 1214 1532 praeparatione
1262 1458 1623 1533 Evangelii.
1664 1461 1747 1520 Et
1795 1462 2104 1520 adducite
2138 1463 2427 1520 vitulum
2476 1464 2871 1539 seminatum,
2910 1462 3172 1538 quando
3225 1462 3433 1521 Filius

335 1555 475 1632 Dei,
514 1559 627 1634 qui
665 1575 916 1633 pascua
946 1561 1127 1620 vitae
1161 1562 1588 1622 credentibus
1623 1564 1872 1638 attulit,
1911 1564 1991 1623 ad
2031 1564 2349 1639 Caipham
2397 1570 2465 1624 et
2499 1564 2581 1623 ad
2617 1565 2903 1625 Pilatum
2940 1564 3268 1626 adductus
3304 1567 3430 1640 est,

332 1668 396 1719 et
445 1664 739 1737 occidite,
778 1663 890 1723 ubi
941 1665 1298 1723 crucifixus
1347 1671 1483 1734 est,
1536 1671 1599 1723 et
1633 1668 2145 1742 manducemuS,
2201 1667 2311 1727 ubi
2350 1670 2415 1726 in
2463 1668 2776 1743 passione
2814 1685 2933 1726 sua
2984 1669 3258 1727 attritus
3294 1673 3426 1735 est,

331 1776 394 1823 et
445 1767 796 1843 epulemur
828 1762 873 1845 ¹)
912 1768 973 1826 in
1027 1770 1515 1828 resurrectione
1552 1772 1782 1845 ipsius:
1818 1774 1975 1848 quia
2007 1775 2110 1831 hic
2143 1773 2319 1852 filius
2354 1791 2561 1843 τηετις,
2602 1773 2861 1831 scilicet
2898 1772 3092 1831 homo
3127 1778 3430 1831 mortuus

331 1877 503 1939 erat,
557 1872 816 1930 scilicet
865 1874 1309 1933 innocentiam
1360 1890 1561 1949 quam
1616 1876 1679 1933 in
1736 1877 2142 1936 coelestibus
2182 1877 2437 1951 habuit,
2481 1877 2901 1951 perdiderat,
2953 1883 3014 1935 et
3067 1880 3311 1936 revixit
3365 1877 3428 1935 in

336 1974 674 2049 agnitione
707 1976 846 2050 Dei;
878 1976 1212 2054 perierat,
1237 1980 1394 2054 quia
1428 1980 1649 2039 cibum
1701 1981 1879 2039 vitae
1930 1997 2060 2040 non
2109 1980 2427 2055 habebat,
2480 1988 2541 2041 et
2592 1984 2900 2041 inventus
2950 1989 3043 2041 est
3082 1983 3146 2041 in
3181 1984 3437 2057 gemitu

335 2079 804 2153 poenitentiae.
857 2080 940 2139 Et
989 2090 1346 2158 coeperunt
1395 2083 1659 2158 epulari
1689 2130 1704 2157 ,
1780 2083 1893 2142 ubi
1944 2084 2235 2159 apostoli
2285 2082 2644 2143 confortati
2694 2087 2850 2143 sunt
2882 2132 2897 2158 ,
2949 2100 3100 2143 cum
3151 2083 3437 2160 Spiritus

338 2181 624 2241 Sanctus
661 2184 726 2241 in
762 2184 973 2273 igneis
1009 2184 1257 2260 linguis
1293 2202 1496 2261 super
1529 2203 1644 2245 eos
1679 2188 1884 2246 venit.

427 2287 586 2346 Erat
636 2293 861 2346 autem
907 2290 1083 2367 filius
1132 2283 1273 2362 ejus
1323 2293 1579 2360 senior,
1637 2291 1699 2348 id
1748 2297 1852 2349 est
1902 2292 2123 2366 angeli
2161 2293 2272 2367 qui
2326 2298 2477 2351 ante
2514 2293 2849 2352 hominem
2897 2293 3108 2352 creati
3144 2299 3320 2367 sunt,
3362 2295 3432 2351 in

336 2409 510 2469 ayro,
552 2393 812 2450 scilicet
845 2393 910 2451 in
944 2394 1217 2452 coelesti
1269 2396 1550 2455 cultura.
1589 2397 1670 2455 E't
1724 2414 1873 2455 eum
1922 2399 2176 2455 veniret
2227 2412 2346 2473 per
2380 2413 2736 2473 supernam
2774 2397 3183 2470 missionem,
3222 2405 3283 2456 et
3320 2417 3437 2474 ap-

330 2498 812 2573 propinquaret
836 2492 886 2573 ²)
924 2497 1184 2570 domui,
1239 2498 1500 2557 scilicet
1533 2515 1686 2557 cum
1717 2498 1801 2558 ad
1849 2498 2156 2559 homines
2208 2501 2274 2558 in
2322 2499 2559 2574 majori
2608 2500 2963 2559 dilectione
3006 2517 3206 2576 quam
3245 2502 3434 2574 prius

341 2601 691 2676 fecissent,
727 2590 1237 2675 descenderent,
1274 2604 1525 2661 audivit
1561 2606 2039 2680 symphoniam,
2079 2605 2392 2662 videlicet
2428 2621 2767 2663 rumorem
2802 2603 3015 2664 bonae
3060 2605 3301 2677 laudiS,
3344 2606 3437 2663 ita

339 2704 517 2781 quod
545 2705 828 2780 apostoli
859 2705 1189 2766 faciebant
1214 2707 1521 2782 prodigia
1547 2713 1613 2767 et
1639 2709 1827 2783 signa
1864 2724 2101 2783 magna
2128 2707 2194 2767 in
2222 2709 2467 2785 populo
2500 2702 2574 2786 ⁸),
2613 2717 2674 2767 et
2711 2712 3001 2782 chorum,
3034 2708 3099 2767 id
3126 2713 3229 2768 est
3262 2725 3442 2767 com-

339 2810 697 2885 pletionem
727 2810 1048 2886 justitiae.
1087 2814 1168 2872 Et
1202 2820 1444 2873 vocavit
1480 2833 1692 2872 unum
1741 2815 1819 2872 de
1856 2816 2083 2887 serviS,
2122 2814 2382 2872 scilicet
2417 2814 2741 2873 unitatem
2778 2814 3191 2889 prophetiae,
3230 2821 3289 2873 et
3328 2817 3433 2873 in-

337 2918 711 2993 ter-royavit,
765 2932 1095 2991 quaerens
1147 2918 1405 2977 scilicet
1440 2919 1721 2993 mystica
1773 2919 2274 2993 prophetarum,
2328 2937 2494 2995 quae
2543 2922 2702 2978 haee
2750 2926 2990 2991 essent,
3043 2919 3214 2978 mira
3262 2935 3436 2995 quae

343 3021 623 3081 videret.
654 3022 845 3099 Isque
873 3022 1042 3082 diaeit
1078 3023 1185 3082 illi
1220 3039 1338 3098 per
1372 3023 1642 3082 oracula
1676 3022 2176 3098 prophetarum:
2217 3022 2453 3083 Frater
2488 3028 2666 3098 tuus,
2699 3022 2960 3081 scilicet
2993 3022 3226 3096 homo,
3263 3024 3443 3082 venit

346 3128 429 3187 ad
463 3129 980 3204 poenitentiam,
1032 3134 1093 3187 et
1129 3129 1366 3197 occidit
1395 3134 1592 3205 pater
1641 3134 1795 3188 tuus
1828 3129 2004 3187 Deus
2053 3129 2342 3187 vitulum
2376 3131 2774 3204 saqinatum,
2821 3127 3135 3186 videlicet
3170 3128 3446 3187 tradidit

348 3248 468 3306 pro
502 3248 579 3292 eo
614 3234 854 3292 Filium
889 3250 1108 3308 suum,
1139 3235 1296 3309 quia
1332 3235 1593 3293 salvum
1627 3233 1817 3292 illum
1852 3233 2125 3308 recepit,
2163 3233 2243 3291 de
2278 3233 2608 3292 diabolica
2643 3238 2977 3308 potestate
3010 3239 3335 3307 ereptum.

379 3369 384 3374 ·
439 3338 831 3414 Indiqnatus
881 3346 978 3398 est
1012 3346 1257 3413 autem,
1312 3337 1375 3398 id
1410 3345 1516 3398 est
1564 3339 1934 3398 admiratus
1977 3344 2082 3396 est
2132 3338 2481 3414 stupende,
2533 3337 2864 3413 quomodo
2901 3338 3065 3396 haec
3100 3337 3243 3397 fieri
3293 3354 3446 3412 pos-

351 3446 522 3513 sent,
574 3449 636 3501 et
669 3441 924 3501 nolebat
959 3446 1214 3502 intrare
1238 3491 1252 3516 ‚
1300 3444 1463 3519 quia
1497 3443 1810 3518 passione
1863 3443 2114 3502 Christi
2147 3459 2279 3502 non
2328 3441 2647 3516 indigent,
2690 3457 2810 3500 nec
2845 3441 3087 3517 gaudio
3122 3442 3297 3517 quod
3334 3459 3444 3503 su-

355 3561 473 3621 per
507 3563 636 3607 uno
670 3553 1021 3622 peccatore
1057 3548 1436 3622 poenitente
1470 3548 1560 3607 fit.

441 3652 645 3712 Pater
702 3670 851 3730 erqo
901 3653 1089 3712 iltius
1139 3671 1458 3729 eqo-essue,
1514 3652 1578 3710 in
1615 3652 1998 3711 ostensione
2033 3650 2404 3710 voluntatis
2454 3650 2960 3710 misericordiae
2996 3665 3181 3722 suae,
3229 3651 3438 3725 coepit

351 3774 576 3834 roqare
612 3758 831 3830 illum,
886 3757 998 3816 ubi
1034 3758 1307 3831 angelos
1343 3757 1527 3816 misit
1563 3757 1628 3815 in
1662 3757 1949 3815 salutem
1984 3755 2214 3831 populi
2247 3772 2367 3831 per
2403 3755 2923 3815 admonitionem
2968 3754 3254 3830 Spiritus
3287 3752 3444 3811 San-

354 3862 442 3918 cti
471 3860 538 3919 in
574 3859 1107 3920 reaedificatione
1141 3859 1499 3932 Ecclesiae,
1537 3875 1689 3917 cum
1725 3859 1942 3934 angeli
1978 3857 2061 3918 ad
2097 3859 2539 3917 necessitates
2575 3857 2916 3917 hominum
2946 3858 3323 3917 mittuntur.
3360 3858 3443 3914 At

351 3964 466 4022 ille
501 3965 931 4041 respondens,
971 3963 1231 4022 seilicet
1267 3963 1682 4022 ruminantes
1719 3962 2179 4023 sciscitatione
2229 3961 2372 4036 Dei,
2410 3963 2583 4020 dimit
2616 3965 2799 4038 patri
2833 3979 2967 4021 suo:
3006 3962 3166 4020 Ecce
3201 3966 3290 4018 tot
3325 3978 3445 4018 an·-

352 4069 480 4136 m'S,
522 4065 585 4125 id
633 4072 739 4126 est
787 4066 965 4126 omni
1015 4072 1315 4138 tempore
1348 4081 1426 4123 ex
1462 4082 1591 4141 quo
1643 4067 1910 4124 creatus
1962 4081 2134 4138 sum,
2174 4067 2384 4124 servio
2433 4064 2570 4138 tibi,
2617 4063 2924 4139 conjunxi
2978 4079 3079 4121 me
3131 4062 3441 4121 servituti

356 4175 530 4244 tuae,
562 4177 623 4228 et
650 4188 995 4246 nunquam
1029 4169 1270 4227 dedisti
1295 4172 1459 4228 mihi
1485 4170 1791 4242 haedum,
1830 4169 2089 4228 scilicet
2124 4168 2366 4227 dedisti
2403 4168 2565 4227 mihi
2586 4169 2788 4228 ullam
2817 4173 3077 4243 partem
3103 4168 3446 4244 poeniten-

358 4276 487 4335 tiae
525 4277 588 4335 in
637 4276 854 4349 gratia
905 4275 970 4334 in
1017 4289 1150 4350 qua
1183 4279 1458 4348 peccata
1511 4273 1741 4331 fratris
1779 4273 1905 4331 mei
1943 4273 2310 4347 redemisti,
2338 4268 2386 4351 ⁴)
2438 4279 2512 4330 ut
2563 4291 2709 4332 cum
2760 4274 2989 4331 amieis
3020 4275 3210 4344 meis,
3261 4269 3444 4329 vide-

354 4379 508 4437 licet
558 4377 944 4452 hujusmodi
989 4378 1199 4450 signis
1249 4383 1316 4435 et
1354 4376 1770 4434 mirabilibus
1822 4391 1898 4434 ac
1933 4375 2299 4435 virtutibus
2349 4376 2686 4451 epularer,
2742 4375 2805 4433 id
2841 4380 2947 4433 est
2994 4390 3241 4433 novum
3283 4390 3443 4449 gau-

350 4480 531 4539 dium
583 4480 649 4538 in
696 4496 868 4540 nova
918 4480 1310 4554 symphonia
1362 4479 1695 4539 haberem.
1753 4480 1882 4539 Sed
1927 4485 2278 4555 postquam
2324 4480 2504 4557 filius
2564 4485 2717 4537 tuus
2774 4481 2900 4550 hic,
2954 4479 3068 4554 qui
3126 4484 3438 4537 creatura

360 4590 472 4644 tua
520 4587 645 4658 est,
698 4588 811 4661 qui
861 4587 1214 4650 devoravit,
1267 4585 1330 4644 id
1367 4592 1470 4644 est
1503 4584 1995 4643 consummavit
2046 4582 2480 4641 substantiam
2533 4602 2719 4642 suam
2768 4602 2918 4662 eum
2949 4584 3435 4656 meretricibus,

354 4687 614 4747 scilicet
661 4688 1060 4763 perficiendo
1095 4705 1312 4762 opera
1348 4705 1469 4748 sua
1505 4704 1652 4746 cum
1704 4687 1959 4761 gulosis
1994 4686 2202 4759 vitiis,
2241 4690 2444 4760 venit,
2487 4687 2547 4745 id
2585 4690 2688 4747 est
2721 4687 2801 4746 ad
2841 4693 2903 4746 te
2956 4688 3153 4746 rediit
3188 4688 3252 4747 in
3288 4705 3443 4764 poe-

353 4791 659 4859 nitentia,
710 4791 1002 4850 oecidisti
1051 4792 1157 4848 illi
1205 4793 1488 4850 vitulum
1537 4794 1934 4866 saqinatum,
1988 4806 2139 4848 cum
2176 4791 2529 4850 ostendisti
2566 4791 2626 4849 ei
2661 4790 3056 4850 effusionem
3094 4793 3440 4866 sanguinis

353 4895 506 4953 Filii
543 4894 663 4968 tui,
702 4895 816 4969 qui
850 4894 1316 4969 pinguedinem
1345 4895 1524 4953 vitae
1559 4893 1988 4953 credentibus
2024 4894 2269 4953 attulit.

430 5079 473 5144 ¹)
499 5080 770 5150 epulemus
794 5084 851 5135 et
880 5095 1008 5134 mox
1047 5081 1288 5153 epulare,
1317 5080 1412 5137 sed
1441 5081 1585 5136 infra
1613 5083 1886 5155 epularem
1961 5083 2140 5151 apost.
2168 5080 2241 5142 V,
2269 5084 2350 5135 12.
2373 5080 2497 5142 —⁴)
2519 5082 2717 5151 fratris
2735 5083 2841 5140 tui.
2874 5078 2925 5133 id
2949 5051 3438 5147 esthominisjux-

360 5167 440 5222 sic
479 5167 657 5221 variat
695 5167 815 5223 cod.
859 5168 995 5230 —²)
1033 5170 1427 5239 propinquaret
1468 5167 1542 5222 ib.
1578 5167 1708 5232 —³)
1753 5170 1876 5222 Act.
1962 5175 2012 5222 ta
2044 5165 2385 5235 allegoriam.

3248 5268 3291 5309 a·
