4036 6117
637 456 768 517 286
1791 472 1843 517 s.
1905 471 2440 519 umnucAnnrs

2013 791 2274 899 XV.

1682 1034 1761 1092 In
1811 1036 2206 1093 Ascensione
2259 1032 2546 1093 Domini.

2092 1241 2143 1304 1.

671 1443 1216 1509 Recumbentibus
1247 1448 1562 1511 undecim
1595 1452 1963 1528 discipulis,
1996 1446 2045 1529 ¹)
2081 1450 2147 1511 id
2181 1452 2285 1510 est
2318 1448 2840 1509 dormitantibus
2874 1447 3221 1523 prophetis
3254 1448 3322 1507 et
3354 1441 3668 1520 sapienti-

577 1547 728 1623 buS,
764 1554 958 1627 quasi
993 1554 1057 1612 in
1091 1554 1528 1630 dubitatione,
1566 1556 1721 1632 quia
1757 1557 2047 1617 nondum
2081 1556 2561 1616 duodenarium
2600 1570 2950 1616 numerum
2983 1554 3318 1615 habebant
3351 1554 3419 1613 in
3454 1552 3664 1611 incar-

576 1655 844 1715 natione
876 1654 1158 1733 Domini,
1210 1663 1524 1737 apparuit
1573 1662 1712 1720 illis
1763 1661 1829 1720 in
1876 1661 2261 1721 ostensione
2292 1660 2508 1734 ἄθεος,
2562 1659 2825 1719 scilicet
2860 1659 3073 1734 signa,
3118 1664 3191 1718 ut
3228 1658 3294 1717 in
3327 1654 3664 1717 Abraham

555 1754 651 1831 iin
684 1756 915 1834 ariete,
970 1763 1037 1821 et
1069 1767 1142 1821 ut
1192 1763 1258 1822 in
1288 1763 1490 1823 Jacob
1525 1780 1643 1839 per
1676 1766 2009 1840 angelum,
2062 1770 2125 1823 et
2158 1763 2573 1841 exprobravit
2624 1762 3187 1838 flagellationibus
3236 1759 3673 1821 incredulita-

577 1868 710 1923 tem
753 1866 1024 1926 illorum
1073 1868 1140 1927 in
1190 1869 1586 1944 ignorantia,
1639 1877 1701 1928 et
1751 1871 2096 1943 duritiam,
2150 1870 2410 1929 scilicet
2460 1868 3013 1928 tenebrositatem
3042 1862 3094 1944 ²)
3133 1867 3369 1938 cordis,
3407 1862 3667 1923 scilicet

579 1972 924 2048 scientiae,
951 1976 1109 2051 quia
1131 1976 1229 2035 his
1265 1976 1477 2050 signis
1511 1981 1577 2034 et
1613 1975 1960 2051 prodigiiS,
1997 1978 2114 2053 qui
2146 1975 2452 2034 viderant
2489 1992 2643 2034 eum
2668 1969 3188 2045 demonstrando
3216 1967 3664 2029 resurrexisse

581 2078 940 2133 venturum
978 2075 1044 2134 in
1076 2075 1514 2152 humanitate,
1551 2097 1684 2137 non
1720 2078 2148 2137 crediderunt
2183 2077 2489 2154 pleniter.

672 2178 753 2237 Et
804 2179 1001 2255 dixit,
1054 2181 1315 2241 scilicet
1349 2184 1563 2258 signa,
1599 2185 1693 2242 eis
1741 2183 2089 2258 prophetis
2138 2189 2203 2242 et
2252 2181 2691 2258 sapientibus:
2745 2181 2995 2240 Euntes
3044 2195 3169 2239 vos
3211 2175 3552 2237 dilatando
3603 2175 3670 2233 in

583 2279 1022 2357 inspiratione
1066 2284 1355 2361 Spiritus
1404 2286 1649 2361 Sancti,
1684 2291 1758 2347 in
1806 2288 2135 2346 mundum
2183 2289 2571 2346 universum
2614 2285 2823 2346 totius
2858 2284 3065 2359 orbis,
3110 2282 3495 2360 praedicate
3537 2277 3672 2338 fru-

583 2387 956 2449 ctificantes
1006 2392 1372 2451 secundum
1422 2393 1842 2452 latitudinem
1875 2392 2215 2466 arborum,
2267 2392 2709 2467 evanyelium,
2770 2388 2978 2448 Deum
3027 2385 3436 2448 ostendendo
3491 2385 3671 2442 omni

582 2500 927 2554 creaturae
962 2497 1263 2571 gustanti
1309 2495 1560 2557 bonum
1593 2497 1659 2556 in
1693 2502 1933 2557 natura
1967 2513 2113 2572 sua,
2166 2495 2427 2555 scilicet
2461 2495 2734 2554 homini.
2776 2494 2900 2567 Qui
2948 2493 3305 2553 crediderit
3341 2487 3668 2549 audiendo

585 2612 710 2656 vos
744 2597 813 2656 in
844 2600 1188 2674 apertione
1222 2600 1467 2675 cordiS,
1520 2606 1584 2660 et
1617 2600 1984 2677 baptizatus
2027 2602 2258 2678 fuerit,
2296 2599 2613 2676 perfusus
2648 2597 3248 2670 benedictionibuS,
3300 2594 3517 2654 salvus
3550 2593 3674 2651 erit

590 2698 654 2757 in
706 2700 942 2759 salute.
992 2700 1119 2774 Qui
1166 2720 1315 2761 vero
1349 2721 1480 2762 non
1531 2705 1910 2779 crediderit,
1967 2705 2058 2763 ita
2107 2707 2181 2764 ut
2228 2705 2669 2780 semetipsum
2717 2703 2783 2761 in
2826 2701 3362 2761 incredulitatem
3397 2697 3676 2758 infideli-

593 2802 755 2862 tatis
804 2802 1025 2879 ducat,
1078 2806 1620 2867 condemnabitur
1658 2809 1723 2867 in
1759 2808 2243 2867 maledictione.
2278 2810 2479 2885 Siyna
2511 2814 2756 2882 autem,
2795 2807 3055 2866 scilicet
3086 2804 3386 2880 exempla
3423 2820 3529 2862 eos
3566 2805 3677 2879 qui

587 2905 996 2967 crediderint
1026 2908 1238 2983 vobiS,
1267 2914 1424 2971 haec
1460 2918 1840 2988 sequentur,
1867 2906 1916 2991 ³)
1950 2912 2013 2970 id
2034 2914 2140 2971 est
2174 2912 2515 2972 habebunt
2549 2912 2613 2970 in
2646 2911 2859 2971 vobis
2896 2911 2980 2971 In
3006 2913 3271 2970 nomine
3306 2926 3471 2984 mec,
3504 2908 3683 2967 scili-

591 3015 699 3071 cet
733 3010 799 3071 in
831 3014 1211 3074 ostensione
1240 3014 1611 3091 daemonia,
1651 3017 1910 3078 scilicet
1942 3016 2565 3094 pseudoprophetas
2599 3013 2864 3091 ejicient
2918 3015 3206 3092 fugando
3229 3064 3244 3092 ‚
3298 3016 3544 3092 linquis
3596 3013 3685 3072 lo-

592 3122 883 3193 quentur
929 3123 1138 3190 novis,
1191 3120 1255 3179 id
1297 3123 1400 3181 est
1435 3121 1503 3180 in
1549 3121 1994 3197 exquisitione
2042 3123 2238 3198 quasi
2288 3124 2668 3182 coelaturas
2703 3121 2770 3180 in
2816 3120 3164 3196 prophetis
3198 3126 3263 3178 et
3313 3117 3677 3192 Scripturis

594 3218 858 3281 facient.
913 3223 1268 3301 Serpentes
1325 3224 1639 3286 videlicet
1686 3225 2114 3302 deceptiones
2167 3226 2539 3301 fallacium,
2590 3226 2851 3300 tollent,
2913 3229 2985 3284 ut
3031 3223 3237 3284 etiam
3288 3222 3489 3282 fallax
3538 3236 3679 3280 ser-

593 3339 759 3402 pens
809 3327 1116 3388 sublatus
1165 3336 1290 3391 est.
1343 3332 1426 3391 Et
1468 3334 1524 3391 si
1571 3333 1996 3409 mortiferum
2042 3331 2482 3391 dubitationis
2531 3332 2692 3409 quid
2740 3329 3020 3389 biberint
3072 3329 3139 3388 in
3186 3328 3677 3401 incredulitate,

597 3447 732 3489 non
758 3433 852 3490 eis
880 3431 1152 3508 nocebit,
1185 3434 1249 3492 in
1276 3434 1661 3494 reversione
1696 3435 1779 3494 ad
1813 3435 2314 3511 poenitentiam.
2347 3436 2562 3512 Super
2585 3452 2833 3511 acyros,
2863 3433 2979 3509 qui
3011 3448 3161 3492 cum
3196 3431 3395 3491 idolis
3421 3448 3692 3491 versan-

600 3537 734 3607 tur,
769 3552 1009 3595 manus
1046 3536 1113 3594 in
1145 3537 1351 3596 verbo
1387 3543 1453 3596 et
1488 3539 1554 3597 in
1587 3554 1787 3613 opere
1821 3539 2152 3613 veritatiS,
2206 3542 2544 3615 imponent
2575 3538 2880 3611 dicend0,
2918 3545 2979 3597 et
3015 3537 3174 3597 bene
3208 3537 3553 3612 habebunt,
3586 3539 3688 3615 ju-

601 3636 858 3697 stitiam
884 3638 1001 3697 Dei
1035 3639 1465 3699 ostendenda
1671 3633 1676 3637 ⁴

695 3741 776 3801 Et
827 3744 1134 3803 dominus
1183 3745 1452 3821 quidem
1499 3744 1713 3818 JesuS,
1765 3745 2081 3805 videlicet
2129 3746 2321 3821 signa
2370 3745 2872 3819 miraculorum,
2905 3751 3255 3822 postquam
3290 3745 3545 3805 locutus
3590 3749 3685 3804 est

603 3849 723 3923 eis,
776 3847 889 3907 ubi
923 3847 1088 3922 haec
1137 3849 1463 3908 miracula
1503 3849 1568 3907 in
1602 3849 1954 3923 prophetia
1990 3850 2264 3926 impleta
2298 3852 2474 3924 sunt,
2525 3857 2907 3926 assumptus
2940 3855 3037 3908 est
3073 3852 3147 3908 in
3180 3849 3454 3909 coelum.
3502 3847 3690 3908 Chri-

605 3959 753 4012 stus
802 3952 1134 4012 veraciter
1179 3933 1497 4013 ostensus
1545 3959 1651 4012 est
1701 3953 1767 4011 in
1816 3953 2301 4022 incarnatione,
2353 3957 2427 4014 ut
2471 3954 2858 4029 praedictus
2909 3953 3148 4027 fuerat,
3201 3961 3265 4012 et
3303 3954 3483 4011 sedet
3515 3952 3692 4013 Deus

603 4054 1095 4129 manifestatus,
1131 4075 1172 4115 a
1203 4057 1459 4116 deaetris
1494 4057 1637 4128 Dei,
1677 4057 1834 4132 quia
1867 4058 2129 4117 coelum
2164 4064 2229 4117 et
2263 4061 2512 4117 terram
2549 4059 2615 4116 in
2650 4058 3001 4133 majestate
3036 4057 3562 4132 comprehendit.

692 4163 808 4223 Illi
859 4169 1086 4222 autem
1130 4165 1410 4242 profecti
1461 4164 1528 4240 ip
1574 4162 1949 4240 prophetia,
2002 4165 2559 4241 praedicaverunt
2610 4151 2869 4242 ubique,
2922 4163 3130 4222 Deum
3166 4161 3582 4223 ostendendo
3621 4164 3687 4222 in

605 4267 998 4343 ScripturiS,
1058 4269 1191 4328 Deo
1246 4275 1632 4347 cooperante
1691 4270 1757 4328 in
1804 4284 2082 4342 corpore
2139 4269 2390 4328 Christi
2448 4285 2566 4344 per
2621 4269 3137 4342 humanitatem,
3199 4275 3261 4327 et
3320 4286 3692 4328 sermonem

608 4372 870 4434 scilicet
915 4371 1086 4432 dona
1119 4371 1405 4449 Spiritus
1439 4373 1661 4434 Sancti
1711 4376 2139 4455 confirmante
2187 4376 2254 4435 in
2285 4375 2677 4449 virtutibuS,
2714 4373 3131 4452 sequentibus
3165 4375 3392 4451 siquis,
3431 4375 3499 4433 in
3531 4375 3698 4434 mul-

619 4477 711 4536 tis
745 4477 1114 4538 miraculis,

691 4679 733 4747 ¹)
761 4678 932 4737 Marc.
963 4679 1120 4746 xvl.
1154 4684 1328 4738 1420.
1361 4713 1428 4723 -—
1451 4683 1497 4750 ²)
1523 4684 1892 4740 tenebrositate
1915 4684 2039 4741 cod.
2072 4712 2137 4724 —
2165 4680 2209 4749 ³)
2237 4682 2367 4739 haec
2389 4687 2512 4737 sunt
2543 4679 2620 4742 id.
