4036 6117
650 476 782 537 164
1068 551 1076 557 ³
1805 495 1856 539 s.
1909 493 2447 541 nummarium

576 613 836 689 poralia
870 618 938 672 et
970 610 1221 672 caduca
1256 618 1432 687 sunt,
1476 612 1973 673 ferventissima
2006 616 2446 691 occupatione
2481 614 2805 673 insistunt
2828 608 2900 693 Ι),
2928 614 3114 683 velut
3138 614 3345 675 etiam
3370 612 3548 673 idem
3578 608 3689 672 vi-

575 719 744 777 tium
793 718 860 776 in
894 718 1158 793 loquela
1207 718 1565 777 verborum
1601 733 1876 778 suorum
1925 718 2112 793 dicit,
2151 726 2222 778 ut
2272 719 2584 793 superius
2633 718 3154 778 demonstratur.
3206 718 3324 779 Cui
3376 716 3677 776 coeleste

575 822 986 882 desiderium
1019 822 1400 898 respondet,
1446 829 1513 882 et
1547 838 1627 881 ne
1661 822 1965 883 homines
1997 839 2078 884 ea
2127 839 2300 901 quae
2336 839 2627 899 superna
2660 824 2729 882 et
2773 828 3047 883 aeterna
3082 826 3241 882 sunt
3287 819 3675 895 temporali-

576 929 709 988 bus
739 935 1172 1005 postponant,
1204 927 1619 988 exhortatur.
2188 929 2205 945 ⁹

2000 1134 2254 1197 xxxn,
2285 1113 2292 1119 ’

1819 1346 1911 1408 De
1971 1347 2424 1407 obstinatione.

665 1552 770 1615 43.
822 1554 946 1615 Sed
980 1563 1167 1616 sexta
1206 1556 1426 1631 imago
1459 1555 1977 1616 obstinationem
2015 1557 2261 1616 mentis
2293 1555 2794 1629 demonstranS,
2829 1553 2937 1613 hic
2972 1569 3201 1614 curam
3249 1558 3671 1613 terrenorum

577 1660 908 1735 sequitur,
945 1662 1105 1736 quia
1138 1660 1441 1720 homines
1476 1661 1591 1736 qui
1627 1677 1702 1719 se
1734 1661 1896 1719 totis
1926 1662 2212 1720 terrenis
2248 1660 2821 1720 sollicitudinibus
2848 1659 3148 1734 infigunt,
3180 1660 3244 1717 in
3279 1656 3678 1717 obstinatio-

573 1780 725 1823 nem
761 1767 1004 1824 mentis
1040 1765 1305 1840 cadunt3
1347 1766 1438 1825 ita
1473 1765 1650 1841 quod
1687 1765 1750 1823 in
1785 1764 2105 1825 cordibus
2140 1766 2305 1840 suiS‚
2337 1766 2531 1841 quasi
2576 1765 2781 1824 corda
2817 1765 3117 1841 ipsorum
3148 1763 3295 1839 pice
3324 1761 3672 1837 inquinata

578 1872 645 1926 et
679 1869 1135 1943 conglutinata
1186 1870 1341 1943 sint,
1379 1870 1633 1929 nullum
1683 1875 2066 1945 respectum
2101 1870 2186 1929 ad
2216 1870 2425 1929 Deum
2462 1869 2734 1944 habent,
2770 1874 2837 1928 et
2879 1869 3245 1945 loquuntur
3274 1873 3342 1926 et
3392 1866 3673 1938 faciunt,

572 1974 759 2033 velut
790 1974 966 2035 Deus
999 1993 1129 2035 non
1162 1975 1273 2049 sit,
1311 1976 1625 2050 quoniam
1659 1975 1836 2051 quod
1870 1975 2119 2035 bonurn
2150 1982 2255 2035 est
2280 1976 2608 2049 nesciunt,
2638 1991 2760 2034 nec
2787 1974 3139 2033 mollitiem
3171 1972 3446 2049 pietatis
3471 1985 3675 2046 quae-

577 2084 754 2151 runt;
805 2078 919 2138 sed
958 2080 1023 2138 in
1069 2079 1317 2138 duritia
1363 2085 1795 2139 contumaces
1844 2081 2076 2140 contra
2123 2079 2331 2138 Deum
2382 2084 2555 2138 sunt.
2608 2078 2789 2150 Quae
2840 2078 3122 2138 formam
3171 2075 3399 2137 bubali
3446 2074 3677 2148 habet,

576 2184 890 2259 quoniam
940 2183 1066 2243 hoc
1099 2185 1340 2243 vitium
1391 2183 1550 2243 facit
1585 2183 1890 2242 homines
1936 2183 2147 2242 duros
2176 2189 2243 2242 et
2285 2200 2568 2259 asperos
2616 2184 2682 2242 in
2715 2182 3056 2242 mentibus
3102 2181 3246 2241 suis
3294 2195 3473 2253 esse,
3504 2184 3572 2237 et
3605 2178 3674 2237 in

574 2289 996 2348 altitudinem
1033 2289 1382 2348 insecurae
1416 2289 1804 2348 securitatis
1838 2288 2222 2363 ascendere,
2263 2289 2356 2348 ita
2390 2289 2566 2364 quod
2601 2287 2859 2347 nullum
2892 2287 3345 2358 consolentur,
3389 2290 3458 2343 et
3489 2280 3671 2359 quod

575 2393 827 2451 nullam
863 2408 1095 2451 curam
1128 2393 1197 2452 in
1230 2392 1531 2452 bonitate
1556 2392 1905 2452 rationalis
1941 2393 2267 2452 scientiae
2296 2393 2378 2453 ad
2417 2393 2590 2452 ullos
2624 2392 2914 2453 habeant
2943 2389 3020 2470 ²);
3061 2389 3179 2451 sed
3211 2389 3390 2466 quod
3416 2387 3673 2448 unicui·

573 2510 701 2570 que
736 2511 888 2553 cum
930 2494 1177 2570 jaculis
1226 2495 1583 2555 verborum
1635 2500 1703 2554 et
1735 2512 1887 2555 cum
1936 2496 2383 2556 amaritudine
2432 2512 2710 2574 operum
2757 2501 3138 2569 occurrant,
3190 2494 3519 2553 neminem
3570 2508 3680 2551 re·-

572 2605 828 2673 gentes‚
867 2599 1198 2657 neminem
1245 2604 1697 2674 protegenteS,
1736 2599 1853 2659 sed
1903 2600 2213 2659 omnibus
2249 2600 2785 2676 quibuscumque
2817 2598 3182 2675 potuerint,
3228 2602 3577 2672 stuporem
3607 2601 3677 2654 et

575 2702 889 2761 timorem
924 2703 1345 2777 incutienteS,
1384 2703 1942 2779 quemadmodum
1970 2706 2176 2763 etiam
2206 2704 2379 2763 idem
2412 2705 2651 2764 vitium
2679 2704 2745 2762 in
2768 2702 2998 2763 verbis
3024 2702 3190 2777 suiS,
3220 2706 3295 2761 ut
3326 2714 3679 2776 praemon-

578 2813 869 2867 stratum
904 2813 1031 2881 est,
1068 2805 1346 2881 profert.
1385 2805 1509 2865 Sed
1545 2809 1968 2883 compunctio
2018 2809 2245 2868 cordis
2294 2808 2450 2867 huic
2499 2808 2849 2882 resistens,
2901 2809 2973 2866 ut
3004 2805 3309 2866 homines
3355 2802 3679 2862 duritiam
3785 2833 3792 2838 -

577 2908 916 2986 deserant,
953 2917 1018 2970 et
1054 2917 1127 2970 ut
1162 2910 1243 2969 ad
1278 2911 1598 2970 coelestia
1636 2910 2020 2987 frequenter
2055 2913 2418 2989 suspirent,
2457 2912 2743 2971 fideliter
2780 2915 3024 2985 monet,
3076 2908 3435 2968 ostendens
3468 2906 3676 2965 etiam

580 3020 652 3074 ut
687 3032 723 3073 a
757 3014 888 3074 Deo
925 3014 1288 3091 postulent,
1329 3022 1661 3091 quatenus
1696 3031 1813 3075 eos
1846 3015 1926 3075 de
1963 3016 2481 3092 tempestatibus
2515 3016 2960 3091 malignorum
2996 3014 3357 3090 spirituum
3391 3011 3682 3072 clemen-

579 3130 682 3182 ter
715 3122 980 3199 eripiat,
1017 3123 1575 3199 quemadmodum
1612 3130 1678 3182 et
1710 3123 1919 3184 David
1954 3124 2282 3200 propheta
2315 3124 2661 3197 exorabat,
2696 3123 2809 3183 ubi
2842 3121 3130 3181 dicebat:

1981 3349 2261 3410 XXXIII.

1680 3544 1892 3604 David
1938 3544 2025 3603 ad
2074 3544 2371 3604 eamdem
2421 3562 2583 3603 rem.

672 3749 776 3811 44.
809 3751 1007 3828 Eripe
1033 3769 1138 3810 me
1166 3751 1244 3809 de
1274 3750 1438 3821 lum,
1470 3757 1540 3810 ut
1568 3768 1700 3810 non
1727 3751 1991 3830 infigam·
2023 3749 2230 3810 libera
2254 3770 2356 3811 ‘me
2389 3749 2467 3810 ab
2491 3749 2590 3813 his
2616 3753 2730 3828 qui
2757 3749 3037 3809 oderunt
3064 3768 3169 3808 me
3197 3753 3259 3807 et
3286 3747 3368 3807 de
3386 3747 3680 3826 prosum·

580 3854 681 3915 dis
729 3873 1077 3933 aquarum.
1116 3855 1260 3914 Non
1307 3873 1411 3914 me
1458 3857 1790 3932 demeryat
1828 3861 2180 3932 tempestas
2215 3873 2450 3932 aquae,
2486 3873 2700 3931 neque
2734 3852 3061 3913 absorbeat
3095 3872 3200 3913 me
3230 3852 3674 3930 profundum,

577 3979 790 4037 neque
839 3964 1072 4037 urqeat
1109 3978 1309 4036 super
1357 3978 1460 4018 me
1490 3965 1734 4036 puteus
1783 3977 1849 4019 os
1884 3978 2100 4020 suum.
2139 3959 2344 4035 Cujus
2382 3976 2622 4018 sensus
2659 3959 2819 4019 talis
2851 3966 2977 4019 est,
3009 3958 3285 4018 Domine
3316 3957 3514 4032 Deus,
3551 3972 3678 4032 per

583 4064 1163 4124 mansuetudinem
1199 4065 1456 4139 gratiae
1492 4070 1645 4123 tuae
1681 4066 1865 4138 eripe
1901 4081 2004 4123 me
2038 4071 2459 4140 peccatorem
2485 4064 2566 4123 de
2594 4064 2968 4140 putredine,
3006 4064 3070 4123 in
3098 4081 3228 4140 qua
3259 4079 3379 4139 per
3402 4077 3675 4122 carnem

584 4173 776 4227 ortus
811 4184 980 4242 sum,
1016 4174 1082 4227 et
1116 4183 1287 4244 quae
1322 4184 1425 4226 me
1460 4167 1538 4227 ad
1574 4175 1920 4243 peccatum
1962 4168 2123 4228 illud
2157 4168 2487 4243 hortatur,
2526 4185 2646 4245 per
2677 4169 2854 4246 quod
2882 4169 3130 4228 duritia
3164 4168 3279 4227 illa
3305 4168 3373 4227 in
3397 4182 3502 4226 me
3529 4183 3682 4226 sur-

580 4275 701 4349 git,
730 4288 901 4348 quae
929 4278 992 4331 te
1018 4279 1236 4348 negat.
1263 4272 1478 4332 Etiam
1503 4273 1750 4347 eripies
1778 4288 1881 4333 me
1900 4265 1949 4352 3>
1980 4291 2017 4332 a
2046 4289 2284 4349 magna
2311 4274 2851 4350 concupiscentia
2878 4272 3103 4333 carnis
3135 4287 3346 4343 meae,
3375 4286 3549 4347 quae
3574 4270 3677 4329 lu-

583 4376 836 4436 tulenta
884 4383 1013 4450 est,
1048 4378 1208 4453 quia
1241 4379 1456 4453 primo
1505 4384 1843 4437 terrenum
1876 4394 1980 4436 me
2022 4377 2263 4452 fecisti;
2302 4379 2416 4436 sed
2453 4381 2605 4452 post
2638 4394 2870 4438 casum
2903 4377 3084 4437 Adae
3127 4374 3540 4435 immundum
3574 4375 3675 4433 lu-

582 4486 724 4539 tum
760 4479 978 4540 factus
1017 4497 1188 4555 sum,
1226 4482 1402 4557 quod
1437 4482 1682 4558 ubique
1716 4483 1961 4543 vitiose
1997 4483 2063 4542 in
2099 4499 2204 4541 me
2236 4484 2543 4558 pullulat,
2579 4489 2647 4542 et
2680 4484 2748 4543 in
2780 4499 2886 4543 me
2933 4497 3199 4542 vermes
3229 4476 3278 4561 ⁴)
3313 4487 3577 4557 repunt,
3608 4479 3677 4539 in

580 4584 829 4659 quibus
878 4583 1162 4645 foeditas
1195 4602 1274 4645 ac
1307 4587 1525 4645 omnis
1559 4587 1888 4646 inutilitas
1920 4592 2043 4646 est.
2081 4586 2201 4646 Sed
2243 4588 2324 4646 de
2359 4588 2505 4663 ipsa
2540 4604 2739 4647 carne
2771 4585 3076 4648 virtuosa
3116 4588 3369 4648 virtute
3416 4587 3676 4662 gratiae

580 4693 735 4746 tuae
770 4696 1072 4748 aromata
1106 4689 1430 4748 bonorum
1468 4705 1743 4763 operum
1779 4690 2081 4751 redolere
2115 4691 2455 4765 deberent,
2493 4692 2650 4767 quia
2678 4707 2833 4750 caro
2864 4690 3154 4751 hominis
3190 4692 3257 4751 in
3292 4690 3676 4750 humilitate

579 4794 792 4854 bonae
839 4799 907 4853 et
941 4795 1155 4854 malae
1206 4795 1525 4854 scientiae
1560 4795 1747 4854 utilis
1796 4811 1873 4854 ac
1909 4796 2169 4854 inutilis
2201 4801 2326 4870 est,
2365 4797 2481 4856 sed
2519 4797 2631 4855 illa
2667 4796 2748 4855 ad
2784 4797 3033 4856 malum
3080 4796 3394 4856 declinat.
3430 4795 3527 4855 Tu
3559 4811 3676 4853 au-

583 4904 740 4968 tem,
770 4913 807 4955 o
827 4897 1025 4972 DeUS‚
1048 4897 1364 4957 abstrahe
1393 4914 1496 4957 me
1522 4898 1602 4957 de
1629 4898 1979 4958 lutulentis
2005 4899 2294 4973 actibus,
2323 4916 2404 4958 ne
2431 4901 2494 4958 in
2525 4899 2779 4959 foetore
2807 4899 3191 4959 inutilitatis
3217 4905 3282 4957 et
3308 4913 3389 4957 ne
3419 4898 3485 4956 in
3511 4897 3680 4957 obli-

580 5004 774 5063 vione
811 5004 947 5077 illa,
985 5019 1156 5079 quae
1191 5021 1294 5063 me
1330 5011 1401 5064 ut
1436 5005 1627 5079 spina
1662 5004 1902 5063 mortis
1938 5004 2002 5062 in
2037 5004 2409 5079 perditione
2461 5004 2624 5078 figit,
2675 5003 2998 5076 inveniar,
3051 5008 3120 5062 et
3153 5003 3219 5061 in
3267 5002 3677 5062 suavissimo

656 5172 696 5239 ¹>
726 5176 980 5229 insistant
1005 5173 1094 5228 W.
1129 5205 1188 5211 -κ
1220 5175 1263 5239 ²)
1292 5175 1486 5229 habeat
1513 5174 1602 5229 W.
1641 5205 1699 5212 —
1730 5171 1772 5238 ³)
1801 5176 2036 5244 eripiens
2061 5191 2139 5228 me
2164 5171 2254 5227 W.
2289 5205 2353 5211 —
2382 5172 2423 5239 ⁴)
2450 5179 2498 5229 et
2526 5178 2583 5228 in
2610 5190 2718 5244 quo
2745 5191 2942 5229 vermes
2968 5172 3057 5226 W.
