4036 6117
1082 475 1499 527 SPECULUM
1552 471 2048 529 rurunonum
2098 473 2527 529 TEMPonuM
3154 459 3285 526 487

265 605 389 667 mel
425 609 490 665 et
526 603 766 664 iterum
803 605 1046 679 legere,
1087 604 1279 664 vobis
1314 603 1740 663 audientibus
1775 603 2029 676 coepit,
2079 618 2182 661 me
2216 619 2292 660 ex
2331 603 2629 677 oblique,
2670 608 2740 659 ut
2777 604 2959 676 pum,
3002 594 3359 676 reprehen-

265 710 447 783 dens,
501 716 816 784 tanquam
852 709 1420 781 transgressorem
1471 706 1826 765 verborum
1875 707 2161 765 illorum.
2201 706 2394 765 Certe
2431 705 2489 763 S.
2524 705 2810 764 Joannes
2848 704 2911 763 in
2948 703 3350 781 Apocalypsi

267 815 444 872 circa
494 813 686 871 finem
741 812 893 871 libri
945 813 1192 870 similia
1240 813 1675 886 imprecatur,
1728 811 1977 870 dicens:
2037 812 2372 871 Contestor
2406 814 2584 868 omni
2620 810 2923 868 audienti
2971 809 3163 869 verba
3203 827 3360 887 pro·-

270 925 528 997 phetiae
557 918 771 992 hujus:
803 922 856 977 si
884 922 1030 996 quis
1058 921 1436 995 apposuerit
1467 920 1732 978 adhaec
1761 925 1879 978 etc.
1913 917 2142 994 (ApOC.
2178 912 2381 991 XXII,
2413 917 2547 991 18.)
2576 916 2905 991 Numquid
2941 931 3100 991 ergo
3126 931 3364 976 omnes

268 1028 682 1104 expositores
735 1026 1168 1101 Apocalypsis
1204 1026 1404 1084 deleti
1458 1032 1610 1083 sunt
1656 1024 1736 1082 de
1788 1025 1957 1084 libro
2008 1025 2217 1097 vitae,
2271 1025 2382 1100 qui
2433 1025 2664 1100 utique
2714 1026 2922 1083 multa
2970 1021 3359 1098 exponendo

269 1140 756 1215 apposuerunt?
805 1136 1029 1200 Absit.
1082 1135 1195 1194 sed
1250 1133 1500 1193 laboris
1551 1133 1655 1191 sui
1705 1139 2045 1190 aeternam
2101 1132 2466 1191 mercedem
2520 1149 2635 1190 eos
2682 1133 3020 1193 credimus
3072 1137 3361 1209 recepis-

272 1259 364 1304 se.
415 1242 587 1301 Dicit
636 1246 860 1300 autem
909 1240 1110 1298 Glosa
1159 1255 1362 1313 super
1407 1237 1710 1297 cumdem
1767 1236 2008 1309 locum,
2063 1244 2336 1311 propter
2381 1235 2758 1297 haereticos
2791 1237 3080 1309 dictum,
3126 1256 3205 1299 ne
3243 1257 3361 1317 per

270 1345 671 1421 pravitatem
721 1341 971 1417 aliquid
1011 1341 1461 1417 superaddere
1498 1339 1819 1397 auderent
1852 1343 1968 1396 aut
2002 1337 2293 1413 demere,
2332 1338 2507 1396 sicut
2541 1339 2741 1396 Arius
2777 1339 3042 1400 auferre
3078 1346 3362 1404 conatus

270 1455 375 1508 est
423 1449 503 1507 de
540 1447 710 1507 libro
761 1447 1122 1521 Evangelii:
1164 1447 1294 1522 Eya
1328 1453 1386 1504 et
1427 1446 1632 1505 Pater
1665 1464 1873 1503 uniam
1914 1461 2211 1503 sumus...
2248 1438 2292 1516 ¹)
2336 1443 2548 1502 Etiam
2601 1444 2659 1504 S.
2700 1445 3122 1522 Hildegardis
3174 1455 3237 1510 in
3287 1453 3368 1512 li·-

273 1557 394 1618 bro
433 1558 678 1618 scivias
714 1557 804 1614 ita
837 1555 1019 1614 dicit:
1060 1574 1091 1612 <c
1123 1553 1611 1612 Benedictionis
1647 1553 1961 1611 coelestis
1997 1568 2149 1611 rore
2187 1552 2542 1628 repleatur,
2582 1553 2695 1627 qui
2735 1553 2901 1612 hanc
2936 1555 3363 1629 prophetiam

274 1661 622 1737 amplexus
675 1658 897 1730 fuerit,
939 1665 1005 1717 et
1039 1656 1152 1734 qui
1187 1673 1334 1716 eam
1369 1658 1435 1716 in
1479 1649 1681 1716 corde
1715 1672 1835 1715 suo
1874 1656 2184 1728 tenue1·it;
2239 1662 2440 1732 atque
2490 1659 2599 1732 qui
2651 1674 2794 1716 eam
2836 1660 2898 1717 in
2937 1660 3080 1720 vias
3129 1664 3372 1738 planas

273 1768 686 1846 produxerit.
713 1765 763 1844 ²)
796 1786 827 1824 >2
868 1766 1052 1837 Quod
1088 1762 1274 1823 dicit:
1329 1783 1359 1821 «
1385 1764 1503 1835 Qui
1541 1780 1688 1825 eam
1729 1764 1794 1822 in
1829 1781 1888 1823 v,
1925 1780 1987 1838 p.
2028 1781 2088 1838 p,
2116 1784 2143 1819 ›>
2186 1764 2349 1824 nihil
2383 1764 2559 1823 aliud
2597 1772 2721 1840 est,
2759 1767 2886 1825 nisi
2927 1769 3043 1844 qui
3077 1785 3225 1830 eam
3259 1788 3375 1832 ex·-

273 1871 674 1948 planaverit,
715 1868 838 1928 hoc
873 1875 975 1927 est
1006 1866 1393 1944 exposuerit
1428 1867 1569 1926 sive
1604 1867 2111 1927 elucidaverit..1

369 1977 726 2035 Praeterea
779 1973 1137 2032 monuistis
1176 1975 1246 2031 ut
1294 1972 1373 2030 de
1409 1971 1545 2030 illis
1594 1971 1954 2031 haereticis
1989 1971 2215 2047 aliqua
2264 1972 2647 2046 specialiter
2690 1973 3079 2051 scriberem,
3117 1978 3198 2037 de
3230 1979 3380 2055 qui·

280 2083 407 2141 bus
456 2079 841 2158 prophetat,
877 2085 943 2138 et
977 2077 1401 2154 praemonuit
1433 2094 1553 2136 nos
1592 2077 1655 2135 in
1688 2078 1972 2152 epistola
2009 2078 2090 2135 ad
2128 2078 2556 2137 Colonienses
2601 2079 2797 2139 beata
2832 2092 3046 2141 mater
3077 2088 3372 2148 vestra...

277 2188 479 2264 (Inde
509 2206 635 2263 per
670 2205 784 2244 seae
821 2186 1158 2244 columnas
1192 2184 1494 2242 eaecurrit
1529 2185 1600 2240 in
1644 2182 2010 2264 Calliaros.)
2055 2182 2143 2239 Ex
2196 2199 2325 2258 quo
2378 2181 2739 2242 Christiani
2788 2201 2939 2244 esse
2989 2193 3376 2266 coeperunt,

284 2310 645 2372 numquam
697 2298 760 2355 in
809 2301 989 2353 terra
1041 2299 1222 2352 tanta
1274 2293 1569 2350 claustra
1621 2291 1766 2349 visa
1817 2297 1991 2349 sunt.
2042 2290 2140 2349 Ab
2176 2306 2345 2349 anno
2389 2292 2725 2365 praesenti
2763 2294 2874 2367 qui
2925 2299 3028 2353 est
3059 2292 3373 2370 MCCXX‚

284 2401 458 2461 infra
493 2409 758 2461 centum
792 2407 860 2459 et
896 2395 1071 2459 XXX
1120 2416 1327 2458 annos
1363 2397 1586 2456 omnia
1636 2398 1936 2455 claustra
1977 2397 2446 2456 cisterciensis
2496 2397 2750 2457 ordinis
2785 2403 2850 2459 et
2881 2400 3387 2465 praemonstra·-

282 2507 500 2565 tensis
551 2505 901 2565 aedificata
945 2509 1122 2574 sunt,
1160 2510 1512 2577 praeterea
1565 2501 1768 2559 multa
1803 2500 1883 2558 de
1920 2501 2110 2574 nigro
2160 2499 2393 2558 ordine
2426 2506 2492 2558 et
2543 2502 2951 2575 reginarium
2988 2511 3054 2564 et
3101 2506 3385 2568 clerico-

284 2626 436 2668 rum
483 2615 549 2667 et
601 2609 878 2668 inclusis
928 2608 1190 2684 plenam
1245 2605 1578 2681 reperient
1628 2610 1899 2664 terram.
1937 2603 2060 2663 Sed
2109 2611 2261 2679 post
2295 2621 2413 2662 eos
2452 2604 2890 2684 (haereticos)
2924 2609 3053 2669 erit
3084 2612 3380 2675 solitudo

276 2716 573 2785 deserti,
625 2717 781 2791 quia
830 2731 1061 2774 eorum
1129 2716 1445 2773 suasione
1493 2716 1560 2773 et
1619 2713 2111 2772 machinatione
2177 2714 2385 2773 multa
2444 2715 2737 2775 claustra
2787 2717 3260 2799 destruentur,
3310 2731 3378 2786 et

285 2820 538 2876 multae
586 2822 650 2878 et
687 2819 1052 2894 spiritaleS,
1105 2819 1284 2882 sicut
1318 2818 1647 2899 praedixit
1699 2825 1929 2876 sancta
1983 2817 2407 2893 Hildegardis
2458 2819 2671 2894 virgo,
2714 2821 2775 2879 in
2827 2839 3108 2896 parvum
3157 2845 3387 2888 nume-

289 2940 439 2983 rum
479 2923 883 3000 redigentur,

1798 3161 1885 3220 ΙΙΙ

387 3380 547 3438 Item
587 3382 663 3439 de
700 3382 945 3440 eisdem
980 3384 1332 3441 haereticis
1367 3404 1450 3439 ea·
1490 3384 1882 3461 Apocalypsi
1916 3392 1975 3443 et
2015 3386 2094 3443 de
2150 3387 2270 3446 VII
2316 3391 2711 3467 temporibus
2746 3416 2782 3452 α
2812 3401 3303 3472 praedicatione

1404 3488 1645 3547 Chr-isti
1679 3490 1762 3548 ad
1795 3493 1994 3567 finem
2030 3492 2297 3552 saeculi.

393 3720 675 3780 Sanctus
723 3708 1006 3779 Joannes
1041 3716 1106 3778 in
1141 3718 1540 3797 Apocalypsi
1575 3721 1655 3780 de
1707 3720 2120 3798 lacrymabili
2158 3730 2457 3803 tempore
2507 3731 2785 3793 istorum
2826 3742 2892 3795 et
2939 3736 3018 3798 de
3054 3739 3387 3805 nefandis·

294 3830 471 3889 sima
504 3828 644 3887 vita
675 3842 902 3886 eorum
940 3826 1119 3886 dicit:
1157 3827 1238 3885 Et
1272 3829 1545 3903 quintus
1578 3830 1873 3903 anqelus.
1906 3826 2137 3908 (Apoc.
2174 3834 2257 3893 IX
2292 3834 2330 3894 1*
2365 3865 2452 3879 —
2487 3836 2621 3915 11.)

397 3936 601 4007 Quem
628 3935 842 3994 locum
875 3936 1361 4009 interpretatur
1408 3931 1682 4005 Gebenn,
1721 3939 2031 3996 continuo
2064 3942 2425 4015 respiciens
2459 3945 2803 4018 epistolam
2839 3949 3258 4029 Hildeyardis
3304 3959 3389 4016 ad

302 4042 744 4112 colonienses,
798 4046 1173 4113 septemque
1210 4036 1392 4095 tubas
1442 4041 1674 4095 asserit
1714 4059 1850 4098 esse
1887 4050 2135 4118 septem
2192 4045 2513 4104 Ecclesiae
2562 4054 2876 4125 tempora,
2930 4073 3205 4130 quorum
3251 4064 3395 4138 pri-

302 4162 488 4201 mum
530 4150 623 4202 est
655 4143 1063 4219 praedicatio
1103 4142 1343 4201 Christi
1378 4143 1463 4200 od
1495 4143 1801 4218 Judaeos,
1840 4148 2199 4205 secundum
2240 4152 2571 4209 conversio
2594 4157 2918 4228 qentium,
2955 4162 3227 4221 tertium
3245 4182 3398 4242 pro-

297 4250 547 4325 fliyatio
569 4249 1053 4307 haereticorum
1086 4265 1125 4304 α
1157 4247 1582 4305 Constantino
1616 4250 1700 4305 ad
1734 4252 2069 4308 saeculum
2104 4253 2247 4315 MC.
2286 4263 2593 4328 quartum
2631 4268 2809 4315 oetas
2836 4263 3045 4337 ipsius
3076 4274 3386 4345 auctoris,

298 4354 612 4428 quintum
657 4353 891 4427 futura
929 4352 1356 4411 catharorum
1407 4353 1744 4423 colluvies;
1782 4355 1929 4412 silet
1969 4373 2117 4413 vero
2144 4358 2519 4431 prudenter
2551 4361 2629 4418 de
2676 4361 2760 4420 VI
2787 4371 2849 4422 et
2894 4366 3016 4427 VII
3037 4345 3388 4446 postremis

300 4455 721 4534 temporibus,
761 4455 872 4516 Sat
906 4457 1034 4514 erit
1063 4473 1280 4531 pauca
1310 4455 1665 4514 rescribere
1703 4476 1866 4533 quae
1900 4460 2295 4535 reseruntur
2328 4462 2414 4519 ad
2449 4461 2812 4526 Gebenonis
2843 4488 3096 4534 aevum.

393 4560 559 4632 Quid
611 4560 738 4619 sibi
776 4560 941 4629 vult,
992 4560 1166 4635 quod
1206 4560 1438 4618 beatus
1483 4560 1769 4621 Joannes
1806 4562 1870 4621 in
1915 4562 2042 4621 hoc
2075 4567 2313 4639 quarto
2351 4573 2648 4640 tempore
2686 4571 2852 4631 vidit
2885 4578 2949 4635 et
2983 4579 3239 4643 audivit
3278 4596 3389 4645 vo·-

299 4681 448 4726 cem
498 4664 692 4724 unius
726 4666 990 4740 aquilae
1041 4666 1327 4724 volantis
1361 4682 1481 4741 per
1529 4667 1813 4727 medium
1860 4669 2142 4739 coelum,
2179 4670 2463 4732 dicentis
2513 4692 2675 4735 voce
2725 4695 2982 4757 magna:
3044 4687 3187 4762 Vae,
3240 4709 3386 4767 vae,

306 4787 425 4828 vae
482 4767 921 4829 habitantibus
969 4772 1042 4828 in
1091 4775 1292 4843 terra,
1354 4771 1433 4828 de
1483 4774 1758 4831 caeteris
1816 4773 2069 4833 vocibus
2125 4778 2331 4834 trium
2389 4781 2773 4855 anyelorurn
2820 4789 2935 4863 qui
2989 4798 3179 4851 erant
3238 4795 3393 4859 tuba

303 4873 637 4933 canituri?
681 4866 729 4950 ³)
781 4872 1110 4948 Numquid
1147 4873 1392 4948 aliquis
1429 4881 1809 4935 sanctorum
1849 4878 1912 4935 in
1947 4876 2073 4937 hoc
2108 4885 2345 4952 quarto
2384 4888 2678 4959 tempore
2715 4887 2932 4948 floruit
2974 4891 3034 4951 in
3068 4894 3389 4978 Ecclesia,

300 4993 502 5052 quem
553 4978 815 5051 aquilae
855 4979 1088 5035 merito
1141 4994 1494 5051 possumus
1532 4996 1953 5056 comparare,
2008 4985 2120 5058 qni
2157 4985 2371 5044 adhuc
2425 4989 2581 5047 tuba
2618 4993 2902 5052 canituri
2957 5006 3131 5071 sunt,
3173 5002 3236 5065 id
3284 5013 3391 5073 est

387 5179 427 5242 ¹)
452 5179 609 5234 Joan.
646 5179 716 5240 X.
749 5184 832 5233 30.
871 5212 922 5216 --
957 5182 1001 5245 ⁴²)
1031 5178 1241 5235 Scirias
1271 5180 1367 5236 lib.
1401 5181 1502 5236 111.
1542 5183 1643 5241 vis,
1677 5182 1834 5248 xm,
1866 5187 1992 5254 (col.
2029 5193 2128 5242 738
2155 5187 2240 5256 C)
2276 5219 2336 5231 -·
2362 5188 2660 5262 ³)Apoca1.
2692 5192 2851 5256 vm.
2886 5199 2967 5250 15.
