4036 6117
717 462 846 522 452
1860 478 1910 523 s.
1973 479 2532 524 uttnssoAnms

734 604 899 663 Cum
934 601 1116 661 venit
1151 602 1436 676 tempuS,
1474 598 1651 675 quod
1687 603 1758 658 tu
1791 598 2078 659 floruisti
2123 599 2189 659 in
2216 599 2423 660 ramis
2470 598 2629 672 tuiS,
2659 614 2804 672 ave,
2835 613 2957 658 ave
2985 597 3075 657 sit
3107 597 3258 674 tibi,
3284 591 3332 677 ¹)
3368 597 3533 673 quia
3558 596 3751 657 color

643 708 808 768 solis
841 708 908 768 in
944 709 1009 768 te
1044 706 1334 779 sudavit,
1372 707 1548 764 sicut
1582 703 1745 764 odor
1776 703 2084 764 balsami.

727 813 893 873 Nam
928 813 992 872 in
1028 816 1091 871 te
1127 810 1352 870 floruit
1394 808 1671 885 pulcher
1703 809 1847 883 flos,
1884 810 1998 884 qui
2033 808 2306 868 odorem
2344 808 2526 868 dedit
2560 807 2871 868 omnibus
2906 807 3346 884 aromatibus,
3384 824 3560 885 quae
3613 809 3745 867 ari-

648 917 732 976 da
768 918 978 976 erant.

730 1020 811 1080 Et
845 1020 958 1079 illa
994 1022 1450 1094 apparuerunt
1483 1017 1706 1075 omnia
1741 1016 1806 1075 in
1840 1015 2184 1076 viriditate
2218 1016 2436 1092 plena.

729 1126 914 1187 Unde
946 1126 1118 1185 coeli
1164 1124 1491 1183 dederunt
1539 1138 1755 1183 rorem
1807 1138 2008 1198 super
2056 1139 2354 1199 gramen,
2390 1128 2458 1182 et
2489 1122 2709 1183 omnis
2758 1128 2939 1183 terra
2974 1124 3153 1184 laeta
3188 1122 3365 1184 facta
3397 1127 3523 1199 est,
3572 1140 3712 1200 quo

641 1231 825 1291 niam
872 1232 1140 1291 viscera
1189 1228 1403 1304 ipsius
1454 1227 1859 1288 frumentum
1907 1228 2355 1303 protulerunt,
2407 1229 2475 1288 et
2507 1227 2826 1305 quoniam
2860 1229 3170 1290 volucres
3203 1230 3376 1289 coeli
3422 1229 3623 1288 nidos
3672 1228 3737 1286 in

649 1337 796 1412 ipsa
830 1334 1232 1394 babuerunt.

732 1437 981 1498 Deinde
1017 1437 1193 1498 facta
1224 1442 1330 1496 est
1361 1451 1517 1496 esca
1554 1435 1959 1510 hominibuS‚
1995 1441 2064 1496 et
2102 1436 2419 1513 gaudium
2455 1451 2769 1511 magnum
2803 1438 3242 1514 epulantium:
3279 1436 3474 1512 unde,
3511 1453 3549 1496 o
3586 1453 3740 1497 sua-

649 1544 754 1604 vis
788 1543 1012 1618 Virg0,
1052 1543 1117 1601 in
1152 1548 1215 1601 te
1250 1557 1380 1601 non
1411 1541 1635 1601 deficit
1667 1541 1878 1601 ullum
1911 1541 2250 1616 gaudium.

744 1648 923 1708 Haec
956 1647 1177 1707 omnia
1210 1646 1348 1706 Eva
1380 1646 1803 1719 contempsit.

605 1753 624 1768 “
689 1740 700 1748 ’
739 1754 924 1813 Nunc
958 1758 1182 1811 autem
1217 1752 1362 1811 laus
1397 1751 1487 1809 sit
1519 1751 1888 1810 Altissimo.

1575 1977 1757 2037 LVII.
1809 1977 2112 2055 Hymnus
2161 1977 2240 2035 de
2290 1985 2520 2039 sancta
2568 1979 2800 2040 Maria.

739 2207 899 2280 Ave,
950 2221 1298 2282 generosa,
1334 2205 1653 2280 gloriosa,
1690 2208 1758 2265 et
1791 2205 2041 2264 intacta
2075 2205 2318 2280 puella.
2356 2205 2453 2264 Tu
2486 2207 2740 2282 pupilla
2771 2209 3133 2284 castitatiS,
3170 2217 3243 2270 tu
3277 2211 3559 2272 materia
3590 2227 3735 2271 san-

651 2313 932 2387 ctitatiS,
967 2328 1138 2389 quae
1170 2312 1304 2371 Deo
1337 2312 1611 2387 placuit.
1694 2370 1704 2380 ,

740 2418 905 2478 Nam
943 2418 1107 2478 haec
1137 2415 1187 2496 ²)
1226 2431 1515 2492 superna
1549 2414 1796 2476 infusio
1832 2415 1900 2475 in
1932 2420 1998 2476 te
2035 2414 2182 2492 fuit,
2219 2419 2397 2493 quod
2433 2433 2794 2495 supernum
2822 2419 3110 2482 Verbum
3146 2422 3213 2482 in
3246 2425 3310 2483 te
3342 2438 3612 2483 carnem
3645 2423 3736 2483 in·-

651 2524 815 2585 duit.

711 2629 838 2689 .Tu
870 2629 1222 2689 candidum
1259 2627 1497 2701 lilium,
1535 2626 1711 2704 quod
1743 2625 1919 2686 Deus
1954 2633 2107 2687 ante
2139 2644 2404 2689 omnem
2436 2636 2819 2690 creaturam
2854 2631 3165 2707 inspexit.
3198 2631 3250 2691 Ο
3280 2630 3727 2707 pulcherrima

650 2737 717 2795 et
747 2733 1162 2807 dulcissima,
1200 2747 1398 2808 quam
1434 2732 1628 2791 valde
1660 2731 1838 2791 Deus
1876 2732 1941 2790 in
1977 2737 2042 2791 te
2068 2731 2556 2809 delectabatur,
2593 2750 2799 2810 quum
2834 2736 3319 2812 amplexionem
3355 2733 3601 2795 caloris
3634 2734 3730 2793 sui

655 2842 720 2898 in
755 2843 818 2899 te
853 2838 1100 2912 posuit,
1139 2837 1231 2897 ita
1263 2835 1440 2912 quod
1474 2836 1684 2896 Filius
1717 2835 1864 2911 ejus
1897 2836 1978 2894 de
2012 2842 2079 2894 te
2115 2835 2406 2896 lactatus
2439 2839 2560 2897 est.

743 2946 986 3005 Venter
1018 2944 1197 3003 enim
1229 2949 1387 3003 tuus
1421 2942 1739 3018 gaudium
1772 2941 2030 3016 habuit,
2068 2957 2220 3000 cum
2253 2942 2473 3002 omnis
2506 2943 2821 3004 coelestis
2856 2944 3252 3021 symphonia
3283 2944 3364 3005 de
3398 2948 3464 3004 te
3489 2944 3725 3016 sonuit,

654 3050 835 3128 quia,
870 3049 1095 3124 Virgo,
1131 3048 1369 3109 Filium
1400 3046 1517 3107 Dei
1554 3047 1864 3123 portasti,
1901 3047 2016 3107 ubi
2050 3046 2329 3107 castitas
2366 3048 2479 3108 tua
2514 3047 2581 3108 in
2611 3046 2745 3109 Deo
2780 3050 3045 3112 claruit.

741 3155 1016 3213 Viscera
1051 3159 1163 3212 tua
1196 3152 1515 3227 gaudium
1550 3151 1947 3225 habuerunt,
1985 3150 2162 3210 sicut
2194 3166 2491 3226 gramen,
2532 3166 2736 3227 super
2768 3153 2947 3229 quod
2981 3170 3095 3214 ros
3130 3153 3336 3229 cadit,
3365 3169 3519 3215 cum
3550 3153 3611 3212 ei
3641 3151 3728 3210 vi-

656 3259 996 3319 riditatem
1033 3254 1341 3329 infundit,
1375 3249 1424 3333 ³)
1464 3261 1536 3314 ut
1570 3260 1637 3313 et
1674 3254 1738 3313 in
1772 3258 1836 3313 te
1873 3253 2123 3313 factum
2157 3257 2281 3328 est,
2318 3272 2361 3333 o
2393 3260 2608 3315 mater
2641 3256 2858 3316 omnis
2890 3257 3139 3332 gaudii.

740 3364 926 3425 Nunc
959 3361 1175 3421 omnis
1208 3360 1509 3420 Ecclesia
1543 3359 1610 3418 in
1643 3358 1885 3434 gaudio
1915 3359 2168 3433 rutilet,
2198 3374 2276 3418 ac
2304 3360 2368 3418 in
2390 3353 2437 3438 ⁴)
2468 3360 2859 3435 symphonia
2885 3367 3101 3437 sonet,
3128 3367 3406 3438 propter
3436 3359 3727 3420 dulcissi-

657 3484 834 3527 mam
866 3466 1195 3541 virginem
1228 3470 1294 3524 et
1329 3463 1735 3523 laudabilem
1768 3462 2047 3521 Mariam
2079 3460 2198 3522 Dei
2232 3463 2646 3538 genitricem.

749 3570 978 3629 Amen.

1529 3793 1743 3855 LVIII.
1795 3794 2097 3872 Hymnus
2145 3795 2225 3854 de
2274 3802 2497 3856 sancto
2548 3797 2844 3858 Matthia.

747 4023 1083 4097 Matthias,
1121 4026 1396 4082 sanctus
1431 4037 1551 4098 per
1583 4021 2002 4096 electionem,
2041 4022 2148 4081 vir
2179 4022 2549 4098 praeliator
2579 4038 2701 4100 per
2735 4023 3112 4098 victoriam,
3149 4029 3303 4085 ante
3354 4026 3728 4102 sanguinem

659 4130 826 4205 Agni
859 4129 1253 4189 electionem
1289 4144 1418 4187 non
1454 4125 1712 4201 habuit,
1766 4126 1883 4186 sed
1931 4125 2168 4186 tardus
2216 4126 2285 4186 in
2319 4128 2603 4187 scientia
2638 4126 2787 4203 fuit,
2824 4129 3020 4205 quasi
3053 4128 3252 4190 homo
3286 4130 3404 4206 qui
3450 4129 3733 4208 perfecte

664 4251 793 4294 non
826 4233 1084 4308 vigilat.

744 4337 1001 4399 Donum
1034 4336 1151 4397 Dei
1201 4337 1388 4396 illum
1437 4334 1778 4410 excitavit,
1819 4334 1989 4394 unde
2041 4335 2185 4411 ipse
2232 4352 2393 4411 prae
2427 4336 2692 4411 gaudio,
2731 4329 2908 4397 sic'ut
2940 4337 3156 4413 gigas,
3193 4337 3260 4397 in
3303 4337 3571 4399 viribus
3602 4338 3735 4399 suis

660 4442 975 4516 surrexit,
1011 4442 1169 4518 quia
1201 4440 1378 4500 Deus
1413 4440 1602 4500 illum
1635 4439 1992 4515 praevidit,
2031 4440 2208 4500 sicut
2258 4440 2619 4515 hominem,
2658 4456 2854 4517 quem
2889 4441 2972 4502 de
3005 4442 3166 4503 limo
3203 4441 3544 4517 formavit,
3596 4459 3739 4504 cum

658 4552 917 4627 primus
951 4550 1228 4624 angelus
1262 4547 1527 4622 cecidit,
1569 4547 1684 4624 qui
1716 4546 1925 4608 Deum
1957 4547 2249 4622 negavit.

750 4653 961 4713 Homo
997 4652 1111 4727 qui
1159 4652 1555 4711 electionem
1604 4650 1793 4724 vidit,
1843 4650 1992 4710 vae!
2048 4650 2198 4710 vael
2256 4651 2519 4726 cecidit3
2557 4651 2766 4712 boves
2799 4658 2867 4713 et
2898 4653 3146 4714 arietes
3193 4653 3451 4727 habuit,
3503 4653 3624 4714 sed
3657 4653 3745 4713 fa·

659 4761 829 4818 ciem
865 4771 1054 4815 suam
1091 4755 1174 4815 ab
1209 4755 1308 4814 eis
1345 4761 1716 4815 retrorsum
1751 4754 1966 4825 duxit,
2001 4760 2071 4815 et
2107 4755 2258 4815 illos
2292 4754 2571 4816 dimisit.

746 4862 927 4923 Unde
969 4860 1226 4920 foveam
1261 4860 1627 4919 carbonum
1665 4860 1933 4933 invasit,
1971 4864 2039 4919 et
2072 4859 2409 4921 desideria
2444 4876 2570 4921 sua
2603 4863 2980 4933 osculatuS,
3009 4862 3075 4921 in
3109 4861 3332 4921 studio
3360 4879 3484 4923 suo
3512 4862 3628 4922 illa
3662 4861 3745 4920 si-

661 4976 772 5028 cut
806 4966 1158 5042 Olympum
1193 4965 1423 5024 erexit.
2994 4970 2998 4974 *

738 5153 778 5217 ¹)
805 5157 913 5208 sint
941 5156 1044 5209 tibi
1069 5154 1188 5210 cod.
1221 5158 1269 5207 2.
1304 5186 1364 5192 —
1395 5155 1438 5215 2)
1466 5155 1595 5208 haec
1620 5167 1730 5206 orn.
1763 5152 1882 5208 cod.
1915 5156 2077 5209 alter.
2111 5183 2176 5193 —-
2202 5154 2245 5217 ³)
2273 5156 2487 5223 infudit
2512 5154 2631 5210 cod.
2664 5155 2837 5225 prior.
2871 5188 2936 5196 —
2964 5156 3011 5221 ⁴)
3039 5161 3088 5209 et
3113 5159 3174 5211 in
3195 5155 3316 5210 cod.
3347 5156 3510 5211 alter.
