4036 6117
745 460 875 520 226
1897 488 1946 532 s.
2011 486 2547 535 111LnssoAntits

2148 710 2281 770 XII.

1526 914 1620 974 De
1667 916 1968 990 yehenna
2006 919 2431 994 perditorum
2478 920 2883 997 angelorum.

752 1118 858 1179 13.
895 1117 1021 1179 Sed
1058 1119 1122 1179 in
1167 1120 1320 1180 aliis
1354 1119 1707 1181 horrendis
1739 1129 1806 1182 et
1839 1124 1982 1182 sine
2016 1124 2281 1183 flamma
2315 1125 2706 1186 ardentibus
2739 1124 3055 1204 tenebriS,
3095 1122 3252 1208 quia
3286 1148 3440 1193 aere
3476 1136 3649 1196 lucis
3678 1141 3739 1196 et

659 1222 925 1283 flamma
952 1224 1292 1283 rutilantis
1327 1225 1499 1299 ignis
1533 1233 1787 1302 carent,
1817 1228 2060 1303 quibus
2092 1229 2438 1303 praefatae
2476 1222 2790 1291 tenebrae
2826 1234 3181 1310 contiguae
3216 1243 3393 1313 sunt,
3430 1241 3733 1316 quoniam

657 1332 941 1402 utraque
990 1326 1057 1386 in
1103 1328 1474 1402 perditione
1521 1330 1841 1405 existunt,
1893 1331 2196 1406 gehenna
2230 1336 2354 1407 est,
2394 1340 2467 1393 ut
2515 1334 2724 1410 vides3
2778 1353 2950 1412 quae
3001 1338 3066 1397 in
3104 1340 3293 1400 ruina
3327 1340 3736 1417 perditorum

652 1434 1043 1507 angelorum
1077 1449 1382 1508 surgenS,
1419 1433 1731 1494 Satanam
1781 1436 2112 1511 suscepit,
2149 1442 2215 1495 et
2250 1453 2710 1515 quaecumque
2748 1443 3077 1502 tormenta
3111 1446 3403 1505 omnium
3443 1448 3736 1508 miseria-

653 1551 802 1593 rum
836 1536 977 1594 sine
1012 1536 1464 1597 consolatione
1498 1543 1565 1597 et
1599 1538 1741 1596 sine
1777 1554 1894 1612 spe
1946 1540 2012 1598 in
2063 1555 2134 1597 se
2184 1540 2448 1614 retinet;
2475 1535 2521 1618 ¹)
2576 1541 2642 1599 in
2689 1543 2935 1618 quibus
2985 1547 3118 1604 tam
3168 1548 3428 1608 animae
3472 1551 3734 1625 quaein

650 1642 986 1702 oblivione
1019 1649 1193 1717 sunt,
1230 1659 1430 1718 quam
1483 1642 1656 1702 idem
1679 1639 1729 1721 2)
1766 1644 2086 1719 antiquus
2122 1645 2427 1705 inventor
2469 1645 2888 1723 perditioniS‚
2928 1658 3213 1713 manent.
3252 1653 3430 1724 Quae
3464 1662 3628 1731 quot
3671 1662 3733 1717 et

647 1751 897 1821 quanta
944 1752 1012 1804 et
1060 1745 1286 1822 qualia
1320 1745 1476 1821 sint,
1515 1746 1853 1820 capacitas
1903 1748 2208 1808 mortalis
2258 1758 2609 1809 creaturae
2657 1767 2786 1809 non
2832 1753 3043 1828 capit,
3096 1756 3407 1830 quoniam
3457 1756 3623 1817 haec
3669 1759 3732 1817 in

648 1849 983 1910 oblivione
1016 1854 1194 1923 sunt,
1232 1855 1300 1909 et
1330 1866 1670 1927 nunquam
1705 1851 2088 1925 cessabunt3
2124 1854 2438 1927 quoniam
2473 1852 2580 1913 his
2612 1854 2728 1930 qui
2762 1856 3049 1930 gratiam
3074 1856 3191 1917 Dei
3218 1875 3346 1919 non
3375 1869 3725 1937 quaerunt,

644 1968 765 2012 nec
815 1952 882 2012 in
926 1952 1133 2012 Deum
1183 1954 1487 2029 aspicere
1535 1955 1803 2032 volunt,
1854 1971 1977 2014 nec
2026 1956 2139 2031 qui
2174 1956 2383 2016 vitam
2417 1957 2662 2017 habere
2696 1957 3108 2036 desiderant,
3149 1962 3214 2021 in
3247 1961 3354 2023 his
3388 1978 3728 2038 permane-

644 2057 830 2118 bunt.

2100 2271 2263 2331 XIII.

1234 2480 1327 2541 De
1378 2480 1724 2557 suppliciis
1773 2498 2002 2540 eorum
2051 2482 2165 2557 qui
2213 2498 2430 2541 coram
2481 2482 2615 2542 Deo
2662 2480 2894 2557 abjecti
2944 2492 3119 2545 sunt.

720 2690 825 2751 14.
860 2690 939 2750 Et
972 2690 1132 2767 quid
1164 2691 1315 2767 plus
1348 2690 1429 2749 de
1463 2689 1569 2749 his
1613 2706 1785 2766 quae
1834 2706 2064 2750 coram
2111 2689 2246 2750 Deo
2298 2691 2364 2750 in
2412 2691 2749 2751 oblivione
2799 2699 2976 2767 sunt,
3015 2693 3301 2752 humana
3338 2695 3717 2755 mortalitas

626 2796 1124 2869 perscrutetur,
1174 2808 1375 2868 quam
1425 2792 1600 2868 quod
1635 2808 1714 2852 ea
1746 2808 1916 2867 quae
1959 2792 2059 2850 sic
2093 2793 2353 2868 abjecta
2387 2799 2562 2868 sunt,
2605 2794 2666 2852 in
2703 2794 2979 2854 infinitis
3015 2795 3364 2871 suppliciis
3400 2796 3589 2855 sunt?
3621 2796 3712 2856 De

627 2896 734 2956 his
768 2897 1089 2972 antiquus
1122 2911 1400 2970 serpens
1434 2895 1700 2970 gaudet,
1738 2896 2051 2971 quoniam
2078 2889 2127 2971 ³)
2176 2898 2316 2971 ipse
2352 2897 2597 2956 bonum
2630 2914 2750 2955 nec
2784 2898 3119 2958 desiderat
3166 2914 3287 2957 nec
3334 2899 3501 2972 vult,
3556 2898 3715 2975 quia

621 3008 857 3062 auctor
886 3000 1040 3060 mali
1068 2998 1363 3058 omnium
1400 3000 1725 3058 malorum
1753 3006 1821 3058 et
1847 3006 2272 3074 peccatorum
2310 3007 2432 3061 est.
2462 3000 2621 3060 Nam
2653 3001 2796 3077 ipse
2834 3002 3090 3076 primus
3118 3001 3413 3061 omnium
3440 3001 3714 3061 clarita-

620 3113 756 3166 tem
802 3105 918 3164 Dei
970 3105 1279 3180 inspexit,
1316 3110 1382 3163 et
1418 3121 1569 3164 mox
1617 3105 1867 3163 malum
1903 3104 2066 3164 illud
2113 3105 2381 3180 incepit,
2419 3106 2595 3181 quod
2630 3122 2780 3167 esse
2817 3123 2943 3164 non
2978 3107 3226 3181 debuit,
3264 3122 3384 3166 nec
3419 3107 3561 3167 fieri
3597 3123 3711 3182 po-

617 3212 766 3271 tuit.
802 3209 1030 3269 Omnis
1066 3214 1288 3269 autem
1323 3213 1634 3267 creatura
1666 3223 1784 3283 per
1815 3207 2024 3268 Deum
2063 3208 2235 3268 facta
2283 3215 2407 3283 est,
2461 3209 2585 3268 hoc
2633 3225 2792 3268 vero
2828 3210 3100 3280 malum,
3147 3211 3320 3286 quod
3376 3210 3486 3269 ille
3538 3211 3707 3269 anti-

611 3332 782 3392 quus
816 3329 1092 3390 serpens
1130 3312 1396 3387 incepit,
1435 3313 1578 3373 sine
1614 3313 1757 3388 ipso
1798 3311 2044 3372 factum
2080 3319 2205 3372 est.

2070 3537 2229 3596 XIV.

1309 3727 1490 3799 Quod
1536 3732 1719 3786 astra
1766 3733 1992 3786 contra
2043 3725 2383 3785 Diabolum
2436 3727 2609 3787 Deus
2659 3730 3017 3788 constituit.

692 3938 798 3998 15.
849 3935 1115 3996 Lucifer
1161 3935 1340 3996 enim
1395 3934 1581 3994 velut
1636 3935 1982 4009 speculum
2038 3950 2191 3994 cum
2247 3935 2557 3994 omnibus
2613 3935 3023 3995 ornamentis
3079 3936 3224 3996 suis
3280 3936 3686 3997 constitutus

598 4048 768 4117 erat;
807 4041 922 4101 sed
958 4040 1100 4115 ipse
1128 4040 1263 4114 luiz,
1308 4043 1375 4097 et
1409 4054 1537 4098 non
1573 4038 1810 4099 umbra
1842 4037 2142 4114 ejusdem
2181 4038 2349 4098 lucis
2384 4054 2535 4098 esse
2568 4039 2800 4098 voluit.
2838 4040 3019 4099 Tunc
3050 4039 3224 4099 Deus
3258 4040 3467 4100 solem
3506 4040 3682 4114 fecit,

599 4147 713 4222 qui
749 4161 981 4205 omnes
1014 4150 1359 4204 creaturas
1394 4149 1628 4202 contra
1663 4142 1990 4217 fulgorem
2027 4142 2207 4201 illius
2245 4142 2637 4217 illustraret,
2673 4148 2739 4202 et
2775 4143 2999 4201 lunam
3046 4143 3292 4219 posuit,
3330 4158 3500 4219 quae
3549 4158 3685 4202 orn-

592 4264 709 4307 nes
745 4249 1057 4307 tenebras
1083 4250 1315 4307 contra
1353 4246 1633 4322 insidias
1670 4247 1849 4306 illius
1884 4245 2315 4320 illuminaret,
2346 4252 2412 4306 et
2447 4247 2681 4306 stellas
2716 4247 3089 4321 constituit,
3127 4263 3296 4323 quae
3331 4246 3553 4304 omnia
3585 4246 3680 4304 vi-

593 4353 686 4412 tia
719 4352 866 4428 eJus
900 4351 1330 4411 offuscarent.
1355 4347 1403 4431 ⁴)
1439 4352 1613 4410 Deus
1661 4366 1948 4426 namque
1997 4350 2337 4424 plenitudo
2375 4349 2489 4409 illa
2524 4356 2666 4424 est,
2720 4351 2785 4408 in
2835 4367 2964 4426 qua
3001 4351 3182 4409 nulla
3218 4350 3525 4409 vacuitas
3558 4363 3675 4407 nec

589 4464 715 4531 est,
750 4472 875 4516 nec
907 4472 1056 4517 esse
1089 4461 1332 4531 potest.
1365 4455 1685 4514 Diabolus
1717 4461 1939 4514 autem
1979 4455 2170 4514 inane
2204 4471 2325 4513 vas
2359 4459 2499 4529 est,
2553 4455 2709 4530 quia
2760 4471 2910 4513 mox
2943 4461 3017 4514 ut
3059 4454 3434 4513 claritatem
3487 4466 3673 4511 suam

590 4559 897 4634 inspexit,
952 4560 1132 4618 illam
1171 4559 1616 4634 superbiendo
1667 4557 1978 4633 perdidit,
2016 4558 2553 4633 etsemetipsum
2590 4558 2654 4616 in
2690 4556 3018 4617 infernum
3062 4557 3394 4634 sepelivit,
3443 4556 3556 4616 ubi
3589 4555 3679 4613 si·-

583 4682 664 4725 ne
704 4665 919 4740 gloria
951 4670 1017 4723 et
1052 4664 1195 4722 sine
1229 4663 1408 4723 omni
1443 4662 1692 4721 honore
1728 4662 1946 4721 laudis
1975 4661 2289 4733 manebit3
2327 4662 2644 4737 quouiam
2690 4662 3015 4737 spoliator
3050 4662 3162 4721 ille
3197 4666 3324 4734 est,
3376 4661 3491 4737 qui
3540 4658 3673 4734 pri-

581 4785 762 4841 mum
812 4767 1145 4842 hominem
1194 4766 1615 4840 despoliavit,
1667 4773 1734 4824 et
1782 4766 1896 4840 qui
1945 4781 2099 4824 eum
2131 4764 2213 4823 de
2246 4765 2567 4825 Paradiso
2601 4766 2877 4841 expulit,
2914 4769 2982 4825 et
3015 4766 3128 4841 qui
3163 4765 3230 4824 in
3262 4765 3427 4824 Abel
3463 4761 3672 4822 horni-

579 4871 728 4930 cida
765 4870 911 4943 suit,
948 4875 1015 4927 et
1048 4869 1163 4944 qui
1197 4869 1411 4944 primo
1448 4869 1622 4927 malo
1658 4867 1958 4928 homines
1993 4868 2259 4943 occidit,
2298 4884 2450 4926 cum
2486 4885 2556 4928 se
2594 4869 2725 4927 illis
2759 4868 2966 4928 Deum
3002 4883 3155 4927 esse
3190 4866 3517 4927 ostendit:

651 5085 692 5148 ι)
715 5089 944 5141 retinent
965 5084 1053 5139 W.
1082 5114 1146 5123 —
1167 5084 1213 5147 2)
1235 5083 1677 5156 quemadmodum
1694 5081 1789 5142 W.
1815 5081 1874 5136 in
1894 5094 2069 5149 marg.
2164 5097 2295 5138 sane
2332 5081 2571 5143 theoria,
2603 5081 2661 5136 in
2683 5087 3014 5151 argumento
3039 5080 3178 5137 satis
3200 5080 3401 5142 libero.
3428 5078 3498 5134 de
3525 5083 3661 5134 tem-

574 5172 674 5226 ubi
703 5188 869 5244 quam
896 5173 1050 5227 idem.
1085 5199 1151 5210 -
1176 5168 1220 5236 ³)
1256 5170 1404 5241 quod
1429 5171 1542 5240 ipse
1567 5167 1632 5225 A.
1672 5198 1735 5207 —-
1758 5167 1803 5235 ⁴)
1831 5168 2071 5237 Elegans
2166 5182 2298 5238 pore
2326 5165 2385 5222 in
2409 5182 2522 5238 quo
2550 5166 2733 5236 angeli
2762 5167 2937 5224 creati
2965 5172 3101 5223 sunt
3126 5171 3185 5223 et
3211 5165 3557 5222 ceciderunt.
