4036 6117
556 456 688 515 201
1706 473 1756 516 s.
1809 472 2370 519 u1LnEGAan1s

491 593 629 652 rari
662 592 1096 665 existimavit,
1137 591 1452 651 contrivit
1483 588 1803 653 Dominus
1839 591 1904 650 in
1939 594 2080 652 zelo
2117 609 2239 652 suo
2275 607 2467 651 omne
2499 591 2761 651 initium
2796 597 2863 651 et
2897 606 3116 650 omme
3150 593 3373 668 caput,
3402 586 3581 668 quod

482 697 548 755 in
596 696 1042 772 perversitate
1093 695 1488 755 tenebrosae
1542 693 1957 755 infidelitatis
2005 696 2482 770 grassabatur,
2535 693 2797 753 scilicet
2845 694 2928 753 ab
2979 694 3169 755 initio
3222 694 3580 772 superbiae

480 799 764 873 Diaboli,
792 816 923 875 qua
947 792 989 877 ¹)
1020 798 1148 859 sibi
1184 798 1411 859 sedem
1448 798 1514 858 in
1549 803 1844 858 tartareo
1881 814 2084 874 regno
2118 804 2499 875 paraverat,
2538 815 2751 875 usque
2788 797 2869 858 ad
2907 798 3168 859 initium
3203 804 3584 874 transgres-

481 903 691 962 sionis
727 903 928 977 Adae,
968 903 1080 962 ubi
1117 902 1258 978 ipse
1293 902 1673 979 captivatus
1706 908 1773 961 et
1810 904 2289 979 incarceratus„
2326 902 2545 963 eidem
2577 903 2855 964 Diabolo
2883 919 2956 963 se
2985 902 3384 981 subjecerat.
3411 902 3577 962 Nam

444 1044 448 1049 -
478 1020 680 1064 verus
713 1005 921 1080 DeuS,
952 1004 1178 1081 justus
1207 1005 1430 1081 Judex,
1468 1021 1619 1066 cum
1649 1006 2035 1082 superbiam
2067 1007 2325 1067 Diaboli
2364 1007 2430 1065 in
2464 1006 2835 1082 abjectione
2869 1006 3271 1083 perditionis
3303 1006 3582 1067 conclu-

479 1109 590 1183 sit,
627 1115 694 1169 et
727 1126 880 1171 cum
928 1110 1491 1185 trasgressionem
1525 1109 1704 1171 Adae
1739 1111 1803 1170 in
1837 1111 2167 1171 acerrima
2204 1111 2454 1170 ultione
2489 1111 3084 1186 transverberavit,
3123 1127 3316 1171 omne
3361 1125 3572 1186 genus

478 1212 798 1273 vitiorum
834 1214 900 1273 in
932 1213 1038 1272 his
1073 1215 1486 1288 comminuit,
1524 1215 1841 1290 quoniam
1877 1216 2032 1275 istis
2066 1216 2290 1275 omnia
2323 1216 2489 1276 vitia
2523 1215 2906 1277 adhaerent.
2958 1217 3363 1277 Comminuit
3411 1228 3575 1293 quo-

481 1332 614 1395 que
661 1332 853 1377 omne
902 1318 1141 1377 vitium
1191 1335 1666 1393 perversarum
1715 1320 2237 1395 cogitationum,
2288 1336 2440 1379 curn
2488 1321 2692 1379 etiam
2743 1321 3185 1397 cogitationes
3233 1319 3578 1380 hominum

479 1420 837 1493 examinat,
875 1421 1033 1496 quia
1067 1420 1224 1480 dum
1252 1438 1367 1480 eas
1395 1422 1460 1480 in
1493 1423 1709 1495 capite
1746 1423 2134 1496 obtruncat,
2172 1423 2298 1482 fine
2326 1429 2520 1483 tenus
2554 1424 2757 1483 etiam
2786 1423 2969 1500 ipsas
2995 1422 3417 1498 exterminat,
3453 1436 3578 1489 nec

482 1525 656 1584 ullas
687 1521 737 1603 ²)
776 1525 1190 1584 indiscussas
1223 1526 1635 1601 pertransire
1670 1528 2021 1602 permittit.
2058 1527 2223 1586 Nam
2256 1527 2600 1603 Dominus»,
2629 1528 2825 1603 quasi
2860 1527 2927 1586 in
2959 1526 3315 1588 medietate
3340 1526 3580 1586 mortis

479 1644 803 1703 percussa
831 1630 1204 1706 iniquitate,
1233 1647 1353 1706 per
1385 1631 1624 1690 Filium
1662 1648 1857 1691 suum
1893 1632 1959 1690 in
1992 1632 2496 1706 regeneratione
2534 1632 2824 1707 Spiritus
2858 1638 2926 1692 et
2950 1647 3165 1708 aquae
3199 1631 3429 1691 fideles
3465 1630 3580 1691 ho-

481 1734 697 1793 mines
732 1734 814 1793 ad
848 1735 1056 1795 vitam
1094 1734 1376 1808 reduxit,
1414 1751 1566 1794 cum
1599 1753 1636 1793 a
1673 1735 2017 1810 prophetis
2052 1736 2567 1811 et‘sapientibus
2604 1752 2816 1813 usque
2852 1736 2935 1796 ad
2987 1734 3297 1796 subditos
3344 1750 3580 1794 eorum

480 1839 595 1913 qui
644 1839 941 1914 peccatis
993 1840 1390 1899 incarcerati
1438 1842 1650 1914 erant,
1685 1833 1735 1918 ³)
1771 1856 1965 1900 omne
2000 1840 2253 1901 malum
2288 1840 2600 1899 occidens
2633 1848 2932 1901 veterem
2964 1841 3207 1915 Legem
3243 1839 3311 1898 in
3344 1838 3579 1898 melio-

480 1960 620 2003 rem
647 1951 903 2020 partem
934 1946 1284 2005 convertit.
1312 1945 1462 2020 Ipse
1491 1960 1724 2021 nempe
1753 1945 1941 2005 initia
1968 1946 2288 2006 vitiorum
2316 1946 2685 2022 prostravit
2712 1962 2865 2006 cum
2889 1946 3225 2006 luxuriam
3251 1958 3329 2004 ac
3355 1942 3578 2003 inobe-

479 2050 799 2110 dientiam
837 2052 902 2110 in
929 2067 1100 2110 nova
1127 2051 1296 2125 Lege
1324 2051 1623 2124 extinxit,
1655 2056 1987 2126 quatenus
2012 2050 2343 2126 plurimae
2370 2051 2658 2110 virtutes
2687 2051 2777 2110 ibi
2805 2054 3209 2123 crescerent,
3236 2046 3353 2107 ubi
3383 2061 3501 2106 eae
3523 2039 3585 2127 ⁴)-

474 2156 809 2230 pessimae
860 2156 1120 2215 radices
1170 2156 1541 2231 extirpatae
1593 2155 1898 2215 fuissent.
1951 2156 2025 2214 In
2073 2171 2188 2215 ore
2236 2157 2412 2215 enim
2464 2156 2720 2231 antiqui
2756 2155 3090 2231 serpentis
3124 2153 3391 2214 luxuria
3422 2166 3577 2211 con-

476 2258 746 2332 globata
782 2257 1020 2332 fuerat,
1060 2259 1174 2317 ubi
1210 2258 1323 2317 ille
1357 2274 1476 2333 per
1508 2259 1732 2317 cibum
1766 2258 2104 2318 hominem
2138 2258 2512 2334 deceperat.
2550 2258 2675 2318 Sed
2724 2259 2805 2317 de
2854 2259 3066 2333 stirpe
3110 2256 3300 2317 Jesse
3346 2254 3571 2332 puella

478 2363 796 2433 surrexit,
833 2378 1005 2438 quae
1040 2364 1370 2422 luxuriam
1424 2365 1490 2422 in
1524 2368 1755 2422 ventre
1791 2363 2091 2439 ejusdem
2128 2365 2460 2439 serpentis
2494 2364 2750 2438 divisit,
2787 2379 2939 2423 cum
2976 2363 3120 2423 sine
3154 2362 3356 2437 gustu
3390 2360 3578 2420 luxu-

478 2465 621 2522 riae
655 2465 722 2522 in
754 2465 1039 2539 puellari
1074 2466 1451 2526 innocentia
1486 2465 1766 2542 peperit,
1804 2484 1976 2543 quae
2012 2484 2281 2543 semper
2313 2467 2578 2542 gaudet,
2616 2483 2740 2527 nec
2789 2467 3141 2526 tristitiam
3182 2463 3428 2524 habere
3463 2478 3575 2539 po-

476 2572 631 2626 test.
670 2567 879 2626 Filius
913 2575 1137 2627 autern
1169 2568 1287 2627 Dei
1322 2569 1797 2629 abstinentiam
1832 2571 2085 2646 docuit,
2121 2587 2275 2630 cum
2311 2571 2378 2630 in
2412 2571 2821 2630 abstinentia
2847 2570 3152 2630 ciborum
3177 2565 3580 2644 quadragin-

479 2678 546 2731 ta
579 2672 816 2733 diebus
850 2678 918 2732 et
950 2674 1257 2733 noctibus
1301 2674 1649 2749 jejunavit.
1702 2674 1826 2734 Sed
1875 2681 1942 2735 et
1989 2676 2280 2752 plurima
2324 2676 2500 2735 mala
2535 2675 2601 2735 in
2636 2675 2835 2734 idolis
2869 2673 3238 2750 superavit,
3275 2685 3428 2735 cum
3461 2668 3579 2737 illa

477 2778 816 2852 contrivit3
855 2794 934 2837 ac
967 2778 1232 2839 occulta
1266 2778 1590 2837 miracula
1624 2794 1744 2853 per
1779 2780 2219 2856 semetipsum
2253 2780 2571 2853 ostendit,
2602 2795 2754 2839 cum
2781 2793 3079 2839 morsum
3106 2775 3439 2853 serpentis
3459 2787 3584 2848 per

481 2881 873 2956 sanguinem
907 2896 1104 2940 suum
1137 2886 1204 2940 et
1235 2897 1356 2958 per
1391 2883 1788 2956 sanguinem
1821 2889 2192 2958 martyrum
2231 2899 2509 2944 suorum
2543 2882 2904 2960 oppressit.

1861 3127 2196 3191 XXXVIII.

1098 3323 1282 3395 Quod
1326 3325 1593 3399 sanquis
1647 3324 1889 3384 Christi
1936 3326 2388 3401 virqinitatem
2437 3323 2557 3384 sibi
2590 3321 2956 3398 conjunxit.

566 3530 672 3588 52.
723 3527 1046 3588 Innocens
1094 3529 1343 3605 quippe
1392 3531 1667 3605 sanguis
1715 3529 1967 3590 Christi
2001 3538 2069 3592 et
2104 3538 2474 3607 martyrum
2509 3547 2785 3592 suorum
2817 3529 3402 3607 desponsationem
3433 3525 3573 3587 vir-

478 3633 782 3706 ginitatis
817 3633 948 3691 sibi
981 3633 1342 3708 conjunxit,
1379 3641 1447 3695 et
1479 3636 1652 3695 unde
1685 3636 2005 3697 Diabolus
2032 3638 2322 3715 erubuit,
2353 3639 2528 3715 quod
2556 3642 2737 3699 totus
2772 3637 3090 3698 confusus
3122 3640 3290 3711 erat,
3323 3638 3391 3694 et
3423 3649 3579 3695 con-

474 3740 579 3796 tra
628 3734 849 3793 omnia
882 3733 1046 3794 haec
1081 3719 1439 3811 speluncas
1487 3739 1845 3814 quaesivit,
1898 3741 1971 3800 ut
2017 3756 2096 3800 ea
2131 3741 2490 3817 deciperet,
2527 3758 2679 3802 cum
2712 3741 2881 3801 vitia
2913 3739 3237 3801 adversus
3278 3738 3570 3798 virtutes

461 3838 785 3913 -armavit3
822 3838 934 3900 ubi
967 3840 1171 3900 etiarn
1204 3847 1561 3916 praecepta
1594 3841 1711 3901 Dei
1740 3858 1889 3902 cum
1917 3859 2239 3918 perversa
2264 3844 2567 3907 doctrina
2593 3852 2897 3906 evertere
2929 3843 3236 3917 tentavit,
3268 3841 3336 3904 in
3360 3853 3574 3901 seme-

476 3945 649 4020 tipso
684 3943 934 4007 dicens:
968 3964 1001 4004 α
1039 3946 1314 4017 Quando
1347 3946 1620 4023 quidem
1651 3948 2175 4023 possibilitatem
2208 3951 2421 4012 habeo
2452 3950 2671 4012 facere
2697 3948 2875 4027 quod
2908 3949 3084 4024 volo,
3115 3946 3298 4008 omni
3323 3949 3570 4014 Qonatu

476 4046 609 4106 Deo
644 4048 1006 4125 rebellabO,
1043 4049 1201 4125 quia
1237 4065 1340 4109 me
1374 4050 1754 4127 opprimere
1786 4052 1950 4112 vult.
1991 4071 2024 4111 ι)

1843 4295 2207 4357 XXXVIIII.

1162 4499 1488 4571 Quomodo
1537 4501 1713 4562 Deus
1762 4506 2116 4580 antiquum
2165 4511 2540 4582 serpentem
2588 4510 2879 4582 superat.

568 4704 674 4765 53.
710 4704 834 4765 Sed
867 4723 989 4782 ego
1025 4710 1140 4784 qui
1174 4708 1258 4768 ab
1295 4711 1483 4770 initio
1519 4718 1981 4773 creaturarum
2017 4714 2210 4775 fortis
2244 4716 2607 4798 praeliator
2656 4730 2827 4787 sum,
2865 4712 3173 4773 eumdem
3220 4710 3566 4788 antiquum

477 4810 876 4884 serpentem,
914 4826 1065 4869 cum
1099 4813 1431 4872 culturam
1466 4830 1742 4890 operum
1778 4833 2056 4877 suorum
2104 4817 2483 4893 perfecerit,
2530 4821 2745 4877 totum
2793 4822 3246 4893 prosternam,
3298 4818 3366 4873 et
3413 4827 3567 4872 cum

478 4912 928 4973 inobedientia
961 4930 1163 4990 quam
1195 4914 1276 4976 de
1327 4933 1400 4976 se
1447 4919 1698 4994 genuit,
1753 4925 1968 4980 totum
2016 4928 2377 4982 conteram.
2412 4922 2733 4982 Diabolus
2768 4933 3054 4996 namque
3103 4923 3295 4995 pater
3344 4914 3569 4977 inobe-

551 5127 592 5194 ¹)
618 5146 759 5201 quae
783 5129 852 5191 Α,
884 5129 973 5186 W.
1009 5163 1072 5170 —
1099 5134 1144 5201 2)
1173 5151 1264 5189 nec
1289 5134 1458 5189 ullam
1483 5133 1547 5189 Α.
1583 5166 1647 5174 -
1674 5135 1717 5204 3)
1746 5142 1900 5192 erant
1926 5153 2035 5193 om.
2070 5138 2137 5202 Α.
2167 5145 2265 5195 aut
2290 5157 2439 5196 omne
2464 5138 2533 5202 A,
2562 5139 2653 5194 W.
2690 5171 2751 5178 --
2780 5138 2823 5206 ⁴)
2852 5139 2948 5195 ubi
2972 5137 3075 5195 hae
3097 5136 3189 5191 W.
