4036 6117
1387 558 1800 606 Exposrrm
1849 558 2501 605 EVANGELloRUM.
3283 543 3411 604 297

390 699 458 739 se
492 673 709 753 habeo,
762 677 1076 739 videlicet
1112 658 1451 738 abstinere
1483 694 1616 737 non
1649 693 1947 753 possum,
1984 679 2172 736 eaeire
2210 676 2569 753 operando,
2620 681 2682 734 et
2715 674 2936 733 videre
2972 676 3183 749 illam,
3222 678 3295 735 ut
3328 692 3481 736 con-

391 785 678 845 siderem
728 785 887 861 quid
937 784 1157 844 facere
1204 784 1479 859 possim.
1533 785 1703 861 Royo
1753 792 1812 841 te
1852 783 1916 841 in
1966 783 2282 857 suspirio,
2319 781 2476 843 habe
2524 800 2627 840 me
2661 789 3050 839 ecceusatum
3104 782 3164 839 in
3199 783 3473 857 gemitu,

391 904 542 948 cum
579 896 801 948 tamen
833 889 1202 965 suspirant,
1240 887 1416 964 quod
1450 887 1641 963 pejus
1678 886 1929 946 faciunt
1961 886 2277 962 quoniam
2310 888 2574 946 caetera
2610 890 2921 943 creatura
2946 886 3007 943 ei
3034 886 3360 946 ostendat.

480 992 561 1051 Et
612 992 806 1066 alter,
858 991 971 1068 qui
1020 991 1257 1050 deinde
1306 992 1721 1049 saecularem
1770 988 2196 1065 disciplinam
2246 990 2656 1061 statuerunt,
2709 989 2881 1046 dioeit
2920 987 2983 1046 in
3019 988 3296 1047 scientia
3333 1005 3475 1047 sua:

389 1095 559 1172 Juqa
590 1094 799 1170 boum,
839 1095 1099 1155 scilicet
1134 1093 1302 1155 ritus
1337 1094 1825 1153 sacrificiorum
1860 1096 1990 1152 emi
2025 1091 2453 1168 possidend0‚
2489 1094 2801 1169 quinque,
2842 1092 2907 1151 in
2940 1093 3231 1168 quinque
3267 1094 3479 1152 sensi-

393 1198 541 1272 bus,
581 1198 646 1257 in
672 1199 916 1274 quibus
945 1198 1109 1259 haec
1136 1198 1424 1275 superbe
1453 1198 1906 1273 incoeperunt,
1937 1202 1998 1255 et
2035 1213 2108 1254 eo
2134 1194 2411 1273 probare
2446 1196 2587 1271 illa,
2619 1196 2814 1271 quasi
2849 1195 3012 1255 haec
3047 1198 3268 1256 omnia
3292 1197 3373 1256 de
3408 1214 3481 1257 se

393 1302 558 1378 ipsis
592 1304 982 1378 statuerent,
1020 1305 1086 1361 et
1119 1318 1250 1362 non
1283 1301 1363 1361 de
1389 1301 1543 1361 Deo.
1584 1302 1755 1378 Roqo
1787 1306 1848 1359 te
1885 1299 2303 1376 suppliciter,
2338 1298 2494 1359 habe
2527 1318 2630 1359 me
2657 1295 2701 1378 ¹)
2739 1307 3151 1375 eaecusatum,
3191 1301 3254 1360 in
3290 1302 3482 1363 timo-

394 1421 466 1466 re
500 1412 722 1466 tamen
758 1407 1176 1466 renitentem.

483 1510 566 1570 Et
600 1512 796 1586 alius,
834 1512 948 1588 qui
984 1511 1192 1570 libere
1226 1510 1458 1570 volunt
1484 1510 1735 1584 vivere,
1773 1508 1966 1567 dixit:
2003 1506 2307 1583 Uxorem,
2346 1507 2409 1567 id
2443 1512 2548 1567 est
2581 1507 2921 1584 superflua
2954 1508 3254 1585 libertaS,
3290 1511 3481 1585 duxi,

393 1613 706 1673 videlicet
754 1613 997 1674 attraxi
1046 1612 1407 1672 secundum
1461 1611 1757 1671 carnalia
1791 1610 2124 1670 desideria
2172 1610 2346 1670 filios
2381 1611 2675 1686 gignere,
2729 1617 2790 1668 et
2826 1611 2972 1669 ideo
3007 1611 3257 1671 sufficit
3290 1613 3482 1672 nobis

396 1717 462 1777 in
521 1717 676 1793 hoc,
724 1715 775 1796 ²)
825 1734 959 1777 non
1007 1735 1277 1794 possum
1324 1719 1575 1791 venire,
1636 1714 1701 1775 id
1749 1720 1855 1774 est
1902 1720 2040 1774 tam
2087 1729 2299 1790 parva
2356 1714 2574 1773 facere
2622 1719 2690 1773 et
2737 1714 2979 1788 colere,
3032 1721 3104 1774 ut
3152 1715 3481 1775 elementa

391 1826 460 1880 et
493 1823 796 1880 caeterae
844 1826 1192 1880 creaturae
1231 1819 1482 1880 faciunt
1514 1824 1580 1879 et
1613 1818 1860 1891 colunt,
1915 1817 2031 1876 sed
2074 1820 2383 1878 creatura
2417 1819 2669 1878 serviat
2704 1818 2919 1893 vobiS,
2954 1811 3003 1898 ³)
3041 1823 3114 1877 ut
3149 1819 3309 1879 vult.
3348 1819 3481 1878 Nec

395 1930 635 2001 rogant
668 1940 740 1985 se
774 1925 1106 2000 excusari,
1143 1923 1455 2000 quoniam
1491 1922 1803 1982 videntur
1835 1927 2218 1981 creaturam
2252 1937 2517 1997 augere.

479 2032 562 2093 Et
596 2052 899 2093 reversus
949 2033 1285 2093 contrarie
1322 2051 1577 2106 servus,
1631 2030 1893 2090 scilicet
1940 2036 2274 2106 creatura,
2328 2030 2393 2089 in
2428 2030 2560 2089 alio
2610 2029 2805 2090 modo
2844 2028 3094 2090 faciens
3144 2031 3481 2092 contraria

397 2151 549 2195 cum
600 2135 909 2196 omnibus
944 2135 1326 2197 hominibus
1375 2150 1573 2211 quam
1607 2134 1818 2194 Adam
1871 2133 2153 2208 faceret,
2192 2134 2349 2209 quia
2382 2133 2591 2193 Adam
2629 2133 2693 2191 in
2728 2133 3017 2193 stultitia
3050 2134 3378 2209 peccavit,
3417 2136 3487 2194 fi-

393 2240 465 2298 lii
501 2246 723 2300 autem
770 2241 917 2317 ejus
952 2241 1019 2300 in
1050 2241 1326 2314 astutia;
1363 2240 1698 2298 nuntiavit
1733 2242 1890 2299 haec
1924 2236 2357 2313 ostendendo,
2405 2238 2562 2314 quia
2597 2237 2792 2297 homo
2829 2244 3079 2298 statum
3116 2255 3312 2299 suum
3345 2256 3486 2299 ser-

393 2361 555 2404 vare
610 2345 838 2420 nollet,
898 2346 1161 2405 domino
1209 2361 1324 2403 suo
1370 2342 1571 2403 Adae.
1627 2342 1806 2402 Unde
1856 2342 2184 2419 scriptum
2232 2347 2357 2402 est.
2424 2360 2454 2400 «
2503 2342 2824 2419 Plangent
2872 2359 3073 2420 super
3121 2359 3195 2403 se
3251 2360 3482 2404 omnes

395 2447 647 2508 tribus?
676 2445 724 2526 ⁴)
766 2468 797 2506 2)

490 2553 668 2614 Tune
701 2555 936 2627 iratus,
992 2552 1054 2612 id
1088 2555 1193 2613 est
1225 2553 1610 2627 exterrituS,
1654 2551 2150 2630 paterfamilias
2228 2550 2489 2609 scilicet
2521 2551 2753 2626 Adam,
2791 2567 2941 2610 cum
2976 2558 3288 2629 tremore,
3325 2555 3482 2632 quia

391 2656 556 2717 haec
605 2658 671 2717 in
705 2657 947 2733 spiritu
999 2657 1224 2717 futura
1256 2658 1617 2733 praevidit,
1668 2663 1735 2717 et
1767 2658 1969 2716 etiam
2021 2656 2188 2716 vidit
2221 2656 2397 2733 quod
2434 2657 2720 2717 mundus
2755 2658 2821 2716 in
2855 2658 3010 2718 filiis
3044 2660 3188 2718 suis
3225 2661 3317 2720 ita
3351 2678 3482 2721 non

389 2764 746 2840 proficeret
794 2768 861 2822 et
895 2766 1251 2839 cresceret,
1304 2764 1478 2823 sicut
1527 2779 1678 2824 cum
1730 2736 1898 2837 ipSO,
1951 2763 2122 2822 diaeit
2175 2779 2357 2821 servo
2400 2780 2535 2837 suo,
2572 2763 2887 2822 videlicet
2920 2770 3289 2826 creaturae:
3342 2767 3472 2827 Exi

387 2870 547 2942 cito,
603 2867 665 2926 id
702 2869 807 2927 est
841 2867 1116 2927 ssoresce
1151 2874 1219 2928 et
1251 2869 1578 2943 plantare,
1630 2870 1703 2927 in
1731 2868 2017 2945 plateas,
2074 2866 2138 2925 id
2172 2868 2278 2925 cst
2330 2866 2396 2924 in
2428 2866 2755 2925 circulum
2789 2868 3031 2943 terrae,
3069 2875 3132 2927 et
3180 2872 3373 2945 vicos,
3414 2871 3479 2930 id

388 2978 493 3031 est
542 2971 825 3031 silvulas
860 2974 1164 3047 civitatis,
1219 2988 1611 3047 magnarum
1646 2972 1994 3044 silvarum,
2051 2977 2112 3030 et
2156 2989 2516 3047 pauper-ea,
2567 2971 2828 3031 scilicet
2876 2971 3143 3033 deserta
3188 2976 3355 3050 loca,
3406 2995 3482 3037 ac

329 3058 344 3072 ⁶
390 3079 655 3153 debiles),
708 3078 1022 3138 videlicet
1057 3078 1267 3152 arida,
1319 3095 1538 3138 caecos
1588 3076 2077 3151 inhabitabilia,
2130 3083 2193 3136 et
2244 3077 2533 3152 claudos,
2588 3077 2847 3152 relicta,
2898 3079 3207 3139 introduc
3255 3083 3483 3141 hucin
3569 3146 3575 3152 ,

388 3183 617 3243 orbem
669 3182 750 3242 ad
785 3187 1130 3258 aspectum
1166 3181 1530 3256 hominum,
1567 3188 1634 3241 et
1685 3181 1765 3240 ad
1802 3181 2164 3240 utilitatem
2214 3196 2471 3255 eorum,
2509 3182 2584 3240 ut
2629 3196 2863 3240 omnes
2911 3183 3140 3259 populi
3184 3182 3475 3258 veniant,

390 3290 458 3344 et
489 3285 758 3344 videant
792 3285 952 3362 quid
987 3285 1086 3344 eis
1121 3285 1284 3344 utile
1319 3285 1386 3344 in
1419 3283 1525 3343 his
1552 3285 1661 3359 sit,
1697 3284 1792 3343 ita
1826 3290 2050 3343 tamen
2085 3288 2157 3342 ut
2190 3283 2273 3342 ad
2307 3282 2561 3360 aliquid
2595 3285 2884 3345 valeant.

478 3389 559 3449 Et
609 3390 702 3448 ait
753 3388 1118 3449 obediendo
1168 3407 1429 3463 servus,
1484 3388 1548 3447 id
1581 3393 1686 3447 est
1719 3393 2049 3449 creatura:
2104 3389 2403 3462 Domine,
2442 3388 2599 3464 quia
2649 3388 2773 3447 tibi
2807 3388 3063 3448 servire
3112 3388 3344 3466 debe0,
3378 3393 3483 3469 fa-

393 3500 572 3552 ctum
603 3498 723 3566 est,
764 3492 827 3551 id
862 3498 964 3552 est
994 3493 1320 3568 disposui,
1356 3498 1428 3551 ut
1464 3493 1830 3569 imperasti,
1861 3491 2122 3551 scilicet
2154 3497 2221 3551 et
2254 3490 2661 3551 desiderium
2698 3496 2886 3551 tuum
2921 3490 3293 3568 aedificant,
3330 3488 3377 3572 ⁵)
3413 3500 3474 3552 et

388 3597 601 3658 adhuc
650 3598 826 3657 loeus
858 3602 977 3671 est,
1029 3598 1187 3674 quia
1227 3596 1443 3657 adhuc
1491 3604 1671 3657 terra
1706 3597 2026 3656 virtutem
2080 3595 2284 3656 habet
2317 3611 2514 3672 quam
2567 3595 2884 3673 proferet,
2938 3613 3090 3657 cum
3140 3597 3480 3659 indurabi-

387 3704 498 3758 tur
545 3704 613 3758 et
648 3704 960 3776 tangetur
1007 3715 1229 3775 opere,
1265 3700 1493 3760 vinum
1543 3699 1912 3776 proferens,
1949 3700 2267 3775 quoniam
2317 3704 2497 3758 terra
2532 3705 2684 3759 ante
2739 3699 3063 3760 diluvium
3104 3700 3364 3777 fragilis
3413 3705 3479 3762 et

388 3811 616 3865 tenera
650 3810 816 3874 erat,
854 3811 1006 3879 post
1039 3805 1365 3865 diluvium
1400 3810 1623 3865 autem
1660 3805 1968 3864 indurata
2001 3810 2068 3863 et
2102 3802 2478 3864 confortata
2511 3810 2635 3864 est.

475 3910 557 3969 Et
591 3911 681 3968 ait
718 3908 1046 3983 dominus,
1084 3908 1343 3968 scilicet
1375 3908 1586 3967 Adam
1620 3926 1822 3981 servo,
1853 3907 1920 3966 id
1952 3913 2058 3967 est
2092 3913 2463 3968 creaturae:
2494 3909 2624 3968 Exi
2658 3923 2810 3968 cum
2844 3909 3171 3968 servitute
3210 3912 3281 3969 in
3315 3912 3474 3984 vias,

393 4011 454 4070 id
503 4017 608 4071 est
643 4012 708 4071 in
753 4028 1013 4073 omnem
1065 4012 1419 4072 circuitum
1468 4014 1537 4073 et
1571 4012 1894 4072 ambitum
1944 4025 2223 4088 operum
2270 4011 2637 4085 hominum,
2687 4018 2749 4069 et
2778 4011 3062 4088 plateas,
3116 4013 3375 4072 scilicet
3412 4013 3478 4071 in

390 4114 805 4176 inflexionem
855 4115 1238 4190 herbarum,
1275 4121 1337 4173 et
1387 4115 1703 4192 compelle
1737 4118 2016 4189 intrare,
2070 4115 2333 4174 scilicet
2365 4112 2749 4189 constringe
2798 4119 3046 4173 terram
3081 4129 3152 4172 se
3188 4116 3471 4190 aperire,

389 4225 461 4278 ut
494 4220 823 4294 germinet
858 4220 923 4278 in
956 4219 1289 4293 omnibus,
1326 4218 1668 4278 viriditate
1701 4220 1767 4278 et
1803 4217 2046 4292 fructu,
2101 4234 2178 4277 ac
2212 4219 2415 4278 etiam
2464 4218 2529 4276 vi
2576 4216 2928 4277 fortissimi
2964 4218 3171 4294 succi,
3212 4219 3472 4279 scilicet

387 4321 547 4396 vini,
600 4322 759 4396 quia
812 4321 973 4381 vitis
1022 4323 1236 4396 magis
1292 4327 1398 4382 est
1445 4321 1652 4381 herba
1701 4336 1902 4396 quam
1959 4321 2193 4393 arbor,
2245 4327 2313 4380 et
2368 4326 2441 4380 ut
2490 4319 2696 4379 herba
2754 4320 2821 4378 in
2870 4325 3051 4379 terra
3107 4322 3471 4398 plantatur,

387 4434 455 4487 et
503 4427 819 4502 nutritur,
871 4434 942 4486 ut
993 4428 1386 4504 impleatur,
1443 4427 1504 4486 id
1555 4433 1659 4485 est
1693 4432 1764 4485 ut
1812 4427 2007 4501 plena
2058 4426 2146 4485 sit
2192 4427 2422 4484 domus
2470 4444 2640 4500 mea,
2693 4426 2951 4484 scilicet
2999 4432 3234 4486 venter
3268 4428 3476 4488 totius

388 4530 1025 4606 comprehensioniS,
1077 4548 1279 4608 quam
1314 4531 1379 4590 in
1426 4530 1669 4591 mundo
1705 4529 2215 4607 comprehende
2261 4525 2309 4607 ⁰)
2347 4530 2503 4590 Dico
2550 4535 2773 4588 autem
2807 4530 2871 4589 in
2906 4531 3275 4591 assertione
3306 4532 3477 4593 vobis

388 4636 697 4694 omnibus
747 4635 1099 4710 creaturis»,
1135 4637 1305 4713 quod
1336 4652 1527 4696 nemo
1558 4637 1848 4693 virorum
1899 4635 2194 4709 illorum,
2237 4633 2298 4692 id
2332 4639 2437 4692 est
2471 4634 2764 4693 virilium
2816 4634 3083 4704 virium,
3120 4639 3235 4713 qui
3268 4641 3476 4698 vocati

389 4743 567 4812 sunt,
620 4738 879 4797 scilicet
915 4738 1030 4814 qui
1079 4753 1228 4797 curn
1265 4738 1593 4798 creaturis
1644 4744 2153 4812 conversantur,
2189 4737 2471 4814 qustabit
2523 4737 2850 4813 tangendo
2888 4738 2953 4796 in
2986 4746 3188 4813 gustu
3223 4742 3468 4815 tactuS,

393 4857 659 4900 coenam
707 4858 943 4915 meam,
981 4840 1294 4900 videlicet
1345 4841 1660 4902 mundum
1694 4841 1820 4901 hoc
1869 4840 2064 4901 modo
2100 4847 2173 4900 ut
2207 4848 2541 4916 creatura,
2593 4841 2685 4900 ita
2736 4848 2808 4900 ut
2840 4841 3110 4904 obediat
3145 4842 3321 4902 sicut
3356 4845 3475 4902 mi-

465 5117 508 5183 ¹)
536 5137 616 5174 me
641 5132 751 5174 om.
784 5118 904 5175 cod.
927 5120 1057 5180 —²)
1085 5120 1233 5176 Fort.
1266 5121 1386 5178 cod.
1419 5126 1481 5178 in
1505 5123 1709 5178 hac.-—
1723 5121 1768 5189 ⁸)
1793 5139 1886 5178 no·
1974 5122 2237 5178 siderium
2274 5129 2426 5178 tuum
2460 5121 2758 5192 aedificent.
2804 5151 2869 5159 —
2908 5119 2952 5185 ⁶)
2991 5118 3472 5190 comprehendendo

392 5206 474 5257 bis
501 5203 620 5259 cod.
656 5235 723 5243 —
750 5204 792 5270 ⁴)
820 5203 989 5275 Apoc.
1023 5203 1238 5269 xvm,
1269 5210 1317 5261 9.
1359 5236 1420 5247 κ-
1452 5209 1494 5273 ⁵)
1523 5209 1671 5263 Fort.
1705 5215 1762 5262 ut
1803 5210 1885 5262 de·
1975 5208 2098 5263 cod.

3328 5304 3365 5344 ᾔ
