4036 6117
1318 471 1782 520 Ertsromnuu
1833 469 2015 518 NovA
2063 467 2323 517 sumas.
3174 443 3306 507 535

373 596 483 658 fol.
520 595 741 657 64-65.
779 588 1063 680 [Adamo
1097 592 1309 653 abbati
1343 594 1423 653 de
1460 584 1688 675 Ebra]
1721 590 2055 651 Divinitas
2081 595 2276 648 acute
2308 584 2599 662 inspexit
2631 591 2757 645 etc.
2789 583 3034 644 Patrol.
3071 581 3193 641 col.
3224 577 3379 641 195.

375 704 644 763 Nicolao
678 701 892 761 abbati
927 702 1006 759 de
1043 697 1586 761 Halesbrunnum
1622 695 2065 771 Hildeqardis
2102 692 2347 752 Patrol.
2387 690 2510 749 col.
2547 689 2695 748 291.

1726 902 1935 962 LXVI.

1174 1098 1694 1158 Eleemosinario
1727 1096 1806 1154 de
1859 1093 2033 1155 Ebra
2066 1092 2510 1170 Hildeqardis.

376 1285 768 1343 Poenitentem
795 1285 962 1357 jubet
987 1284 1265 1341 confidere
1291 1291 1347 1340 et
1375 1300 1614 1357 sperare.

389 1428 500 1489 t'ol.
538 1426 642 1486 66.
681 1418 929 1510 [M]ens
979 1430 1094 1484 tua
1127 1430 1297 1498 orat,
1349 1429 1417 1482 et
1448 1421 1784 1482 desideria
1832 1427 1948 1480 tua
1998 1421 2066 1479 in
2108 1417 2223 1478 siti
2250 1417 2553 1494 justitiae
2585 1416 2704 1476 Dei
2737 1416 3041 1490 flagrant,
3093 1420 3160 1475 et
3194 1415 3385 1476 dicis:

299 1534 422 1594 Ubi
460 1532 642 1591 surn‘?
677 1532 753 1589 Et
787 1548 919 1606 quo
957 1530 1098 1590 ibo‘?
1132 1528 1255 1587 Sed
1289 1534 1356 1587 et
1390 1526 1802 1587 lamentabili
1839 1540 2003 1585 voce
2040 1523 2437 1583 medicinam
2473 1523 2539 1580 in
2588 1522 2885 1598 peccatis
2922 1521 3055 1579 tuis
3088 1523 3386 1595 quaeris,

298 1648 364 1700 et
402 1642 664 1699 animus
702 1647 857 1698 tuus
891 1638 1251 1697 dubitando
1289 1652 1366 1695 ac
1400 1634 1744 1695 tremendo
1779 1649 1899 1710 per
1932 1632 2277 1693 sufflatum
2310 1631 2716 1690 distenditur
2748 1635 3022 1705 propter
3063 1628 3392 1704 judicium

298 1744 441 1817 Dei,
493 1751 559 1802 et
595 1760 719 1802 non
756 1745 925 1803 dicis
976 1742 1340 1819 gaudendo:
1380 1743 1556 1802 Deus
1605 1747 1883 1817 propter
1916 1755 2225 1815 magnam
2260 1737 2791 1797 misericordiam
2842 1752 3032 1795 suam
3068 1735 3394 1810 suscipiet

301 1865 426 1907 me.
464 1848 605 1907 Non
638 1855 861 1906 autem
897 1849 1018 1923 sic,
1056 1848 1170 1906 sed
1206 1848 1428 1921 crede,
1465 1845 1719 1905 confide
1751 1850 1821 1904 et
1854 1859 2076 1918 spera,
2114 1842 2272 1918 quia
2295 1840 2472 1900 Deus
2506 1846 2572 1899 te
2606 1845 2810 1914 amat,
2840 1856 2918 1900 ac
2951 1845 3015 1898 te
3044 1837 3391 1913 suscipiet.

301 1950 514 2011 Ablue
549 1954 768 2011 autem
806 1958 868 2009 te
908 1952 970 2010 in
1004 1950 1423 2011 confessione
1457 1954 1525 2010 et
1554 1947 1986 2026 poenitentia.
2023 1952 2090 2006 et
2126 1946 2192 2005 in
2226 1948 2571 2005 aeternum
2605 1945 2814 2003 vives,

397 2083 673 2142 Notario
711 2083 936 2143 Abbati
972 2086 1051 2143 de
1088 2084 1260 2145 Ebra
1291 2080 1328 2162 ¹)
1368 2083 1809 2161 Hildeqardis.
1845 2081 2093 2141 Patrol.
2127 2079 2252 2140 col.
2287 2078 2441 2139 359.

396 2186 511 2245 fol.
548 2186 655 2260 66,
695 2187 799 2247 67.
836 2190 1176 2248 Herlwino
1206 2186 1257 2266 ²)
1294 2191 1782 2265 archiepiscopo
1816 2187 1896 2247 de
1932 2187 2255 2247 Bremun.
2291 2183 2540 2247 Patrol.
2577 2184 2699 2243 col.
2754 2182 2904 2244 162.

398 2291 625 2351 Abbati
657 2287 707 2371 3)
744 2293 822 2352 de
859 2293 1224 2354 Eberbusde
1260 2283 1769 2375 [Hildeyardis]
1804 2290 2051 2350 Patrol.
2090 2288 2213 2348 col.
2245 2286 2396 2348 295.

1731 2500 1969 2561 LXVII.

1012 2700 1382 2759 Dietzelino
1416 2699 1730 2756 monacho
1763 2696 1842 2754 de
1888 2693 2230 2773 Siqeberch
2264 2693 2707 2770 HildeqardiS.

390 2894 730 2952 Monachum
758 2899 816 2951 et
841 2896 966 2967 ejus
992 2895 1208 2953 socium
1236 2912 1332 2968 spe
1359 2901 1416 2952 et
1444 2895 1652 2953 fiducia
1677 2895 1933 2965 adauget.

402 3041 582 3101 Haec
615 3057 843 3115 causa,
881 3057 1052 3117 quae
1090 3042 1154 3101 in
1188 3040 1315 3100 hoc
1348 3041 1538 3115 signo
1566 3046 1734 3113 erat,
1771 3039 1852 3099 de
1886 3054 2017 3117 quo
2046 3054 2153 3100 me
2186 3038 2652 3115 interrogasti,
2685 3037 2899 3114 magis
2931 3037 3055 3098 fuit
3083 3038 3149 3098 in
3183 3054 3411 3100 amore

315 3145 456 3218 Dei,
494 3163 691 3221 quam
733 3147 795 3205 in
832 3147 1123 3205 vindicta
1158 3147 1327 3222 ejus,
1366 3146 1524 3222 quia
1557 3145 1701 3222 ipse
1736 3144 1926 3213 vidit.
1963 3144 2142 3221 quod
2170 3160 2451 3219 magnus
2480 3145 2681 3204 timor
2716 3144 2778 3203 in
2814 3159 2932 3204 cor
2968 3151 3151 3205 tuum
3180 3162 3413 3206 ascen-

315 3251 474 3309 dere
509 3250 760 3310 debuit.
788 3250 865 3308 Et
895 3251 1005 3309 ille
1042 3250 1237 3309 homo
1272 3250 1352 3308 de
1386 3266 1518 3325 quo
1553 3248 1849 3325 quaeriS,
1887 3248 2089 3307 etiam
2128 3247 2283 3306 felix
2320 3247 2465 3321 fuit,
2503 3247 2817 3322 quoniam
2852 3246 3024 3307 Deus
3061 3247 3251 3323 signa
3287 3265 3410 3309 sua

320 3354 676 3429 aliquando
714 3354 1097 3413 hominibus
1132 3354 1443 3426 ostendit,
1483 3359 1554 3412 ut
1590 3353 1835 3413 honum
1872 3351 2164 3412 fructum
2196 3352 2371 3424 dent,
2411 3351 2586 3412 sicut
2619 3365 2731 3411 ros
2759 3352 2869 3427 qui
2908 3352 2975 3413 in
3000 3352 3242 3413 bonam
3278 3360 3411 3414 ter-

321 3476 462 3518 ram
515 3460 713 3519 cadit.
750 3460 932 3518 Mens
981 3462 1202 3519 autem
1240 3466 1353 3519 tua
1400 3463 1507 3518 est
1556 3459 1731 3518 sicut
1781 3462 2047 3517 torrens
2095 3471 2301 3532 purae
2335 3470 2570 3530 aquae,
2624 3456 2739 3517 sed
2777 3457 3268 3533 aliquantulum
3318 3459 3413 3518 in—

321 3564 589 3639 quietae
627 3564 767 3641 (fol.
805 3564 938 3639 68).
977 3567 1162 3626 Nunc
1186 3582 1346 3626 vero
1375 3564 1662 3625 ascende
1695 3565 1762 3624 in
1797 3562 2329 3636 mansuetudine,
2361 3562 2604 3623 similis
2639 3563 2789 3638 soli,
2826 3565 2941 3640 qui
2975 3580 3414 3643 unaquaeque

328 3672 632 3744 tempora
682 3686 803 3729 sua
836 3671 1097 3746 placide
1132 3672 1199 3731 et
1245 3671 1471 3746 quiete
1503 3669 1725 3731 habet.
1760 3668 1867 3729 Sic
1917 3674 2012 3742 tu,
2048 3685 2086 3729 o
2122 3668 2290 3729 bone
2338 3668 2555 3743 miles,
2603 3668 2728 3742 fac,
2779 3676 2849 3729 et
2881 3670 3102 3731 lumen
3152 3673 3416 3734 animae

324 3780 479 3831 tuae
516 3773 605 3832 ita
656 3774 1013 3849 constitue,
1051 3791 1131 3833 ne
1168 3776 1233 3834 in
1280 3775 1625 3834 nimietate
1658 3772 1862 3833 ullius
1911 3785 2155 3832 causae
2190 3786 2487 3847 arescaS,
2525 3772 2684 3846 quia
2729 3774 2790 3832 te
2825 3780 3029 3847 amat,
3065 3779 3129 3833 et
3166 3776 3418 3835 sacrifl-

329 3877 509 3934 cium
544 3882 730 3934 tuum
768 3878 929 3936 vult.

421 4022 645 4083 Abbati
682 4025 760 4082 de
795 4025 1220 4101 Elevranqun
1249 4021 1297 4104 ⁴)
1336 4023 1775 4101 Hildeyardis.
1811 4022 2057 4082 Patrol.
2094 4023 2217 4082 col.
2254 4023 2406 4082 334.

333 4211 703 4281 quantumvis
753 4212 1027 4267 hactenus
1080 4215 1332 4268 taceatur
1381 4209 1439 4265 in
1477 4225 1832 4281 quacumque

337 4296 536 4351 Italiae
576 4312 760 4351 sacrae
802 4297 1250 4358 nomenclatura,
1292 4295 1350 4350 in
1376 4296 1832 4367 quibuscumque

333 4382 687 4438 Tusculanae
736 4383 1005 4438 ecclesiae
1056 4381 1303 4452 publicis
1360 4380 1668 4453 diptychis,
1724 4382 1831 4439 Sed

337 4470 503 4526 eheu!
549 4468 642 4523 va
684 4468 939 4538 incoepta
979 4467 1241 4538 epistola,
1282 4482 1545 4536 suspensa
1589 4469 1646 4523 in
1673 4469 1858 4541 amsa

341 4570 465 4613 sum
514 4554 765 4624 periodo,
819 4552 992 4608 series
1043 4551 1331 4623 rumpitur
1383 4550 1440 4604 in
1484 4553 1724 4609 transitu
1764 4555 1832 4610 ad

338 4643 436 4699 Iol.
482 4647 569 4698 67.
605 4641 661 4695 in
702 4657 810 4711 quo
836 4642 1033 4700 altera,
1066 4644 1329 4692 truncato
1355 4637 1564 4708 capite.
1593 4639 1832 4708 epistola

340 4730 407 4783 ad
439 4728 715 4783 Adamum
756 4726 1016 4780 abbatem
1046 4724 1114 4779 de
1153 4724 1322 4787 Ebra.
1364 4724 1422 4779 in
1460 4725 1582 4781 edd.
1618 4725 1834 4790 xxxl.

339 4829 522 4884 neque
546 4813 602 4868 in
625 4812 737 4867 alio
761 4809 923 4873 solio,
947 4809 1041 4864 sed
1065 4824 1246 4879 neque
1276 4809 1334 4863 in
1355 4809 1468 4865 alio
1493 4811 1685 4868 codice
1712 4829 1837 4884 spes

341 4903 456 4957 ulla
487 4906 572 4955 est
600 4908 840 4964 stragem
873 4895 1187 4967 reparandi.

417 4991 458 5046 ¹)
483 4988 643 5042 Edita
668 5003 752 5057 ep.
776 4984 1030 5039 mittitur
1050 4982 1115 5035 ad
1135 4982 1431 5052 quemdam
1459 4981 1713 5049 ignotum
1736 4983 1835 5053 qui

343 5093 404 5132 se
431 5073 753 5129 humillime
784 5070 1067 5126 inscribit:
1100 5070 1355 5124 Peccator
1379 5072 1443 5125 de
1468 5068 1642 5130 libra.
1669 5083 1836 5137 quem

350 5158 666 5216 Marte-nius
706 5157 842 5213 fecit
880 5157 1214 5211 monachum.
1246 5153 1350 5210 Sed
1378 5154 1525 5224 quod
1556 5153 1647 5210 hic
1675 5154 1843 5211 habe-

1923 4222 2073 4271 mus,
2127 4207 2274 4264 nihil
2326 4208 2479 4265 aliud
2532 4215 2619 4265 est
2667 4225 2834 4282 quam
2875 4210 3031 4283 prior
3069 4227 3196 4284 pars
3240 4214 3407 4286 epist.

1878 4333 1883 4339 -
1922 4294 2187 4353 CXXXII
2211 4314 2277 4352 ex
2301 4296 2490 4353 editis.
2512 4328 2571 4337 —
2593 4298 2639 4361 ²)
2660 4298 2777 4353 Sub
2801 4297 2904 4353 hac
2923 4298 3228 4372 epigraphe
3252 4300 3418 4357 habe-

1925 4388 2018 4438 tur
2058 4389 2279 4438 tantum
2320 4381 2557 4438 dimidia
2606 4399 2732 4456 pars
2757 4382 2924 4454 epist.
2956 4382 3008 4438 X
3038 4384 3188 4441 inter
3214 4385 3416 4450 editas.

1925 4469 2025 4524 ubi
2064 4470 2523 4542 archiepiscopus
2552 4471 2871 4528 Bremensis
2896 4471 3112 4529 dicitur
3139 4473 3423 4531 Hartewi-

1927 4571 2052 4625 gus.
2079 4556 2178 4627 qui
2207 4556 2373 4612 sedit.
2400 4573 2449 4612 a.
2484 4560 2637 4615 1148,
2676 4561 2830 4614 1161.
2863 4589 2930 4599 -
2952 4558 3001 4625 ³)
3030 4559 3242 4616 Iterum
3272 4562 3422 4618 inest

1926 4640 2163 4696 dimidia
2202 4658 2329 4713 pars
2367 4643 2640 4713 epistolae
2676 4643 2918 4700 LXXIII
2957 4645 3025 4700 ad
3070 4646 3330 4703 abbatem
3360 4651 3427 4705 de

1928 4727 2261 4784 Eberburde.
2292 4758 2358 4767 —
2392 4727 2436 4790 ⁴)
2474 4727 2575 4784 Ed.
2618 4727 2784 4799 epist.
2825 4727 3007 4785 CXIV
3043 4730 3315 4801 dirigitur
3351 4734 3423 4789 ad

1929 4812 2271 4868 abbatissam
2313 4812 2700 4868 coloniensem
2744 4817 2806 4869 in
2838 4815 2951 4870 loco
2974 4823 3285 4872 sanctarum
3310 4822 3425 4874 vir-

1929 4902 2141 4971 qinum,
2172 4914 2271 4953 nec
2301 4898 2531 4960 mirum.
2558 4913 2735 4969 quum
2763 4898 2840 4954 sit
2859 4899 2928 4954 de
2956 4899 3422 4970 frequentissimo

1930 4990 2287 5052 argumento.
2328 5001 2469 5054 opus
2503 4985 2782 5055 pastorale
2821 5000 2935 5039 non
2973 5000 3092 5041 esse
3129 4986 3426 5044 dimitten-

1930 5069 2086 5124 dum.
2117 5068 2390 5125 Modestia
2420 5070 2736 5139 praesulum
2776 5070 3079 5141 utriusque
3108 5087 3277 5127 sexus
3309 5088 3427 5131 sae-

1933 5170 2001 5227 pe
2029 5154 2216 5225 coegit
2243 5152 2644 5224 Hildegardem
2670 5153 2739 5208 ad
2767 5154 2917 5211 idem
2946 5154 3329 5218 scribendum.
