4036 6117
675 498 756 572 70
1820 514 1871 560 s.
1921 511 2481 560 umescanms

595 635 882 696 dantem:
911 616 954 693 '‹
993 634 1088 695 Tu
1139 633 1386 709 sagitta
1429 632 1690 692 Diaboli
1738 648 1834 708 es,
1871 649 2043 710 quae
2091 649 2211 709 per
2255 636 2620 695 nocturnas
2671 633 2953 695 insidias
2987 634 3248 708 volans,
3301 633 3535 694 beatos
3567 630 3698 710 per

597 738 636 795 »'
670 737 1066 813 martyrium
1098 736 1434 809 vulneras,
1473 735 1737 812 quando
1771 734 1900 797 hoc
1932 736 2166 796 volunt
2198 736 2375 813 quod
2410 743 2482 797 tu
2516 753 2649 798 non
2681 737 2805 798 vis.
2840 736 2921 796 Et
2953 737 3216 814 quando
3251 735 3380 797 hoc
3412 752 3694 812 operan-

598 858 632 898 ι
669 842 780 902 tur
826 841 1002 918 quod
1052 844 1122 902 tu
1173 840 1510 917 repudiaS,
1560 841 1677 901 ubi
1723 856 1840 902 eos
1890 842 2049 901 tunc
2096 841 2376 918 perdere
2424 843 2551 916 vis,
2605 841 2722 904 sed
2768 859 2901 902 non
2946 848 3161 918 potes.
3196 840 3358 901 Nam
3409 840 3587 900 beati
3622 838 3691 898 in

596 961 630 1001 2
665 945 910 1006 vexillo
946 945 1098 1004 flioi
1132 960 1283 1004 cum
1318 943 1621 1020 angelica
1656 944 2081 1004 multitudine
2131 948 2437 1021 surgunt,
2474 946 2542 1006 et
2574 947 2806 1007 contra
2841 953 2903 1005 te
2955 945 3350 1005 festinanter
3382 943 3687 1014 currunt,

598 1063 631 1104 ι
669 1062 749 1107 ac
781 1047 965 1107 velut
1003 1047 1068 1106 in
1102 1062 1340 1122 magna
1375 1047 1509 1120 siti,
1548 1049 1612 1106 te
1645 1047 2027 1107 desiderant
2059 1049 2461 1125 opprimere,
2500 1049 2676 1109 sicut
2708 1064 2950 1109 cervus
2985 1064 3196 1124 aquas
3225 1046 3427 1108 fontis
3460 1044 3697 1106 bibere

603 1165 639 1209 >
676 1150 1036 1210 desiderat.
1072 1150 1207 1226 Ipsi
1241 1150 1418 1210 enim
1454 1150 1520 1210 in
1552 1151 1882 1226 baptismo
1918 1166 1996 1210 ac
2032 1150 2095 1210 in
2131 1154 2385 1228 septem
2418 1152 2612 1212 donis
2646 1151 2936 1228 Spiritus
2983 1149 3229 1225 Sancti,
3265 1164 3436 1226 quae
3472 1149 3540 1208 in
3570 1146 3697 1206 hu-

602 1270 635 1311 »
675 1255 992 1314 manitate
1019 1252 1387 1313 Salvatoris
1422 1256 1897 1329 apparuerunt,
1927 1255 2122 1330 quasi
2152 1256 2217 1314 in
2242 1255 2495 1315 diluvio
2530 1270 2881 1331 aquarum,
2911 1257 2976 1315 te
3008 1253 3482 1314 absorbebunt.
3509 1250 3694 1310 Haec

598 1373 631 1414 ι
669 1358 847 1416 enim
879 1364 984 1418 est
1019 1358 1293 1418 abolitio
1328 1363 1464 1431 tua,
1503 1358 1661 1434 quia
1687 1357 2013 1418 adversus
2047 1357 2256 1418 Deum
2281 1375 2373 1419 es.
2404 1359 2538 1433 Ego
2572 1361 2796 1419 autem
2828 1356 3205 1418 aedificium
3237 1355 3536 1417 omnium
3569 1353 3696 1413 bo-

599 1477 633 1517 »
670 1475 932 1535 norum,
969 1463 1035 1520 et
1068 1461 1274 1521 turris
1305 1460 1672 1521 Jerusalem
1708 1461 1773 1520 in
1806 1462 2125 1537 operibus
2160 1469 2544 1522 sanctorum
2581 1477 2751 1522 sum.
2792 1460 2873 1521 Et
2902 1476 3022 1537 per
3053 1459 3334 1519 arietem
3377 1458 3444 1517 in
3477 1455 3694 1531 spinis

597 1580 631 1620 »
671 1564 1087 1640 pendentem,
1119 1559 1165 1643 ¹)
1201 1564 1316 1640 qui
1351 1563 1690 1623 Christum
1723 1563 2137 1639 ostendebat,
2167 1565 2581 1640 poenitentes
2614 1563 2934 1640 suscipio,
2971 1578 3050 1622 ac
3094 1560 3435 1638 simplices
3468 1572 3587 1634 per
3619 1555 3698 1616 fi-

598 1683 632 1723 »
670 1666 818 1726 dem
869 1667 1208 1743 baptismi,
1243 1673 1310 1727 et
1358 1667 1742 1728 innocentes
1775 1683 1895 1745 per
1940 1668 2324 1728 unctionem
2355 1667 2643 1744 Spiritus
2683 1665 2907 1727 Sancti
2954 1664 3234 1726 firmiter
3280 1665 3494 1734 teneo,
3530 1658 3697 1736 quia

599 1785 632 1826 ι
671 1784 790 1846 per
820 1769 1170 1835 candidam
1203 1771 1681 1846 virginitatem,
1718 1787 1889 1849 quae
1940 1771 2005 1830 in
2042 1786 2242 1831 carne
2277 1771 2529 1832 Christi
2564 1771 2740 1831 sicut
2782 1770 2998 1830 lilium
3030 1767 3278 1842 floruit,
3316 1766 3382 1826 in
3428 1764 3539 1823 via
3587 1777 3699 1822 sa-

600 1890 631 1928 »
672 1872 831 1933 lutis
865 1878 1174 1950 reparata
1209 1891 1381 1950 sum,
1417 1873 1591 1934 unde
1623 1877 1690 1934 et
1720 1874 1966 1935 cohors
1999 1874 2117 1934 Dei
2152 1891 2321 1935 sum.
2362 1893 2393 1932 ι

2048 2082 2236 2143 XVII.

1859 2294 2143 2370 Ruqitus
2193 2292 2421 2351 leonis.

686 2495 793 2560 26.
842 2498 923 2560 Et
953 2515 1107 2560 ecce
1141 2514 1368 2560 coram
1399 2499 1741 2579 praedicto
1775 2499 1923 2560 viro
1960 2500 2064 2560 leo
2099 2499 2343 2573 stabat,
2381 2498 2497 2576 qui
2530 2513 2602 2558 se
2635 2498 2870 2559 contra
2900 2495 3067 2557 vitia
3102 2494 3232 2556 ista
3262 2492 3587 2562 verterat,
3622 2492 3697 2552 et

599 2601 719 2679 qui
745 2618 1056 2680 magnum
1083 2605 1377 2680 rugitum
1401 2620 1554 2666 cum
1578 2607 1776 2668 vento
1801 2605 2139 2680 emittens,
2168 2604 2520 2665 clamabat:
2563 2621 2595 2663 t
2632 2603 2684 2664 Ο
2709 2602 3041 2663 diabolica
3072 2600 3258 2676 vitia,
3288 2599 3357 2660 in
3380 2599 3708 2659 aestuan-

601 2722 637 2763 ‹
674 2707 739 2766 te
773 2706 1073 2767 incendio
1104 2725 1227 2770 vos
1259 2710 1667 2786 exspoliabo,
1707 2725 1786 2769 ac
1821 2710 1888 2769 in
1921 2709 2157 2770 eodem
2193 2709 2432 2786 spolio,
2470 2724 2592 2768 vos
2628 2706 2710 2767 ad
2747 2707 2940 2767 finem
2974 2704 3361 2782 perducam,
3400 2701 3559 2780 quia
3587 2700 3700 2777 ju-

610 2823 643 2864 »
681 2808 908 2870 stitiae
938 2809 1055 2871 Dei
1088 2814 1155 2873 et
1185 2813 1349 2873 mihi
1385 2830 1755 2891 repugnare
1789 2831 2055 2892 semper
2085 2814 2507 2876 contenditis
2548 2832 2579 2871 ι

2040 3022 2257 3084 XVIII.

813 3228 987 3289 Deus
1022 3236 1251 3290 contra
1286 3230 1628 3293 Diabolum
1674 3235 2125 3294 instrumenta
2156 3234 2396 3293 veteris
2431 3239 2494 3292 et
2526 3235 2677 3292 novi
2718 3231 3117 3294 Testamenti
3145 3228 3475 3307 producit.

692 3436 800 3497 27.
847 3437 928 3498 Et
959 3439 1204 3500 iterum
1252 3442 1477 3529 audiyi
1524 3459 1758 3504 vocem
1805 3444 1887 3503 de
1919 3444 2106 3504 coelo
2154 3443 2503 3503 dicentem:
2554 3441 2756 3517 DeuS,
2793 3439 3021 3500 multis
3058 3437 3270 3514 signis
3303 3438 3370 3497 et
3400 3431 3695 3494 diversis

596 3539 1175 3619 castigationibuS,
1213 3546 1503 3607 tenebris
1537 3546 2023 3608 diabolicarum
2060 3546 2455 3608 insidiarum
2502 3561 2575 3607 se
2609 3561 2972 3623 opponenS,
3013 3541 3308 3602 insanias
3344 3538 3697 3612 insurgen-

601 3643 771 3702 tium
804 3642 1121 3705 vitiorum
1157 3647 1247 3708 ita
1294 3648 1734 3726 obnubilavit,
1770 3651 1948 3728 quod
1981 3650 2378 3712 beatitudini
2427 3665 2871 3728 supernorum
2904 3647 3153 3706 civium
3197 3644 3512 3704 resistere
3558 3628 3695 3699 non

603 3748 938 3823 poterunt,
974 3749 1090 3810 ubi
1126 3751 1269 3827 ipse
1302 3753 1382 3813 de
1415 3755 1602 3815 coelo
1629 3755 2070 3833 prospicienS,
2110 3754 2338 3815 fideles
2373 3770 2533 3814 suos
2568 3753 2748 3814 omni
2783 3750 3138 3813 sanctitate
3172 3746 3476 3808 munivit.
3513 3741 3701 3807 Unde

603 3849 794 3910 vides
829 3852 1005 3927 quod
1037 3855 1420 3930 praedictus
1454 3858 1559 3918 vir
1591 3858 1674 3918 ad
1708 3858 2134 3920 Occidentem
2161 3875 2233 3918 se
2267 3857 2617 3933 convertit,
2649 3856 2738 3918 ita
2765 3854 2943 3933 quod
2966 3857 3034 3915 et
3065 3853 3148 3913 ad
3171 3850 3596 3913 Occidentem
3626 3848 3700 3905 et

600 3952 685 4013 ad
734 3953 1259 4032 Septentrionem
1306 3961 1569 4038 aspicit,
1606 3963 1922 4039 quoniam
1967 3958 2110 4040 ipse
2147 3961 2341 4022 fortis
2374 3961 2739 4038 praeliator
2770 3960 3002 4021 contra
3035 3955 3388 4016 Diabolum
3423 3950 3693 4010 fortiter

598 4056 809 4132 stans,
847 4058 974 4120 hoc
1009 4062 1074 4122 in
1105 4064 1377 4142 antiquo
1411 4067 1692 4128 consilio
1727 4083 1850 4128 suo
1886 4082 2152 4144 semper
2184 4066 2441 4140 habuit,
2484 4064 2659 4142 quod
2696 4064 3021 4124 adversus
3049 4060 3361 4123 tenebras
3388 4053 3689 4116 cadentis

600 4160 855 4237 ruinae,
891 4181 969 4225 ac
1017 4174 1249 4229 contra
1292 4172 1574 4232 stultum
1624 4170 1838 4249 frigus
1888 4171 2304 4248 ignorantiae
2353 4168 2576 4230 omnia
2624 4168 3066 4228 instrumenta
3115 4163 3365 4224 veteris
3414 4161 3480 4219 et
3528 4158 3690 4218 novi

605 4263 1034 4345 Testamenti,
1069 4288 1149 4332 ac
1179 4278 1456 4336 cunctas
1493 4274 1842 4338 facultates
1874 4275 2201 4336 bonorum
2234 4289 2511 4350 operum
2546 4271 2873 4349 producit.

2028 4481 2278 4543 XVIIII.

1291 4691 1374 4754 In
1419 4692 1820 4773 fortitudine
1870 4642 2033 4754 Filii
2091 4691 2213 4753 Dei
2252 4691 2577 4768 protectio
2623 4689 3027 4771 indeficiens.

699 4894 807 4957 28.
859 4897 1044 4970 Quod
1076 4902 1299 4961 autem
1334 4902 1400 4961 in
1429 4904 1715 4979 utroque
1750 4900 2029 4961 humero
2065 4915 2186 4961 suo
2224 4897 2425 4960 habet
2457 4900 2633 4960 alam
2665 4915 2889 4973 unam,
2930 4912 3101 4974 quae
3142 4898 3210 4957 et
3243 4890 3521 4955 brachia
3552 4888 3699 4967 ejus

685 5081 728 5148 ¹)
752 5087 803 5138 et
819 5086 1084 5157 parietem
1102 5086 1159 5140 in
1173 5087 1348 5158 spinis
1359 5081 2100 5159 ponaer-cemimpessumda-
2188 5094 2396 5154 ganum
2433 5086 2493 5140 et
2528 5079 2770 5146 cithara.
2798 5078 3063 5139 classicos
3091 5077 3407 5150 theologiae
3431 5075 3702 5150 symboli-

612 5169 670 5219 ιο
698 5166 896 5227 arietis
922 5174 979 5227 et
1000 5169 1214 5231 Christi
1243 5170 1512 5243 imagine.
1535 5185 1680 5246 quae
1701 5169 1790 5228 uti
1825 5186 1992 5246 supra
2014 5188 2100 5228 or·
2191 5186 2287 5227 cae
2308 5184 2553 5228 canones
2575 5165 2867 5243 splendide
2887 5164 3078 5224 refert.
3097 5162 3381 5229 cf.Genes.
3395 5160 3587 5225 xxu.
3608 5163 3691 5217 ¹⁸.
