4036 6117
1294 523 1543 568 Lim-:n
1604 521 1806 567 virm
1868 522 2338 568 nim-*tironum
3216 508 3304 567 39

260 643 697 703 tumeliosum
730 648 837 702 est
870 642 950 700 de
986 645 1372 719 semetipsa,
1413 644 1741 703 interdum
1780 642 2181 702 manifestat.
2221 643 2635 717 Quapropter
2673 642 2951 700 multum
3006 643 3217 714 ignom
3260 661 3372 702 ve-

264 746 357 804 lut
397 745 656 805 faculas
689 762 769 804 ex
805 762 919 804 ore
954 763 1077 805 suo
1110 749 1379 821 emittit,
1418 749 1731 823 quoniam
1767 747 1961 805 hoino
1996 746 2299 805 ardentia
2333 751 2397 803 et
2434 744 2869 803 scintillantia
2904 745 3109 804 verba
3157 748 3222 805 in
3258 764 3375 806 vo-

260 867 336 909 ce
371 869 495 911 sua
530 867 650 928 per
685 851 1047 911 vindictam
1083 853 1520 928 malignitatis
1553 852 1829 928 profert3
1868 867 2021 909 cum
2055 852 2122 909 in
2157 852 2323 909 iram
2375 850 2782 923 accenditur,
2824 850 2915 908 ita
2950 850 3126 925 quod
3161 852 3369 910 etiam

258 956 372 1016 Dei
407 957 865 1033 obliviscitur,
900 959 1084 1019 velut
1133 958 1307 1018 idem
1341 960 1578 1017 vitium
1616 959 1679 1017 in
1728 957 2136 1033 supradictis
2172 956 2397 1015 verbis
2448 957 2590 1015 suis
2623 956 2939 1016 declarat.
2977 957 3212 1017 Divina
3257 975 3376 1018 au-

259 1069 392 1122 tem
426 1064 757 1140 patientia
795 1065 1012 1140 ipsum
1048 1081 1166 1140 pro
1206 1065 1428 1123 furore
1462 1066 1919 1123 contumaciae
1954 1080 2116 1122 suae
2168 1064 2528 1138 redarguit;
2567 1062 3125 1138 quemadmodum
3157 1064 3364 1124 etiam

266 1167 470 1227 Iacob
505 1167 774 1227 duobus
808 1167 965 1226 filiis
1001 1167 1166 1240 suiS,
1205 1168 1319 1242 qui
1356 1167 1419 1225 in
1450 1166 1670 1225 furore
1707 1183 1826 1225 suo
1864 1173 2159 1241 stragem
2195 1166 2536 1224 hominum
2589 1164 2906 1240 fecerant,
2944 1166 3209 1225 locutus
3243 1171 3372 1237 est,

257 1271 517 1331 dicens:

1692 1479 1961 1539 LXXIII.

1597 1690 1795 1750 Verba
1848 1689 2049 1750 Iacob.

343 1896 451 1958 86.
496 1899 771 1959 Simeon
805 1906 864 1958 et
906 1900 1089 1968 Levi,
1124 1917 1277 1958 vasa
1309 1900 1685 1974 iniquilatis
1719 1896 2064 1966 bellantia,
2100 1899 2170 1956 in
2206 1897 2475 1957 consilio
2509 1915 2736 1956 eorum
2769 1917 2852 1956 ue
2887 1900 3111 1957 veniat
3146 1893 3191 1977 ¹)
3229 1902 3378 1960 cmi-

257 2021 366 2062 ma
395 2022 584 2071 mea,
620 2010 683 2063 et
720 2006 792 2063 in
828 2010 1016 2063 coetu
1065 2004 1338 2062 illorum
1371 2020 1504 2061 non
1554 2004 1635 2060 sit
1668 2003 1881 2079 yloria
1927 2020 2103 2073 mea;
2136 2003 2293 2077 quia
2326 2003 2399 2060 in
2430 2002 2660 2078 furore
2704 2017 2818 2059 suo
2867 2002 3246 2061 occiderunt
3280 2005 3376 2061 vi-

258 2125 429 2177 rum,
461 2113 532 2166 et
562 2111 634 2167 in
660 2109 998 2168 voluntate
1028 2126 1149 2166 sua
1173 2108 1585 2186 suffoderunt
1611 2126 1901 2166 murum.
1925 2107 2316 2166 Maledictus
2341 2107 2532 2183 furor
2558 2124 2814 2176 eorum,
2843 2109 3001 2182 quia
3021 2110 3373 2183 pertinaae;

257 2221 313 2272 et
345 2217 730 2293 indignatio
763 2233 1022 2287 eorum,
1058 2218 1217 2292 quia
1249 2216 1440 2274 dura.
1472 2216 1776 2274 Dividam
1809 2232 1911 2272 eos
1946 2216 2017 2272 in
2057 2211 2269 2282 Iacob,
2306 2220 2368 2270 et
2404 2212 2778 2289 disperyam
2812 2230 2916 2270 eos
2949 2215 3023 2271 in
3051 2214 3260 2272 Israel
3293 2210 3371 2290 ²).

257 2320 456 2396 Cujus
511 2337 759 2380 sensus
807 2322 963 2380 talis
1011 2326 1136 2380 est.
1186 2321 1293 2380 Ira
1341 2326 1408 2379 et
1456 2320 1681 2379 odium
1729 2320 1843 2395 qui
1878 2313 1925 2396 ³)
1963 2318 2032 2377 in
2067 2318 2483 2392 malignitate
2515 2317 3028 2392 conjunguntur,
3063 2336 3221 2375 vasa
3253 2336 3371 2376 ne·-

257 2430 507 2503 quieiae
594 2434 751 2487 sunt
777 2475 793 2501 ,
876 2432 943 2486 et
1011 2427 1144 2486 Deo
1223 2441 1487 2501 semper
1558 2431 1962 2501 repugnant,
2041 2440 2118 2482 ac
2188 2439 2308 2499 per
2385 2423 2836 2498 magniloquia
2905 2422 3126 2481 omnia
3195 2438 3370 2498 quae

252 2527 426 2602 justa
461 2536 653 2605 sunt,
705 2530 1126 2605 comburunt;
1162 2537 1228 2589 et
1277 2535 1510 2589 contra
1558 2529 1669 2588 illa
1720 2526 2222 2586 maledictiones
2271 2543 2431 2585 suas
2477 2525 2874 2601 producunt.
2925 2524 3049 2585 Sed
3100 2526 3167 2585 in
3214 2541 3369 2601 pro-

262 2632 476 2694 fundis
566 2636 1091 2710 cogitationibus
1169 2651 1400 2694 eorum
1481 2651 1609 2694 non
1686 2635 1775 2693 sit
1852 2649 2041 2693 mens
2127 2633 2462 2708 justorum
2493 2679 2509 2706 ,
2583 2634 2740 2708 quia
2821 2634 3036 2708 legem
3105 2633 3367 2693 Domini

256 2737 875 2812 transgrediuntur,
927 2745 995 2797 et
1041 2739 1200 2814 quia
1250 2755 1454 2814 supra
1502 2745 1800 2813 petram,
1854 2754 2058 2812 supra
2107 2753 2307 2812 quam
2356 2736 2560 2811 pedes
2613 2736 2961 2796 beatorum
3019 2742 3238 2812 stant,
3292 2743 3366 2796 ut

251 2849 567 2903 enarrent
618 2843 933 2903 universa
982 2843 1316 2902 mirabilia
1364 2842 1511 2919 Dei,
1565 2860 1694 2901 non
1743 2842 2116 2902 aedificant.
2169 2842 2332 2900 Nam
2383 2842 2604 2900 omnia
2655 2842 2893 2900 itinera
2943 2847 3008 2900 et
3058 2840 3362 2900 aedificia

257 2946 610 3008 beatorum
663 2947 1153 3008 desideriorum
1202 2953 1268 3007 et
1316 2949 1666 3007 beatorum
1722 2963 1997 3023 operum
2049 2948 2114 3006 in
2163 2947 2540 3022 praeceptis
2587 2946 2701 3005 Dei
2754 2952 2927 3006 sunt.
2979 2947 3050 3005 In
3109 2945 3357 3023 studiis

259 3066 526 3130 quoque
562 3051 853 3126 illorum,
894 3052 959 3111 in
992 3052 1238 3128 quibus
1273 3068 1536 3111 omnem
1572 3052 1982 3111 voluntatem
2016 3067 2208 3111 suam
2245 3066 2317 3109 se
2350 3048 2668 3126 perficere
2717 3055 2976 3126 putant,
3014 3054 3080 3109 et
3117 3050 3183 3109 in
3215 3049 3362 3126 qui-

257 3157 371 3217 hus
417 3158 704 3217 dolosas
754 3157 1035 3217 insidias
1082 3157 1417 3232 complere
1466 3162 1818 3232 quaerunt,
1855 3173 1984 3215 non
2033 3161 2354 3231 appareat
2403 3155 2615 3214 honor
2656 3155 3017 3228 justorum,
3054 3170 3135 3213 ne
3185 3156 3251 3213 in
3288 3155 3365 3213 il-

261 3264 336 3322 lis
364 3259 412 3340 ⁴)
464 3262 870 3335 offuscetur;
911 3277 1033 3321 nec
1082 3263 1150 3321 in
1185 3261 1402 3321 medio
1438 3277 1670 3320 eorum
1706 3263 1817 3336 sit,
1854 3276 1934 3320 ne
1972 3262 2489 3334 comminuatur3
2528 3259 2643 3318 sed
2685 3261 2900 3334 gloria
2928 3260 3265 3334 Justorum
3303 3261 3370 3318 in

258 3369 519 3442 angelis
551 3372 620 3426 et
652 3383 806 3426 cum
853 3369 1110 3442 angelis
1141 3368 1256 3426 Dei
1308 3369 1417 3442 sit,
1455 3375 1522 3427 et
1555 3385 1705 3427 cum
1740 3369 1846 3427 his
1881 3370 1995 3445 qui
2035 3369 2272 3428 faciem
2304 3368 2687 3429 Divinitatis
2724 3371 2788 3428 in
2837 3369 3108 3445 speculo
3144 3370 3365 3429 consi-

256 3474 483 3534 derant
525 3468 595 3552 5).
632 3474 710 3532 Et
745 3491 875 3534 non
923 3491 1074 3534 cum
1110 3475 1244 3534 illis
1292 3482 1446 3535 eant
1481 3477 1593 3550 qui
1631 3476 1695 3534 in
1732 3477 2096 3550 sanguineo
2130 3476 2280 3535 dolo
2317 3481 2668 3535 conterunt
2716 3477 3006 3536 virtutes
3041 3477 3108 3535 in
3142 3476 3364 3536 beatis

262 3581 666 3655 hominibuS,
701 3586 768 3640 et
801 3581 917 3657 qui
952 3582 1018 3641 in
1050 3581 1283 3640 dolosa
1316 3589 1459 3642 arte
1495 3599 1617 3642 sua
1651 3582 1993 3658 perforant
2030 3584 2455 3655 munitioneS,
2492 3598 2662 3659 quas
2713 3583 2891 3641 beati
2927 3583 3240 3643 doctores
3278 3581 3361 3641 ad

266 3690 603 3749 munimen
651 3688 1017 3747 electorum
1050 3694 1439 3763 posuerunt.
1474 3688 1638 3746 Nam
1687 3704 1839 3747 cum
1879 3688 2156 3750 Diabolo
2205 3689 2540 3749 maledicti
2596 3690 2660 3748 in
2711 3688 2969 3748 insania
3018 3704 3140 3748 sua
3177 3693 3357 3760 sunt,

259 3794 570 3867 quoniam
621 3792 948 3869 pertinaci
981 3792 1236 3869 praelio
1286 3799 1518 3853 contra
1549 3793 1758 3852 Deum
1792 3801 2110 3869 pugnant,
2163 3811 2314 3854 curn
2349 3810 2422 3853 se
2454 3793 2587 3853 Deo
2635 3799 2998 3870 opponunt3
3038 3808 3116 3852 ac
3147 3793 3356 3852 etiam

265 3896 321 3953 in
356 3896 817 3972 indignatione
867 3897 1205 3972 nequitiae
1242 3897 1637 3957 inflexibiles
1688 3902 1865 3972 sunt,
1903 3897 2063 3974 quia
2110 3914 2533 3974 nequaquam
2567 3914 2605 3956 a
2639 3898 2813 3957 malo
2863 3896 3199 3956 declinare
3247 3912 3365 3955 vo-

261 4001 410 4078 lunt,
464 4001 593 4061 sed
644 4003 711 4061 in
763 4001 1188 4075 damnatione
1235 4001 1633 4078 perditionis
1680 4018 1800 4078 per
1848 4005 2024 4063 mala
2080 4020 2284 4080 opera
2332 4019 2768 4080 perseverare
2819 4002 3113 4076 cupiunt.
3173 4000 3359 4061 Unde

263 4108 454 4166 etiam
488 4105 883 4165 dividentur
934 4107 996 4164 in
1032 4106 1374 4166 incursum
1423 4109 1649 4183 populi
1685 4108 1889 4181 illiuS‚
1928 4110 2041 4183 qui
2093 4124 2208 4168 eos
2246 4110 2337 4168 ita
2387 4108 2740 4183 opprimet,
2779 4106 2954 4182 quod
2996 4105 3181 4164 velut
3218 4121 3358 4164 ser-

264 4225 412 4283 pens
449 4212 514 4268 in
552 4226 913 4270 cavernam
945 4218 1225 4286 quaerat
1261 4228 1331 4270 se
1367 4212 1798 4284 abscondere,
1836 4213 2148 4287 quoniam
2185 4229 2303 4288 per
2338 4212 2523 4271 illum
2554 4212 2747 4270 valde
2785 4210 3068 4284 fatigati,
3105 4210 3215 4269 vix
3250 4227 3363 4269 su-

264 4314 510 4387 spirare
541 4309 594 4390 ⁸)
631 4319 936 4389 possunt;
975 4330 1052 4372 ac
1100 4313 1571 4389 dispergentur
1607 4315 1671 4372 in
1706 4315 1856 4373 illos
1906 4316 2020 4390 qui
2053 4315 2260 4373 Deum
2295 4315 2712 4387 confitentur,
2765 4330 2894 4373 non
2927 4318 3026 4372 ut·
3050 4311 3358 4374 felicitati

263 4430 480 4475 eorum
533 4416 1027 4491 consocientur,
1065 4417 1180 4475 sed
1215 4423 1287 4475 ut
1327 4417 1518 4494 palea
1553 4418 1637 4477 ab
1670 4419 1769 4476 eis
1818 4418 2138 4493 projecta,
2192 4424 2607 4493 separentur.
2648 4417 2814 4477 Nam
2863 4417 3020 4492 quia
3068 4415 3276 4476 Deum
3307 4414 3356 4495 ⁷)

263 4533 379 4577 non
409 4525 814 4596 sequuntur,
853 4519 1101 4579 idcirco
1151 4525 1218 4578 et
1250 4520 1396 4596 ipse
1443 4536 1561 4579 eos
1597 4521 1663 4579 in
1696 4521 2101 4604 oblivionem
2150 4521 2377 4586 tradit,
2420 4522 2508 4579 ita
2558 4519 2731 4596 quod
2784 4535 2904 4578 nec
2953 4518 3362 4594 prosperita-

264 4628 385 4682 tem
416 4624 676 4684 saeculi
704 4640 825 4683 nec
858 4624 1243 4684 felicitatem
1271 4626 1530 4685 animae
1566 4625 1925 4699 habebunt3
1957 4626 2074 4685 sed
2102 4625 2278 4702 quod
2305 4627 2489 4686 velut
2513 4643 2551 4685 a
2587 4632 2810 4699 vent0,
2843 4625 2908 4684 in
2933 4624 3182 4683 multas
3207 4640 3361 4700 pas-

265 4726 477 4788 siones
512 4745 880 4804 pravorum
912 4728 1400 4789 desideriorum
1433 4730 1748 4807 dispersi,
1785 4730 2038 4790 nullam
2073 4731 2364 4806 quietem
2398 4746 2519 4789 nec
2562 4745 2715 4788 cum
2764 4729 2869 4787 his
2904 4728 3019 4804 qui
3053 4727 3185 4786 Deo
3221 4742 3363 4786 ser-

263 4831 463 4906 vium,
499 4848 625 4892 nec
659 4848 812 4893 curn
847 4832 952 4891 his
985 4834 1099 4910 qui
1135 4833 1405 4893 saeculo
1442 4832 1776 4907 insudant,
1831 4831 2191 4893 habebunt.

334 5032 375 5097 ¹)
402 5052 508 5092 non
536 5041 721 5092 veniat
746 5035 814 5092 A.
847 5067 913 5076 —
938 5038 984 5102 2)
1010 5037 1149 5093 Gen.
1182 5037 1388 5100 XLIX,
1426 5045 1470 5094 1.
1505 5071 1569 5079 -·
1599 5037 1642 5104 3)
1671 5041 1771 5111 qui
1891 5039 1935 5100 ⁵)
1960 5040 2266 5093 considerat
2293 5037 2381 5090 W.
2418 5066 2483 5075 —-
2509 5036 2554 5100 ⁶)
2581 5038 2795 5108 spirare
2819 5034 2886 5087 A.

274 5117 345 5174 sic
372 5119 481 5175 duo
507 5122 668 5178 codd.
703 5153 763 5162 --
799 5123 841 5188 ⁴)
872 5140 961 5178 nec
988 5125 1103 5178 illis
1127 5125 1193 5179 A.
1890 5126 1933 5188 ⁷)
1962 5127 2061 5196 qui
2090 5124 2322 5179 Deum...
2357 5125 2623 5178 oblivioni
2648 5123 2819 5177 tradit
2845 5119 2911 5176 A.
