4036 6117
630 370 758 430 222

1310 609 1890 715 INCIPIT
1969 606 2458 714 SEXTA
2531 606 2906 712 PARS

887 944 1001 1000 DE:
1055 942 1267 1001 VIRO
1322 941 1418 998 SE
1453 941 1625 998 CUM
1672 940 2094 1005 QUATUOR
2139 940 2456 996 PLAGIS
2490 937 2846 994 TERRAE
2889 935 3329 992 MOVENTE.

2091 1533 2285 1594 einde
2332 1532 2471 1593 vidi
2503 1531 2679 1610 quod
2715 1531 2892 1592 idem
2931 1531 3057 1607 vir,
3094 1530 3288 1606 quasi
3338 1545 3412 1589 se
3444 1533 3657 1589 totum

1922 1653 2077 1698 cum
2124 1642 2413 1714 quatuor
2461 1636 2679 1712 plagis
2729 1639 2951 1696 terrae
2999 1633 3330 1693 movebat.
3384 1631 3465 1691 Et
3506 1644 3658 1689 ecce

1914 1744 1980 1802 in
2015 1743 2292 1802 sinistro
2337 1741 2587 1800 femore
2621 1756 2743 1801 suo
2789 1739 3132 1799 unicornis
3164 1736 3498 1814 apparuit,
3543 1733 3657 1810 qui

1902 1861 2119 1920 genua
2151 1845 2298 1922 ejus
2333 1845 2636 1906 lambens
2669 1844 2953 1905 dicebat.
2981 1837 3027 1922 ¹)

2715 2157 2761 2215 1.

2441 2364 2643 2427 Verba
2687 2366 3052 2428 unicornis.

657 2686 719 2747 2.
761 2705 795 2746 c
833 2684 1012 2758 Quae
1049 2684 1227 2746 facta
1260 2693 1416 2747 sunt
1462 2684 1924 2760 destruentur,
1975 2688 2044 2745 et
2089 2701 2220 2745 non
2272 2684 2448 2743 facta
2497 2682 3045 2743 aedificabuntur.
3096 2683 3453 2742 Peccatum
3502 2696 3662 2756 quo-

573 2805 607 2847 »
647 2806 777 2867 que
809 2790 877 2849 in
909 2789 1175 2850 homine
1223 2790 1735 2864 examinabitur,
1772 2794 1839 2848 et
1874 2789 2122 2851 bonum
2162 2788 2366 2864 justis
2417 2787 2736 2862 operibus
2774 2787 2840 2844 in
2874 2787 3019 2861 ipso
3043 2783 3094 2864 ²)
3131 2784 3543 2859 perficietur,
3581 2797 3658 2840 ac

571 2911 605 2950 ι»
648 2894 792 2969 ipso
830 2893 1003 2954 bono
1040 2910 1308 2953 rumore
1352 2895 1418 2953 in
1465 2894 1669 2954 aliam
1713 2894 1923 2952 vitam
1973 2892 2236 2953 redibit.
2269 2910 2300 2949 »
2338 2892 2418 2951 Et
2450 2890 2981 2964 considerabam,
3020 2889 3078 2946 si
3118 2888 3284 2947 vitia
3333 2887 3488 2958 alia,
3543 2901 3661 2944 seu

569 2996 705 3056 alia
738 2997 873 3057 ulla
905 2995 1013 3057 his
1063 2997 1333 3075 similia,
1368 3014 1541 3075 quae
1574 2997 1763 3075 prius
1804 3012 2307 3074 conspexeram,
2358 2995 2467 3055 hic
2500 2995 2907 3072 apparerent*
2953 2998 3020 3051 et
3056 2991 3221 3052 nihil
3257 2992 3409 3050 istis
3445 2990 3662 3049 simile

574 3103 686 3164 hic
720 3104 885 3165 mihi
920 3111 1267 3167 ostensum
1299 3113 1422 3167 est.

2076 3315 2152 3375 11.

1496 3524 1591 3585 De
1636 3530 1959 3601 potestate
2012 3526 2136 3586 Dei
2183 3526 2256 3584 in
2304 3526 2432 3603 fine
2482 3524 2740 3584 mundi.

663 3729 727 3790 3.
760 3729 839 3789 Et
876 3728 1117 3790 iterum
1147 3745 1384 3790 vocem
1416 3730 1497 3791 de
1532 3732 1717 3792 coelo
1752 3732 1980 3792 audivi
2012 3731 2343 3792 dicentem
2374 3731 2561 3792 mihi:
2597 3731 3035 3792 Fortissimus
3081 3728 3259 3789 Deus
3307 3728 3502 3805 cujus
3550 3745 3662 3807 po·

580 3833 794 3892 testas
844 3849 1047 3909 super
1094 3850 1327 3895 omnes
1373 3838 1499 3910 est,
1552 3839 1954 3911 potestatem
2005 3851 2199 3896 suam
2262 3836 2329 3895 in
2375 3834 2504 3895 fine
2537 3835 2765 3896 mundi
2799 3834 3125 3909 ostendet,
3163 3850 3310 3894 cum
3351 3834 3566 3909 ipsum
3600 3834 3664 3892 in

576 3933 761 3995 aliud
794 3935 1194 3997 miraculum
1228 3935 1533 3998 mutabit.

2068 4146 2177 4208 111.

1597 4353 1772 4415 Deus
1821 4357 2146 4415 concutiet
2195 4356 2357 4434 fines
2405 4361 2644 4415 terrae.

667 4570 730 4633 4.
779 4571 943 4632 Nam
992 4574 1168 4650 quod
1216 4575 1427 4650 vides,
1465 4575 1640 4652 quod
1677 4575 1852 4635 idem
1884 4576 2012 4651 vir,
2050 4577 2247 4654 quasi
2283 4592 2355 4635 se
2405 4581 2647 4651 totum,
2694 4591 2847 4635 cum
2879 4583 3170 4652 quatuor
3199 4573 3416 4651 plagis
3451 4580 3664 4635 terrae

579 4682 827 4753 movet,
865 4676 989 4737 hoc
1022 4680 1127 4738 est
1160 4680 1335 4755 quod
1369 4679 1544 4739 Deus
1581 4681 1646 4740 in
1679 4680 1805 4739 fine
1841 4680 2068 4739 mundi
2119 4680 2581 4740 fortitudinem
2615 4694 2807 4739 suam
2840 4696 2993 4739 cum
3035 4681 3404 4741 virtutibus
3453 4681 3666 4741 coelo-

577 4796 729 4840 rum
762 4781 1253 4858 demonstrans,
1283 4800 1514 4843 omnes
1548 4784 1869 4844 terminos
1906 4786 2126 4844 terrae
2159 4784 2518 4859 concutiet,
2549 4785 2641 4844 ita
2667 4784 2843 4861 quod
2881 4785 3098 4845 omnis
3132 4785 3354 4845 anima
3388 4783 3470 4844 ad
3499 4782 3669 4860 judi-

580 4883 756 4942 cium
794 4900 865 4943 se
898 4886 1346 4963 praeparabit.

659 5082 699 5149 ¹)
725 5085 926 5143 Recole
951 5103 1094 5159 quac
1120 5104 1287 5159 supra
1323 5088 1392 5144 dc
1422 5086 1681 5145 unicorni
1711 5090 1997 5144 notantur.
2046 5118 2097 5128 -—-
2122 5089 2167 5156 ²)
2198 5089 2256 5144 in
2282 5090 2415 5160 ipsis
2433 5089 2745 5162 perficietur
2767 5104 2834 5144 ac
2858 5089 2968 5159 ipse
2992 5086 3084 5142 W.
