4036 6117
594 492 727 554 326
1746 508 1798 554 s.
1850 506 2395 554 111LDEGARDIS

526 628 1039 689 constrictiones
1088 635 1155 688 et
1187 629 1525 705 appetitus
1569 630 2022 705 spiritualium
2056 630 2568 705 desideriorum,
2604 632 2764 708 quid
2798 638 2950 691 sunt
2990 634 3167 692 inter
3201 629 3451 691 tantos?
3484 629 3619 690 sci-

522 730 682 791 licet
730 733 901 791 inter
950 736 1170 791 tantas
1207 733 1514 809 virtuteS,
1568 735 1725 810 quia
1758 735 1954 794 homo
2007 733 2117 792 ille
2156 740 2292 793 tam
2344 733 2514 793 forte
2547 741 2614 793 et
2663 741 2798 794 tam
2835 752 3156 812 praeceps
3201 735 3608 795 desiderium

525 834 728 897 habet
777 836 859 897 ad
889 836 1119 912 Deum,
1173 839 1349 914 quod
1383 841 1587 898 etiam
1639 841 1748 899 vix
1783 840 1850 898 in
1899 838 2277 898 humilitate
2314 838 2443 899 ista
2493 841 3000 917 constringitur,
3048 848 3120 901 ut
3168 858 3240 901 se
3275 840 3611 900 hominem

526 957 678 1002 esse
711 948 778 1003 et
812 944 1101 1004 similem
1135 946 1515 1006 hominibus
1550 952 1931 1022 cognoscat.
2999 951 3003 957 '

623 1052 808 1112 Dixit
859 1073 1007 1132 erqo
1041 1055 1405 1115 virtutibus
1454 1055 1644 1114 Jesus
1677 1055 1984 1114 Salvator
2018 1055 2086 1113 in
2128 1056 2576 1116 admonitione
2612 1056 2898 1132 Spiritus
2934 1057 3176 1117 Sancti:
3214 1056 3436 1117 Facite
3471 1068 3616 1113 cor·

533 1159 835 1237 ripiendo
883 1164 950 1222 et
996 1162 1494 1238 comprimendo
1541 1168 1773 1223 vestra
1822 1162 2302 1223 constrictione
2349 1166 2669 1240 homines,
2721 1164 2787 1223 id
2835 1168 2940 1224 est
2987 1180 3104 1224 eos
3153 1165 3269 1241 qui
3311 1162 3613 1223 homines

533 1263 709 1336 sunt,
747 1261 866 1322 sed
914 1265 1135 1324 tamen
1168 1281 1373 1340 supra
1421 1264 1727 1326 homines
1761 1264 2088 1323 virtutum
2138 1280 2426 1325 ascensu
2460 1266 2604 1325 sine
2652 1282 2966 1326 mensura
2999 1266 3428 1326 discretionis
3462 1280 3614 1324 esse

530 1367 787 1441 volunt,
846 1368 1273 1443 discumbere,
1333 1370 1592 1429 scilicet
1647 1368 2123 1429 discretionem
2170 1385 2321 1429 cum
2373 1369 2748 1431 humilitate
2798 1376 3045 1445 tenere,
3098 1372 3191 1431 ita
3231 1386 3315 1430 ne
3348 1368 3616 1429 modurn

533 1485 731 1530 suum
764 1472 1181 1547 excedentes,
1220 1473 1283 1531 in
1318 1473 1617 1533 deterius
1650 1472 1911 1534 cadant.

625 1576 782 1636 Erat
833 1585 1055 1637 autem
1100 1584 1333 1659 fenum
1381 1579 1693 1653 multum,
1731 1580 1991 1640 scilicet
2039 1579 2369 1639 humanae
2421 1581 2819 1641 tentationes
2869 1583 2934 1642 in
2976 1580 3517 1659 praesumptione
3550 1586 3615 1639 et

533 1678 606 1739 in
639 1679 972 1757 irrisione,
1023 1686 1094 1742 in
1132 1684 1266 1742 loco
1309 1682 1420 1741 ubi
1454 1682 1785 1743 debebant
1820 1683 1996 1743 scire
2030 1689 2097 1742 et
2132 1683 2504 1759 intelligere
2539 1700 2610 1744 se
2650 1684 2924 1760 fragiles
2958 1686 3264 1746 homines
3295 1702 3465 1745 esse.
3505 1688 3618 1748 Di-

537 1783 936 1846 scubuerunt
987 1805 1157 1864 erqo,
1209 1787 1559 1846 constricti
1606 1789 1672 1847 et
1705 1788 2073 1864 compressi
2106 1787 2174 1846 in
2223 1786 2601 1847 humilitate
2637 1787 2883 1847 divinis
2917 1789 3202 1865 flagellis
3235 1795 3302 1848 et
3333 1790 3620 1865 castiga-

538 1894 859 1969 tionibus,
890 1897 1015 1954 viri
1045 1895 1110 1954 in
1136 1894 1423 1956 terrenis
1457 1911 1535 1954 ac
1571 1895 1638 1953 in
1669 1894 2075 1953 coelestibus
2109 1893 2402 1968 probati,
2431 1912 2708 1953 numero
2742 1895 3175 1956 beatitudinis
3207 1899 3396 1973 quasi
3428 1899 3621 1974 quin-

535 2019 660 2080 que
694 2003 933 2077 millia,
987 2001 1049 2061 id
1084 2010 1189 2063 est
1221 2002 1515 2078 quinque
1548 2002 1859 2061 sensibus
1910 2002 2051 2060 suis
2084 2000 2562 2061 abundantiam
2610 2002 2923 2062 coelestis
2973 2002 3253 2062 militiae
3289 2006 3614 2073 tenenteS,

537 2109 606 2164 et
641 2105 804 2164 bene
838 2107 1192 2183 compositi
1227 2107 1289 2164 in
1326 2105 1713 2165 virtutibus,

626 2217 891 2294 Accepit
942 2235 1091 2293 erqo
1131 2235 1341 2294 panes
1390 2216 1604 2289 JesuS,
1657 2214 1723 2273 id
1771 2221 1873 2274 est
1922 2215 2221 2290 suscepit
2262 2215 2777 2274 constrictiones
2812 2214 3099 2275 hominis
3137 2215 3341 2288 illius,
3376 2213 3621 2289 quibus

538 2338 694 2384 eum
742 2322 1144 2395 humiliavit,
1180 2336 1261 2380 ne
1309 2337 1382 2379 se
1417 2321 1779 2395 incongrue
1819 2319 2182 2388 exaltaret,
2234 2326 2295 2378 et
2333 2338 2481 2379 cum
2529 2325 2777 2397 qratias
2818 2326 3073 2399 eqisset,
3124 2320 3436 2381 videlicet
3467 2336 3619 2379 cum

538 2427 827 2504 gratiam
875 2442 1067 2486 suam
1099 2425 1184 2486 ad
1231 2425 1396 2485 haec
1430 2424 1860 2499 extendisset,
1897 2424 2230 2485 distribuit
2281 2426 2863 2499 discumbentibus,
2899 2427 2966 2486 id
2999 2430 3104 2486 est
3134 2426 3367 2486 divisit
3401 2426 3467 2485 in
3500 2425 3621 2486 hu-

543 2531 828 2593 militate
861 2533 928 2591 et
959 2530 1361 2591 discretione
1394 2530 1529 2590 illis
1565 2528 1680 2606 qui
1712 2535 1967 2590 secrete
2001 2531 2070 2590 et
2099 2530 2266 2591 bene
2301 2532 2860 2607 constrinxerant,
2898 2547 2976 2590 ac
3010 2530 3451 2607 sibimetipsis
3487 2545 3624 2589 mo-

541 2638 701 2699 dum
750 2636 1255 2712 temperamenti
1290 2636 1763 2711 imposuerant.
1817 2636 2145 2695 Similiter
2177 2641 2237 2694 et
2287 2654 2372 2694 ea:
2400 2636 2717 2713 piscibuS,
2771 2637 3030 2696 scilicet
3064 2637 3482 2712 spiritalibus
3514 2636 3625 2696 de-

543 2743 812 2806 sideriis
845 2745 914 2804 et
944 2744 1320 2820 perspicuis
1352 2742 2026 2818 considerationibuS,
2067 2743 2133 2801 in
2164 2743 2409 2818 quibus
2442 2742 2748 2803 homines
2783 2744 3123 2804 moderate
3155 2750 3222 2802 et
3258 2749 3628 2817 temperan-

542 2857 647 2912 ter
701 2867 780 2912 ea
827 2850 1275 2924 considerant,
1327 2865 1497 2926 quae
1553 2849 1734 2909 circa
1782 2864 1898 2907 eos
1949 2855 2126 2922 sunt,
2164 2857 2487 2926 quantum
2534 2851 2855 2926 volebant,
2899 2850 3213 2910 videlicet
3262 2847 3627 2909 secundum

546 2975 929 3019 mensuram
966 2958 1147 3017 illam
1182 2974 1382 3035 quam
1415 2957 1555 3033 pati
1589 2961 1890 3033 possunt.

555 3141 558 3142 γ
644 3064 722 3126 Ut
759 3072 984 3124 autem
1015 3064 1274 3143 impleti
1301 3070 1478 3137 sunt,
1507 3063 1910 3123 discretione
1942 3069 2009 3122 et
2045 3069 2229 3124 recta
2264 3080 2574 3125 mensura
2610 3064 2775 3123 bene
2810 3063 3190 3140 compositi,
3227 3063 3398 3122 dixit
3433 3062 3628 3121 disci-

535 3173 721 3251 pulis
756 3171 915 3243 suis,
952 3168 1128 3246 quod
1168 3174 1274 3227 est
1308 3167 1695 3239 virtutibuS,
1747 3170 2063 3244 quoniam
2110 3186 2262 3230 eum
2313 3169 2559 3244 ubique
2608 3169 3120 3243 amplectuntur:
3177 3167 3506 3242 colligite,
3559 3164 3624 3224 id

543 3284 685 3351 est,
737 3282 964 3340 notate
1016 3281 1083 3335 et
1131 3273 1470 3334 recondite
1516 3292 1682 3351 quae
1732 3282 2238 3351 superaverunt,
2290 3275 2551 3333 scilicet
2599 3288 2770 3347 quae
2819 3272 3088 3331 residua
3140 3269 3408 3330 suerunt
3454 3270 3626 3330 bona

542 3402 769 3462 opera,
809 3386 900 3445 ita
948 3382 1122 3459 quod
1168 3382 1363 3458 quasi
1413 3381 1863 3454 importabilia
1911 3382 2309 3442 videbantur
2356 3377 2762 3452 hominibuS,
2798 3383 2867 3436 et
2898 3378 3101 3436 etiam
3134 3377 3391 3452 majora
3423 3391 3622 3451 quam

542 3496 857 3568 putarent
906 3505 979 3548 se
1012 3487 1150 3563 pati
1183 3502 1401 3562 posse,
1438 3487 1835 3563 fragmenta,
1887 3487 2201 3545 videlicet
2249 3483 2601 3561 passiones
2650 3483 2717 3542 et
2749 3481 3262 3540 constrictiones
3312 3483 3448 3539 tam
3485 3479 3624 3538 ani-

544 3616 694 3660 mae
742 3613 943 3674 quam
983 3595 1310 3668 corporiS,
1363 3594 1608 3669 quibus
1658 3610 1730 3652 se
1779 3593 2061 3651 virtuosi
2100 3591 2400 3651 homines
2451 3589 2533 3648 ad
2583 3589 2867 3646 virtutes
2918 3603 3227 3648 coercere
3276 3585 3629 3645 contende-

545 3707 723 3776 runt,
753 3708 819 3761 et
845 3701 954 3760 vix
985 3715 1101 3759 eas
1127 3698 1445 3774 perficere
1479 3702 1860 3773 potuerunt,
1898 3716 1980 3756 ne
2010 3701 2317 3773 pereant,
2356 3694 2420 3752 in
2454 3692 2648 3752 laude
2693 3692 2975 3767 scilicet,
3012 3707 3093 3751 ne
3130 3692 3322 3752 laude
3356 3690 3628 3751 careant

547 3823 777 3868 coram
809 3806 941 3867 Deo
975 3813 1042 3866 et
1078 3804 1483 3878 hominibuS‚

644 3916 1058 3992 Colleqerunt
1093 3930 1264 3990 er90,
1303 3911 1366 3970 id
1402 3917 1506 3969 est
1539 3910 1859 3969 notabant
1884 3916 1951 3968 et
1985 3908 2419 3968 reservabant
2446 3907 2960 3967 constrictiones
2995 3906 3186 3978 istaS,
3224 3912 3283 3963 et
3323 3904 3632 3980 impleve-

547 4028 708 4083 runt
758 4021 1103 4080 duodecim
1152 4022 1455 4096 cophinos
1504 4019 2013 4095 faymentorum,
2052 4015 2366 4074 videlicet
2411 4013 2837 4088 perfecerunt
2890 4014 2957 4071 et
3012 4011 3094 4071 ad
3152 4009 3631 4086 plenitudinem

550 4130 1122 4190 sacramentorum
1171 4126 1624 4203 perduxerunt
1656 4125 1886 4183 decem
1921 4125 2196 4196 talenta,
2232 4127 2299 4181 et
2330 4121 2461 4181 duo
2506 4121 2570 4177 in
2605 4119 2914 4178 fidelibus
2948 4119 3163 4177 servis
3199 4118 3445 4192 quibus
3477 4115 3633 4176 data

549 4238 707 4294 sunt
754 4233 1111 4306 praecepta
1142 4230 1337 4305 Legis
1373 4235 1440 4289 et
1470 4229 1811 4305 Evangelii
1844 4227 2230 4303 adimplere,
2267 4243 2436 4301 quae
2486 4226 2617 4284 sibi
2653 4241 2769 4298 per
2818 4224 3251 4300 implexiones
3285 4220 3635 4296 mysterio·-

552 4353 702 4397 rum
735 4337 1116 4411 cohaerent,
1155 4353 1306 4396 cum
1344 4337 1408 4395 in
1445 4334 1837 4410 fragmentis
1870 4333 2258 4410 passionum
2293 4338 2359 4390 et
2392 4330 2947 4389 constrictionum
2983 4345 3055 4387 se
3089 4327 3320 4387 fideles
3356 4328 3451 4387 ita
3483 4343 3635 4386 con-

551 4439 912 4514 stringunt,
950 4442 1021 4499 ut
1051 4439 1217 4498 nihil
1266 4440 1350 4498 ab
1384 4439 1482 4498 eis
1517 4437 1918 4514 negligatur,
1955 4455 2039 4494 eae
2072 4438 2364 4512 quinque
2396 4433 2678 4510 panibus
2714 4432 3089 4491 hordeaceis
3100 4473 3117 4501 ,
3154 4446 3304 4490 cum
3341 4430 3634 4505 quinque

553 4550 867 4609 sensibus
902 4550 1045 4609 suis
1080 4549 1591 4609 constrictiones
1643 4546 2050 4606 fortissimae
2098 4541 2552 4617 depressionis
2610 4541 2737 4600 sibi
2772 4541 3004 4600 fideles
3051 4542 3420 4617 imponunt,
3468 4558 3634 4618 quae

553 4657 1031 4733 superfuerunt
1071 4655 1138 4713 in
1184 4653 1589 4715 abundantia
1637 4648 2160 4721 constrictioniS‚
2212 4649 2311 4706 his
2360 4648 2473 4722 qui
2521 4646 3117 4722 manducaverant,
3162 4646 3476 4706 videlicet
3523 4644 3637 4720 qui

555 4777 801 4837 corpus
851 4777 1045 4820 suum
1102 4761 1167 4820 in
1218 4760 1610 4819 servitutem
1669 4758 2090 4832 redegerunt,
2142 4762 2210 4813 et
2258 4769 2526 4812 carnem
2575 4770 2766 4812 suam
2822 4770 2970 4813 cum
3010 4755 3194 4814 vitiis
3227 4757 3294 4814 et
3325 4752 3635 4827 concupi-

559 4870 839 4931 scentiis
888 4869 1378 4941 crucifixerunt,
1415 4883 1566 4925 cum
1604 4866 2005 4925 intrinsecus
2043 4864 2108 4922 in
2151 4864 2464 4924 cordibus
2499 4864 2641 4922 suis
2690 4864 2936 4922 multas
2972 4866 3321 4939 passiones
3355 4865 3644 4924 sustine-

566 4982 732 5039 rent.

653 5086 764 5145 mi
800 5105 947 5160 erue
978 5088 1293 5150 limnines.
1347 5082 1461 5157 qui
1521 5081 1879 5141 humanum
1939 5080 2348 5139 intellectum
2398 5077 2815 5150 dimiserant,
2867 5085 2932 5137 ct
2983 5078 3063 5138 ad
3120 5079 3415 5139 divinum
3467 5096 3539 5137 sc
3580 5080 3642 5136 in
