4036 6117
681 470 812 554 {24
1832 508 1883 552 s
1948 484 2503 554 n1LoEeAnbis

608 630 859 707 quitur,
897 628 1211 705 quoniam
1246 643 1396 687 cum
1435 627 1739 687 homines
1777 627 2014 686 vitium
2051 627 2211 687 illud
2247 627 2622 700 dilexerint,
2662 625 2743 685 ad
2780 625 3239 686 infidelitatem
3290 604 3708 704 pervenient,-

605 734 702 794 1ta
737 733 913 810 quod
947 733 1154 792 Deum
1189 732 1544 807 negabunt.
1581 731 1762 802 Quae
1796 732 1981 790 velut
2018 730 2297 792 formam
2336 731 2648 804 hominis,
2686 736 2961 804 excepto
2995 730 3237 806 capite,
3278 730 3499 803 habet,
3547 732 3709 806 quia

607 836 816 896 Deum
854 853 1003 896 esse
1039 837 1188 910 scit,
1228 852 1422 911 quem
1461 838 1684 895 tamen
1716 834 1911 908 digne
1946 834 2167 894 colere
2203 839 2493 908 recusat,
2532 834 2842 910 quoniam
2881 833 2948 892 in
2982 832 3463 894 transformata
3496 832 3578 891 ad
3614 833 3713 891 in-'

607 944 1080 1004 credulitatem
1114 950 1358 1017 mente,
1411 945 1593 1002 recta
1630 941 2004 1017 inceptione
2052 947 2260 1014 caret,
2313 941 2446 1017 qua
2478 940 2687 1000 Deum
2719 956 2841 1016 per
2874 939 3068 999 fidem
3118 944 3503 1014 cognoscat.
3554 939 3634 997 Et
3668 953 3713 996 a

608 1048 893 1123 genibus
927 1063 1142 1122 usque
1176 1047 1257 1106 ad
1294 1048 1557 1123 plantas
1592 1044 1953 1121 praedictis
1988 1041 2285 1104 tenebris
2337 1043 2534 1103 infixa
2580 1049 2707 1118 est,
2758 1045 2917 1120 quia
2951 1060 3073 1103 nec
3106 1060 3179 1102 se
3232 1043 3586 1103 flexibilem
3623 1042 3709 1103 ad

607 1171 840 1216 veram
877 1154 1095 1229 fidem,
1132 1170 1253 1213 nec
1288 1165 1359 1213 se
1396 1155 1460 1213 in
1493 1168 1654 1212 vera
1687 1152 1815 1214 fide
1864 1151 2282 1227 gradientem
2329 1151 2642 1225 ostendit,
2694 1150 2811 1210 sed
2847 1153 2913 1209 in
2944 1150 3241 1210 tenebris
3291 1148 3712 1208 infidelitatis

611 1258 1023 1320 immobilem
1056 1261 1433 1316 manentem
1470 1273 1542 1315 se
1574 1256 1983 1331 manifestat,
2022 1271 2175 1316 cum
2206 1254 2413 1314 Deum
2452 1254 2519 1313 in
2550 1254 2756 1314 verbo
2790 1257 2859 1314 et
2892 1255 2958 1314 in
2992 1255 3193 1329 opere
3228 1254 3494 1330 penitus
3524 1253 3716 1327 igno-³

610 1367 737 1421 rat.
773 1361 935 1424 Nam
977 1361 1040 1419 in
1088 1360 1305 1435 capite
1339 1359 1485 1435 ejus
1519 1359 1701 1419 nulla
1735 1360 1866 1419 alia
1902 1358 2117 1420 forma
2152 1362 2453 1434 apparet,
2506 1361 2773 1432 praeter
2804 1356 2983 1433 quod
3016 1357 3231 1416 oculis
3280 1353 3703 1430 nigredinem

612 1463 1014 1525 habentibus
1051 1463 1339 1539 undique
1372 1464 1641 1538 plenum
1674 1466 1799 1537 est;
1842 1463 2012 1522 inter
2046 1479 2215 1538 quos
2244 1463 2480 1521 oculus
2513 1471 2710 1536 unuS,
2740 1461 2936 1537 quasi
2974 1460 3040 1519 in
3075 1460 3291 1519 fronte
3328 1460 3545 1535 ipsius
3576 1460 3709 1530 est,

613 1567 729 1643 qui
765 1566 1097 1626 interdum
1132 1567 1316 1626 velut
1348 1566 1592 1624 ardens
1627 1565 1800 1641 ignis
1835 1565 2096 1640 flagrat,
2133 1565 2450 1641 quoniam
2484 1564 2552 1624 in
2584 1569 2806 1624 mente
2844 1563 3058 1638 ipsius
3092 1562 3275 1626 nulla
3324 1561 3709 1638 prudentia,

615 1672 731 1733 sed
767 1672 1052 1734 stultitia
1086 1671 1415 1731 humanae
1450 1672 1771 1731 scientiae
1804 1674 1930 1746 est;
1983 1672 2096 1731 ubi
2147 1671 2534 1748 aspectibus
2570 1671 2913 1731 interioris
2960 1669 3348 1729 intentionis
3384 1668 3552 1743 eJuS,
3588 1684 3714 1743 per

611 1775 1072 1836 infidelitatem
1105 1776 1663 1852 nigrescentibuS,
1701 1776 2180 1851 plenitudinem
2219 1775 2709 1837 incredulitatis
2743 1774 3021 1851 profert;
3064 1783 3215 1834 cum
3257 1774 3549 1849 undique
3584 1773 3717 1832 cir-

610 1881 1134 1956 cumspiciendO,
1171 1881 1396 1940 omnia
1429 1881 1845 1944 infidelitatis
1879 1897 2087 1956 opera
2135 1880 2218 1941 ad
2268 1897 2341 1940 se
2393 1881 2625 1956 trahit,
2678 1883 2745 1940 et
2779 1896 2932 1940 cum
2969 1880 3327 1940 luminaria
3376 1879 3717 1939 veraciter

612 1981 901 2043 videntis
948 1984 1261 2043 veritatis
1310 1978 1725 2060 negligenter
1776 1985 2054 2060 respuit.
2105 1985 2271 2044 Nam
2321 1983 2621 2043 infideles
2672 1981 2978 2043 homines
3027 1982 3496 2043 rectitudinem
3556 1982 3711 2042 fidei

611 2088 957 2154 multoties
993 2103 1066 2147 se
1099 2087 1346 2148 habere
1393 2088 1649 2163 dicunt,
1702 2105 1857 2149 cum
1906 2089 2099 2149 actus
2151 2089 2453 2164 ipsorum
2501 2087 2684 2147 omni
2729 2087 3177 2163 perversitate
3212 2084 3595 2147 dolositatis
3645 2103 3717 2146 a-

614 2194 929 2255 bundent.
963 2194 1146 2255 Unde
1182 2194 1354 2256 inter
1385 2209 1631 2268 pravas
1667 2193 2071 2253 intentiones
2106 2209 2287 2263 suaa
2317 2189 2486 2268 quas
2516 2192 2642 2266 ipsi
2679 2192 2746 2251 in
2779 2191 3116 2251 mentibus
3150 2191 3295 2256 suis
3329 2191 3549 2250 celare
3582 2206 3717 2249 non

613 2303 920 2374 possunt,
960 2298 1391 2357 intentionem
1423 2312 1625 2355 unam
1661 2296 1727 2355 in
1758 2297 2162 2371 apertiorem
2194 2295 2645 2355 ostensionem
2689 2294 3046 2370 aliquando
3079 2294 3274 2368 quasi
3323 2292 3608 2352 lucentis
3643 2291 3721 2350 fia

613 2406 719 2464 dei
749 2405 1020 2479 ponunt,
1049 2402 1163 2462 ubi
1191 2401 1648 2461 infidelitatem
1681 2408 1872 2460 suam
1906 2403 2024 2475 per
2057 2401 2386 2460 elementa
2412 2401 2479 2459 et
2512 2415 2631 2474 per
2664 2398 3015 2459 stellarum
3047 2397 3527 2472 dispositiones
3560 2412 3721 2455 con-

617 2491 907 2580 firmant,
945 2505 1098 2566 cum
1134 2506 1200 2566 in
1236 2506 1387 2566 illas
1422 2521 1610 2580 spem
1647 2520 1833 2564 suam
1867 2504 2127 2581 decepti
2162 2504 2395 2579 figunt,
2450 2504 2517 2561 in
2566 2503 2810 2579 quibus
2845 2504 3069 2568 tamen
3102 2503 3357 2562 nullam
3405 2501 3717 2561 fiduciam

615 2607 1073 2684 beatitudiniS,
1103 2625 1224 2669 nec
1258 2609 1464 2668 ullam
1492 2609 1708 2668 lucem
1734 2607 1912 2668 vitae
1945 2607 2511 2683 comprehendere
2544 2608 2877 2681 poterunt.
2908 2604 3095 2676 Quod
3122 2605 3345 2664 autem
3375 2602 3717 2664 dexteram

617 2727 885 2776 manum
921 2713 1004 2773 ad
1039 2719 1272 2788 pectus
1307 2729 1504 2772 suum
1539 2713 1900 2787 componit,
1937 2714 2003 2771 et
2036 2711 2214 2788 quod
2249 2711 2315 2771 in
2350 2711 2628 2771 sinistra
2660 2709 2980 2770 baculum
3014 2712 3214 2785 tenet,
3246 2708 3372 2771 hoc
3404 2715 3507 2769 est
3538 2709 3719 2785 quod

617 2821 920 2896 perversi
955 2818 1281 2893 homineS‚
1317 2818 1780 2878 infidelitatem
1815 2817 2140 2892 amantes,
2181 2819 2249 2878 in
2281 2817 2473 2878 bonis
2509 2819 2575 2877 et
2613 2817 2679 2876 in
2711 2817 2962 2876 sanctis
2998 2815 3315 2890 operibus
3350 2814 3720 2876 secundum

620 2921 1197 2998 concupiscentias
1247 2923 1473 2983 cordis
1521 2922 1630 2992 sui
1680 2922 1879 2982 otiosi
1928 2921 2105 2995 s'unt3
2157 2927 2225 2981 et
2258 2921 2438 2997 quod
2488 2921 2556 2980 in
2590 2920 2790 2980 malis
2839 2918 3101 2979 actibus
3134 2931 3376 2979 vanam
3409 2917 3725 2977 fiduciam

618 3007 887 3103 habent;
927 3027 992 3087 in
1028 3029 1158 3103 qua
1189 3025 1400 3089 Deum
1436 3026 1503 3086 in
1534 3025 1708 3087 duas
1744 3031 1974 3101 partes
2023 3025 2352 3100 dividunt,
2405 3029 2555 3085 cum
2590 3031 2744 3085 eum
2776 3040 2897 3100 per
2931 3011 3317 3101 superiores
3349 3024 3416 3084 et
3449 3022 3723 3083 inferio⁴

617 3149 729 3193 res
764 3136 1116 3195 creaturas
1163 3133 1232 3193 in
1279 3114 1630 3191 elementis
1681 3130 2035 3205 rimantur,
2088 3130 2343 3190 nullam
2384 3119 2739 3190 veritatem
2786 3130 2966 3190 vitae
2998 3132 3319 3190 tenentes.
3357 3128 3449 3187 Ac
3480 3126 3721 3187 eadem

614 3237 839 3311 imago
874 3236 1150 3311 pallium
1184 3236 1358 3311 nigri
1392 3235 1639 3297 coloris
1673 3235 1802 3294 sibi
1852 3235 2319 3309 circumponit,
2372 3231 2531 3309 quia
2567 3249 2721 3292 cum
2771 3232 3164 3308 deceptione
3212 3230 3722 3291 tenebrositatis

633 3340 1124 3401 'diabolicarum
1170 3340 1417 3402 artium
1467 3350 1540 3398 ‘se
1583 3336 1799 3414 inagis
1833 3326 2150 3413 defendit,
2179 3336 2378 3415 qua‘m
2414 3338 2676 3398 beatam
2710 3337 2919 3396 vitam
2953 3352 3022 3396 se
3056 3334 3303 3395 habere
3336 3333 3720 3409 contendat,

620 3443 1181 3519 quemadmodum
1213 3444 1413 3503 etiam
1453 3444 1517 3502 in
1550 3443 1884 3503 locutione
1920 3459 2043 3502 sua
2077 3440 2391 3517 superius
2425 3441 2858 3501 demonstrat.
2890 3440 3071 3512 QUae
3104 3445 3225 3517 per
3258 3439 3452 3498 fldem
3491 3437 3721 3497 redar-

625 3548 875 3623 guitur,
910 3553 978 3607 et
1025 3546 1326 3607 homines
1362 3551 1434 3607 ut
1466 3563 1586 3623 per
1612 3562 1844 3606 verum
1894 3547 2243 3620 speculum
2292 3546 2604 3620 puritatis
2639 3544 2721 3605 ad
2769 3545 2976 3604 Deum
3012 3543 3309 3618 tendant,
3362 3544 3723 3603 admonen-

623 3658 770 3723 tur,
824 3650 998 3711 sicut
1045 3650 1250 3709 etiam
1299 3655 1368 3710 et
1415 3665 1535 3724 per
1581 3649 1864 3709 Paulum
1914 3649 2346 3723 Apostolum,
2407 3649 2883 3724 exhortantur,
2944 3646 3504 3724 quemadmodum
3554 3647 3728 3705 scri-

626 3760 815 3827 ptum
850 3759 972 3813 est:

1661 4150 2008 4252 zipostolus
2056 4176 2129 4233 in
2180 4174 2479 4233 eamdem
2528 4174 2688 4232 rein.

719 4372 822 4443 49.
861 4368 1264 4445 Accedamus
1298 4400 1449 4442 vero
1484 4380 1674 4443 corde
1707 4384 1778 4441 in
1808 4380 2240 4459 plenitudine
2275 4380 2451 4461 fidei,
2491 4383 2747 4459 aspersi
2781 4380 2978 4441 corda
3007 4380 3048 4439 ἀ
3080 4380 3485 4440 conscientia
3514 4378 3719 4463 malq,

628 4495 688 4548 et
722 4488 930 4547 abluti
965 4506 1198 4566 corpus
1232 4506 1404 4564 aqua
1435 4487 1714 4556 munda,
1751 4492 2095 4546 teneamus
2130 4488 2270 4563 spei
2310 4494 2573 4544 nostrae
2616 4487 3100 4562 confessionem
3147 4482 3716 4543 indeclinabilem.

628 4591 879 4652 Fidelis
913 4599 1006 4652 est
1043 4596 1223 4651 enim
1255 4594 1368 4668 qui
1404 4594 1805 4668 repromisit.
1844 4591 2052 4667 Cujus
2087 4606 2324 4650 sensus
2363 4591 2517 4650 talis
2553 4596 2675 4650 est.
2718 4591 2849 4650 Per
2884 4588 3404 4649 admonitionem
3439 4587 3730 4663 Spiritus

626 4702 872 4776 Sancti,
911 4700 1306 4761 accedamus
1342 4701 1422 4761 ad
1459 4704 1788 4761 summam
1822 4700 2304 4760 beatitudinem
2336 4694 2566 4759 veraci
2604 4699 2994 4773 intentione,
3046 4699 3113 4757 et
3161 4713 3310 4757 cum
3350 4711 3516 4771 pace
3553 4696 3727 4754 bona

625 4800 1049 4878 incipian'mS,
1087 4810 1153 4863 et
1186 4819 1265 4863 ea
1298 4808 1451 4863 cum
1486 4804 1731 4878 pietate
1765 4804 2214 4878 perficiamus;
2253 4803 2568 4880 quoniam
2606 4803 2668 4860 in
2704 4817 2887 4877 pace,
2945 4801 3239 4861 fraterna
3288 4798 3585 4858 charitas
3619 4814 3727 4856 ar·-

628 4909 762 4981 det,
800 4910 866 4967 et
901 4909 1113 4982 pietas
1145 4908 1352 4968 Deum
1390 4907 1730 4981 imitando,
1768 4907 1850 4967 ad
1887 4908 2110 4967 omnia
2145 4904 2523 4967 necessaria
2557 4905 2846 4966 hominis
2881 4904 3148 4980 aspicit.
3199 4904 3279 4963 Et
3329 4904 3427 4962 sic
3461 4903 3527 4960 in
3560 4918 3732 4977 pura

629 5018 696 5075 et
731 5015 796 5072 in
830 5009 1115 5090 simplici
1151 5014 1562 5090 perfectione
1611 5031 1811 5073 verae
1862 5014 2010 5073 fidei
2054 5014 2277 5073 cordis
2311 5014 2550 5087 nostri,
2595 5018 2662 5072 et
2695 5030 2825 5072 non
2862 5013 2924 5071 in
2962 5011 3254 5086 maligna
3300 5008 3727 5084 duplicitate,

633 5136 749 5195 per
784 5136 982 5195 quam
1021 5119 1217 5178 homo
1253 5119 1612 5177 secundum
1665 5120 2145 5194 proprietatem
2188 5119 2553 5189 voluntatis
2587 5134 2769 5189 suae,
2806 5116 2987 5176 aliud
3025 5117 3150 5176 sibi
3189 5115 3399 5190 eligit,
3444 5115 3513 5174 et
3544 5111 3731 5173 aliud
