4036 6117
685 387 815 449 256
1831 406 1883 452 s.
1945 403 2487 454 num-:oAnnts

702 524 785 583 Et
835 525 1166 582 intrantes
1214 520 1503 596 domum,
1544 522 1804 583 scilicet
1854 525 2068 600 legem
2106 524 2554 599 rectitudiniS,
2604 525 3009 584 invenerunt
3037 543 3353 601 puerum,
3391 523 3697 586 videlicet

614 626 1093 701 innocentiam,
1146 645 1296 686 cum
1333 628 1566 701 Maria,
1606 627 1670 687 id
1719 634 1827 687 est
1873 628 2284 703 virginitate,
2335 635 2488 688 ante
2539 629 2603 688 in
2636 628 2994 704 disciplina
3040 628 3260 704 LegiS,
3298 645 3471 705 quae
3516 644 3699 707 prae·

608 730 1011 792 monstravit
1059 730 1583 790 incarnationem
1634 731 1908 804 Christi,
1958 738 2170 791 matre
2205 729 2368 806 ejus,
2421 732 2735 792 videlicet
2785 732 3185 809 innocentia,
3238 733 3397 809 quia
3429 733 3698 809 virgini·

610 843 717 897 tas
772 834 1032 912 profert
1079 835 1551 907 innocentiam,
1602 851 1802 910 quam
1853 835 2016 895 Cain
2066 835 2356 910 perdidit
2406 835 2470 894 in
2519 834 2842 894 effusione
2891 838 3238 911 sanguinis
3289 836 3520 896 fratris
3569 836 3695 908 sui;

611 939 787 999 unde
835 943 1071 1014 postea
1119 938 1438 996 innocens
1476 937 1784 997 Christus
1831 938 1914 997 ad
1966 937 2325 997 salvandos
2371 938 2659 1013 populos
2702 938 3015 999 surrexit.
3067 939 3147 999 Et
3179 939 3601 1016 procidentes
3634 938 3699 998 in

606 1044 1063 1119 experimento
1099 1041 1272 1115 fidei,
1308 1042 1751 1101 adoraverunt
1785 1060 1937 1100 eum
1970 1042 2431 1116 cognoscendo
2466 1042 2674 1101 Deum
2708 1046 2774 1101 in
2808 1043 3112 1102 veritate.
3152 1044 3233 1103 Et
3280 1045 3530 1119 apertis
3566 1046 3700 1103 the-

608 1150 823 1207 sauris
859 1149 1018 1220 suis,
1064 1145 1321 1205 scilicet
1352 1145 1704 1205 desideriis
1738 1147 1903 1219 suiS,
1940 1145 2317 1205 obtulerunt
2353 1148 2437 1220 ei,
2476 1145 2540 1205 id
2574 1152 2679 1206 est
2711 1147 2998 1207 orationi
3049 1163 3198 1206 oum
3238 1162 3358 1221 spe
3394 1147 3703 1206 insisten-

614 1253 725 1326 do,
759 1268 1067 1324 munera,
1105 1266 1177 1309 se
1212 1250 1749 1325 constringentes
1788 1250 1853 1308 in
1886 1266 2115 1309 amore
2148 1250 2265 1309 Dei
2298 1266 2446 1309 cum
2484 1250 2815 1310 sacrificio
2851 1250 3246 1312 holocausti.

702 1357 783 1419 Et
817 1370 1126 1431 responso
1168 1360 1429 1430 accepto
1462 1369 1580 1429 per
1615 1354 1981 1414 salutarem
2018 1354 2528 1429 inspirationem
2558 1354 2624 1412 in
2653 1355 2798 1431 ipso
2830 1354 3190 1429 desiderio,
3226 1358 3300 1413 in
3333 1355 3599 1426 somnis,
3635 1351 3699 1410 id

607 1464 715 1519 est
747 1459 815 1518 in
847 1458 1084 1518 umbra
1117 1457 1528 1534 prophetiae,
1566 1477 1647 1517 ne
1683 1459 1982 1517 redirent
2022 1464 2202 1517 retro
2237 1458 2322 1517 ad
2356 1459 2706 1532 Herodem,
2744 1459 3004 1519 scilicet
3036 1459 3118 1520 ad
3156 1459 3489 1519 haeresim
3531 1473 3703 1534 quae

609 1580 650 1621 a
683 1562 958 1622 Diabolo
1007 1563 1210 1636 venit,
1241 1581 1366 1639 per
1413 1563 1619 1621 aliam
1651 1565 1863 1636 viam,
1913 1561 2229 1621 videlicet
2259 1577 2380 1639 per
2427 1560 2635 1621 Deum
2669 1578 2902 1622 verum
2926 1610 2942 1638 ,
2979 1562 3138 1639 quia
3171 1545 3361 1639 prius
3397 1562 3703 1623 fallacem

607 1671 677 1724 et
709 1672 1048 1726 mortuum
1095 1666 1463 1740 coluerant,
1500 1668 1749 1725 reversi
1798 1671 1975 1740 sunt,
2013 1665 2096 1725 ad
2146 1680 2216 1725 se
2252 1665 2629 1741 redeunteS,
2666 1668 2738 1725 in
2771 1668 3102 1741 reqionem
3138 1684 3349 1741 suam,
3388 1665 3454 1724 in
3489 1665 3701 1741 optio·-

612 1783 760 1828 nem
801 1769 1117 1830 coelestis
1151 1768 1453 1843 praemii.

2113 1996 2190 2057 11.

1951 2221 2099 2281 Alio
2145 2221 2352 2280 mod0.

696 2446 862 2508 Cum
910 2450 1108 2505 natus
1158 2450 1322 2504 esset
1377 2443 1442 2503 in
1490 2445 1849 2520 gemitibus
1899 2450 1966 2504 et
2014 2445 2313 2504 lacrimis
2362 2445 2590 2519 Jesus,
2643 2442 2759 2522 qui
2806 2444 3116 2506 Salvator
3165 2445 3391 2507 mundi
3440 2453 3568 2523 est,
3619 2449 3692 2507 in

608 2550 1017 2624 Bethlehem,
1072 2550 1136 2609 id
1185 2555 1290 2609 est
1341 2550 1406 2609 in
1452 2551 1862 2626 poenitentia
1909 2550 2199 2610 hominis
2249 2551 2498 2625 hidae,
2552 2551 2666 2626 qui
2714 2557 2988 2626 peccata
3038 2569 3158 2611 sua
3207 2553 3583 2626 confitetur,
3620 2556 3692 2612 in

607 2656 861 2730 diebus,
914 2656 1172 2715 scilicet
1207 2656 1273 2715 in
1321 2655 1736 2733 temporibus
1772 2655 2051 2714 Herodis
2100 2657 2292 2733 reyis,
2330 2655 2591 2715 scilicet
2627 2656 3080 2731 suggestionis
3111 2657 3396 2732 Diaboli,
3434 2658 3549 2733 qui
3584 2656 3699 2716 ho-

606 2762 824 2820 mines
874 2758 955 2819 ad
990 2761 1201 2819 malos
1251 2775 1475 2818 mores
1508 2759 1715 2833 ducit,
1767 2760 1883 2835 qui
1927 2760 2053 2836 ipsi
2104 2765 2169 2818 et
2204 2760 2468 2835 pompis
2517 2759 2662 2835 ejus
2698 2761 3010 2835 militant,
3062 2781 3207 2823 ecce
3247 2764 3441 2840 Μαρί,
3495 2762 3560 2821 id
3593 2768 3694 2822 est

606 2864 900 2939 cognitio
947 2862 1087 2937 Dei,
1127 2863 1238 2922 ubi
1288 2862 1487 2922 homo
1523 2862 1605 2922 ad
1653 2862 1860 2922 Deum
1909 2864 2357 2937 convertitur,
2409 2862 2484 2921 ab
2520 2863 2826 2937 Oriente,
2886 2864 3198 2924 videlicet
3231 2865 3314 2924 ab
3363 2872 3516 2925 ortu
3552 2880 3696 2940 gra-

601 2967 738 3027 tiae
769 2967 909 3041 Dei,
945 2973 1270 3025 venerunt
1306 2967 1371 3024 in
1406 2966 1693 3041 spiritali
1727 2965 1969 3041 gaudio
2005 2967 2560 3043 Hierosolymam,
2599 2966 2859 3026 scilicet
2895 2967 2961 3027 in
2994 2968 3254 3033 visione
3290 2971 3500 3045 paciS,
3539 2971 3691 3048 quia

598 3074 777 3134 Deus
824 3073 1272 3150 poenitentem
1308 3071 1642 3132 hominem
1692 3072 2013 3148 suscepit,
2051 3072 2371 3132 dicentes:
2415 3070 2529 3131 Ubi
2577 3078 2669 3131 est
2708 3071 2776 3130 in
2808 3072 3028 3146 gratia
3063 3090 3181 3133 sua
3214 3077 3330 3152 qui
3363 3081 3564 3134 natus
3598 3081 3691 3135 est

598 3195 721 3254 per
751 3178 921 3238 dona
970 3193 1093 3236 sua
1125 3176 1193 3235 in
1224 3175 1632 3252 poenitentia
1667 3174 1980 3249 hominis,
2027 3195 2148 3234 rex
2184 3174 2622 3235 Judaeorum‘?
2655 3175 2813 3251 quia
2843 3174 3019 3235 Deus
3055 3182 3289 3251 potens
3323 3182 3429 3236 est
3462 3193 3692 3253 pecca-

602 3291 669 3342 ta
704 3283 1040 3342 dimittere
1089 3281 1221 3341 illis
1255 3282 1369 3357 qui
1403 3297 1482 3341 ea
1516 3281 1933 3340 confitentur.
1979 3281 2274 3340 Vidimus
2309 3282 2510 3354 enim,
2549 3280 2707 3354 quia
2754 3281 3007 3356 experti
3044 3298 3303 3357 sumuS‚
3350 3283 3612 3342 stellam
3641 3277 3684 3361 ¹)

598 3382 769 3460 ejus,
808 3384 1067 3444 scilicet
1115 3385 1357 3444 bonum
1394 3401 1726 3444 rumorem
1765 3388 1833 3444 in
1861 3383 2166 3458 Oriente,
2222 3386 2287 3443 in
2320 3390 2471 3443 ortu
2520 3384 2777 3458 gratiae
2824 3385 3303 3445 miraculorum
3355 3385 3591 3462 ipsiuS,
3628 3392 3685 3444 et

603 3489 906 3546 venimus
957 3487 1025 3546 in
1070 3486 1242 3546 bona
1294 3487 1657 3547 intentione
1701 3471 1980 3548 ador'are
2034 3478 2214 3558 e'um,
2268 3487 2332 3547 id
2382 3492 2487 3547 est
2535 3487 2889 3547 ostendere
2924 3489 3110 3548 illum
3163 3489 3378 3565 quiin
3426 3488 3691 3550 homine

603 3597 957 3669 peccatore
991 3591 1155 3650 haec
1189 3597 1525 3666 operatur.

692 3695 988 3756 Audiens
1036 3700 1281 3770 autem,
1322 3694 1385 3754 id
1425 3698 1533 3755 est
1565 3696 1945 3771 intelligens
1979 3696 2269 3756 Herodes
2301 3717 2447 3771 rex,
2486 3697 2746 3756 scilicet
2780 3699 3121 3773 suggestio
3155 3698 3438 3771 Diaboli,
3475 3698 3590 3773 qui
3625 3696 3688 3756 in

603 3801 953 3876 iniquitate
981 3804 1235 3874 regnat,
1274 3797 1573 3858 turbatus
1599 3806 1696 3858 est
1733 3800 1798 3858 in
1833 3805 2090 3860 terrore
2119 3817 2263 3875 su0,
2293 3807 2353 3858 et
2390 3803 2600 3859 omnis
2630 3802 3104 3879 Hierosolyma,
3134 3802 3446 3861 videlicet
3472 3803 3684 3861 omnis

600 3904 842 3966 fiducia
890 3920 1091 3980 quam
1127 3903 1239 3962 ille
1274 3905 1624 3979 poenitens
1658 3902 1854 3964 homo
1906 3904 1971 3963 in
2020 3905 2244 3980 quiete
2292 3906 2478 3979 pacis
2529 3911 2686 3965 tunc
2736 3904 2981 3965 habere
3015 3904 3323 3981 debebat,
3362 3925 3512 3965 cum
3546 3907 3680 3979 illo,

599 4011 915 4088 quoniam
946 4008 1268 4069 Diabolus
1304 4009 1551 4067 multas
1590 4009 1989 4068 tentationes
2028 4009 2091 4068 in
2126 4009 2533 4085 poenitentia
2568 4026 2689 4069 sua
2724 4009 2785 4069 ei
2821 4009 3042 4071 infert.

686 4119 768 4178 Et
827 4134 1225 4193 conqreyans
1287 4113 1745 4173 fraudulenter
1799 4114 2209 4190 exquirendo
2259 4132 2482 4172 omnes
2532 4117 2917 4192 principa,
2979 4116 3240 4174 scilicet
3295 4115 3675 4191 prophetaS,

594 4221 1038 4292 sacerdotum,
1091 4218 1403 4277 videlicet
1446 4218 1978 4292 evangelicorum
2007 4265 2021 4292 ,
2075 4219 2231 4294 quia
2266 4217 2615 4293 prophetia
2666 4219 3055 4294 praecessit,
3092 4225 3154 4277 et
3206 4218 3446 4279 scribas
3474 4238 3681 4297 popu-

593 4328 668 4400 li,
704 4324 768 4385 id
818 4330 922 4383 est
955 4324 1371 4397 expositores
1422 4326 1487 4383 et
1519 4324 1826 4384 doctores
1878 4324 2194 4398 fidelium,
2248 4323 2703 4383 sciscitabatur
2750 4324 2827 4384 ab
2862 4328 2954 4384 eis
3003 4342 3124 4401 per
3166 4327 3456 4385 astutias
3502 4341 3672 4393 suas

594 4429 704 4490 ubi
743 4430 1037 4491 Christus
1086 4436 1510 4501 nasceretur,
1565 4428 1627 4486 id
1677 4435 1782 4487 est
1829 4428 2161 4504 quomodo
2198 4444 2351 4487 esse
2397 4434 2650 4504 posset,
2689 4435 2761 4488 ut
2809 4435 3125 4504 peccator
3160 4430 3225 4488 in
3272 4429 3676 4506 poenitentia

595 4537 1001 4608 resurgeret,
1039 4531 1232 4607 quasi
1270 4531 1684 4609 impossibile
1717 4539 1922 4607 esset,
1958 4535 2032 4593 ut
2066 4539 2380 4608 peccator
2414 4533 2495 4592 ad
2531 4533 2971 4594 salvationem
3006 4538 3409 4611 resurgeret.

678 4641 758 4701 At
818 4639 955 4713 illi,
1016 4639 1276 4697 scilicet
1333 4639 1645 4698 doctores
1703 4638 2041 4712 veritatiS,
2101 4638 2420 4697 dixerunt
2470 4641 2562 4712 ei,
2617 4638 3098 4715 respondendo:
3151 4640 3232 4699 In
3298 4640 3672 4700 Bethlehem

586 4744 798 4817 Juda,
857 4742 919 4802 id
971 4747 1094 4801 est·
1127 4742 1189 4800 in
1239 4742 1667 4817 poenitentia,
1719 4757 1888 4817 quae
1938 4721 2125 4800 novit
2173 4745 2520 4817 peccatum
2572 4742 2635 4802 in
2702 4742 3079 4803 humilitate
3138 4744 3534 4817 confitendo;
3586 4744 3673 4800 sic

584 4854 767 4912 enim
816 4852 1136 4926 scriptum
1186 4854 1305 4923 est,
1345 4847 1407 4908 id
1457 4853 1560 4907 est
1615 4847 1951 4908 inventum
2003 4864 2121 4922 per
2168 4847 2561 4924 prophetam
2614 4850 2677 4908 in
2717 4850 3199 4910 numerositate
3248 4851 3506 4926 gratiae
3542 4847 3670 4906 Dei:

658 5064 700 5130 ¹)
725 5067 880 5122 stella
918 5066 1037 5122 cod.
