4036 6117
1595 510 2099 556 Ei‘ls‘roLAE.

1171 716 1383 779 Virtus
1432 728 1492 779 et
1546 722 1885 781 celebritas
1935 720 2267 798 sepulchri
2320 718 2525 776 illius,

303 880 708 938 Verumtamen
737 884 1129 941 multimodam

377 954 560 1024 ipsius
585 954 765 1010 Castri
796 956 1031 1023 gloriam

378 1024 560 1092 Longe
589 1026 768 1080 vincit
798 1027 1035 1082 mirifica

374 1095 544 1149 Aedis
571 1103 819 1152 sacratae
847 1097 1083 1161 fabrica,

375 1165 440 1219 ln
468 1181 577 1235 qua
611 1183 821 1238 pauper
847 1173 903 1223 et
930 1170 1120 1231 exitis,

375 1235 480 1290 nte
505 1239 812 1304 quondam,
843 1239 938 1293 sed
965 1242 1222 1296 excelsus

375 1307 495 1363 Iam
524 1308 826 1371 Martinus,
857 1316 913 1364 et
939 1312 1180 1366 celebris

367 1375 502 1430 Tam
534 1380 760 1434 nomine
789 1394 953 1450 quam
982 1382 1209 1452 opibus,

379 1447 624 1504 Pausans
650 1450 798 1505 diem
827 1453 1107 1519 generatis

377 1518 757 1575 Praestotatur
783 1522 1080 1584 anastasis,

377 1588 750 1647 Resumturus
779 1592 899 1648 iilic
926 1593 1124 1657 situm,

377 1658 589 1727 Pignus
615 1677 829 1724 carum,
858 1680 1059 1734 corpus
1086 1680 1270 1720 suum.

375 1728 485 1793 Qui
521 1734 868 1803 paupertatis
897 1736 1154 1806 propriae

376 1797 578 1858 Custos
607 1804 766 1871 vigil,
796 1811 852 1858 et
882 1804 939 1858 in
968 1814 1148 1862 morte

374 1867 512 1927 Cum
540 1876 731 1942 egenis
760 1876 815 1929 in
845 1876 1078 1945 publico

378 1940 507 1999 Sese
530 1945 703 2015 jussit
733 1947 1040 2016 polyandro

379 2011 642 2086 Sepetiri,
676 2032 786 2070 non
818 2016 1048 2084 ignarus

380 2083 444 2137 ln
476 2086 667 2141 tuturo
692 2086 976 2143 divinitus

378 2155 648 2212 Eumdem
678 2159 863 2214 locum
892 2160 965 2214 ob
991 2175 1088 2215 sua

378 2225 821 2284 Gloriticandum
851 2230 1104 2301 pignora.

308 2298 383 2353 Su
427 2315 487 2352 er
512 2316 678 2369 quem
707 2302 905 2356 cellam
937 2302 1204 2373 primitus

422 2385 546 2426 acer
571 2371 858 2427 exstruxit
884 2372 1160 2434 Briccius.

381 2439 633 2496 Venusto
658 2443 885 2513 quidem
916 2461 1103 2515 opere,

377 2511 484 2566 Sed
510 2514 853 2583 quantitatis
881 2515 1150 2570 modicae.

379 2582 450 2636 Et
477 2583 734 2655 pontifex
764 2586 1098 2656 Perpetuus,

378 2653 570 2710 Sancti
599 2657 785 2710 cuttor
851 2656 1170 2728 raecipuuS,

377 2724 486 2790 Qui
517 2742 544 2778 a
576 2726 758 2797 primo
835 2727 1122 2783 uronicam

378 2796 583 2850 Sextus
611 2798 760 2852 rexit
786 2799 1103 2861 ecetesiam,

376 2866 676 2935 Signorum
707 2867 1164 2938 frequentissima

376 2938 745 2994 Considerans
774 2941 1075 3009 magnalia,

377 3009 532 3076 Quae
559 3011 862 3066 manabant
887 3010 1171 3068 divinitus

376 3080 425 3135 A
454 3089 677 3137 mortuo
707 3082 1054 3146 viventibus,

377 3152 486 3208 Nec
516 3170 673 3221 posse
700 3153 845 3209 ferre
874 3155 1157 3210 modicum

376 3222 734 3279 smissuentes
761 3225 1088 3286 sacrarium.

380 3295 442 3349 ln
473 3297 576 3349 hoc
609 3296 814 3366 ipsum,
846 3301 909 3349 ut
937 3296 1241 3357 credimus,

378 3366 426 3420 A
451 3366 693 3422 Domino
716 3365 1054 3423 destinatus.

307 3439 356 3494 A
386 3437 628 3491 transitu
658 3438 780 3508 ejus
808 3452 955 3492 anno

378 3509 592 3574 Quarto
622 3513 679 3562 et
705 3507 1073 3577 sexagesimO,

376 3580 555 3651 Super
580 3593 707 3634 eum
736 3595 862 3648 egre
907 3578 957 3633 ia

377 3650 509 3704 Tem
557 3650 596 3705 ti
626 3649 840 3704 struxit
890 3650 1113 3718 astigia.

378 3723 502 3788 Quo
565 3725 810 3791 quantae
836 3719 1253 3788 magnitudinis

378 3792 656 3847 Extiterit
682 3796 741 3846 et
765 3791 1005 3855 decoris,

381 3862 463 3917 Ex
493 3864 673 3918 retatu
701 3861 973 3918 historiae

378 3934 718 3990 Francorum
753 3937 1074 4005 promptum
1104 3947 1350 3988 noscere.

305 4004 532 4060 Praesul
563 4004 685 4066 Dei,
714 4004 969 4073 angelico

379 4078 624 4133 Juvante
651 4075 999 4136 ministerio,

381 4149 558 4203 Artus
582 4162 788 4210 sacros,
817 4162 886 4201 ex
914 4144 1189 4215 pristinae

379 4219 524 4274 Loco
553 4218 745 4272 levans
769 4217 1114 4288 sepulturae,

380 4288 631 4345 Gemmis
658 4294 716 4343 et
741 4303 877 4343 auro
906 4285 1121 4348 vestiit;

383 4361 454 4415 Et
480 4360 688 4415 celsius
714 4357 1038 4421 collocavit,

383 4431 464 4485 Eo
490 4430 582 4484 die
609 4430 707 4510 qui
737 4444 960 4483 annuus

382 4500 776 4556 ordinationis
802 4501 925 4570 ejus

383 4573 673 4634 Fluxerat,
700 4576 757 4626 et
785 4568 1024 4624 festivus

383 4642 671 4710 Agebatur
696 4643 767 4697 ab
793 4640 1078 4700 omnibus,

384 4712 508 4769 Hoc
537 4729 597 4768 se
624 4713 769 4768 velte
795 4712 909 4767 Deo
937 4710 1116 4780 signis

382 4783 749 4856 Approbante
778 4781 1117 4837 manifestis.

313 4853 449 4910 Nam
477 4870 653 4926 quum
687 4871 784 4926 per
814 4860 924 4909 tres
948 4850 1259 4923 jejunando

385 4926 514 4981 Dies
545 4932 691 4981 totos
717 4931 773 4980 et
801 4926 1032 4984 orando,

1999 891 2351 945 conarentur
2380 887 2687 942 instantius

2000 962 2090 1017 Ab
2122 958 2253 1014 imis
2285 964 2462 1013 terrae
2490 957 2715 1014 sinibus

2001 1031 2210 1086 Eruere
2242 1030 2485 1091 thecam,
2515 1042 2697 1084 sacras

2000 1101 2401 1157 continentem
2431 1099 2723 1168 reliquias,

2002 1173 2064 1226 ld
2093 1188 2203 1224 non
2234 1171 2343 1226 nisi
2419 1175 2580 1224 uarto
2605 1170 2698 1226 die

2003 1244 2320 1298 Potuerunt
2345 1258 2375 1295 e
2437 1256 2581 1296 cere:

1930 1314 2027 1369 Sic
2057 1313 2237 1367 voluit
2262 1310 2516 1382 duplicia

2001 1383 2439 1439 Solemnitatum
2468 1380 2694 1449 gaudia,

2005 1456 2128 1513 Uno
2153 1454 2245 1509 die
2273 1455 2437 1509 dator
2468 1453 2677 1518 largus,

2004 1525 2137 1583 Suis
2164 1523 2417 1580 conferre
2444 1522 2688 1579 civibus.

2003 1596 2185 1652 Auxit
2209 1610 2434 1665 quoque
2460 1594 2642 1650 sancti
2671 1594 2761 1667 pia

2006 1667 2271 1737 Perpetui
2301 1664 2552 1726 solertia,

2005 1738 2170 1793 Hanc
2194 1752 2364 1806 quam
2393 1733 2644 1807 praedixi
2673 1735 2955 1805 geminam

2004 1808 2087 1863 Ex
2121 1808 2284 1862 tertia
2321 1805 2617 1861 laetitiam:

1933 1880 2013 1934 Eo
2039 1878 2132 1933 die
2162 1884 2286 1949 post
2309 1877 2575 1932 dedicans

2002 1950 2183 2016 Quam
2214 1952 2498 2005 struxerat
2526 1946 2844 2011 basilicam,

2002 2020 2067 2074 ln
2095 2020 2305 2076 Christi
2334 2021 2465 2076 Jesu
2494 2017 2744 2082 nomine,

2003 2092 2074 2146 Et
2102 2090 2335 2146 Martini
2365 2089 2471 2145 sub
2498 2091 2729 2145 honore.

2003 2161 2130 2227 Quo
2159 2162 2370 2218 factum
2397 2164 2574 2216 estut
2602 2160 2787 2216 fidelis

2007 2234 2272 2289 Summae
2299 2233 2483 2288 cultor
2508 2229 2813 2287 Trinitatis

2005 2303 2130 2359 Uno
2156 2305 2247 2359 die
2275 2302 2418 2358 festo
2450 2301 2599 2356 trino

2005 2374 2311 2431 Excolatur
2336 2390 2365 2428 a
2393 2390 2463 2445 po
2506 2374 2617 2427 utu.

1935 2445 2109 2501 Cu'us
2137 2445 2405 2501 basiticae
2430 2461 2459 2499 c
2486 2458 2644 2497 arum

2062 2532 2164 2588 pus
2192 2516 2355 2572 stetit
2384 2514 2803 2578 inconcussum,

2006 2589 2197 2657 Usque
2225 2586 2292 2641 ad
2321 2585 2503 2642 sancti
2535 2590 2782 2657 tempora

2005 2658 2215 2714 Hervei
2252 2656 2598 2713 felicissima:

2003 2729 2115 2795 Qui
2145 2746 2213 2784 ex
2239 2730 2578 2784 Francorum
2609 2732 2908 2782 stemmate

2004 2798 2163 2854 Clara
2192 2805 2347 2855 satus
2372 2798 2614 2866 origine,

2002 2869 2138 2925 Tam
2168 2869 2390 2925 meritis
2415 2884 2586 2951 quam
2612 2866 2819 2939 opibus

2003 2942 2195 3003 Dives,
2224 2940 2509 3003 sublimis,
2541 2940 2656 2996 incl
2702 2944 2815 3002 tus,

2002 3013 2102 3078 Ut,
2133 3011 2355 3068 favente
2382 3011 2629 3075 Christo.
2683 3017 2843 3067 actus

2008 3085 2109 3139 Est
2137 3084 2386 3153 ejusdcm
2415 3083 2769 3139 archiclavus

2007 3155 2302 3216 Basilicae,
2326 3154 2548 3224 jactans
2575 3170 2740 3209 suum

2007 3226 2076 3280 ln
2104 3224 2343 3279 Domino
2369 3224 2705 3293 cogitatum,

2007 3295 2300 3351 Finitimis
2328 3295 2688 3367 principibus

2006 3367 2078 3423 Se
2105 3366 2365 3420 certatim
2391 3364 2754 3437 juvantibus,

2007 3436 2253 3493 Semotis
2277 3453 2502 3507 quoque
2530 3436 2774 3509 plurima

2005 3506 2375 3563 Mittentibus
2406 3506 2715 3577 impendia.

2005 3578 2292 3633 lucarnati
2322 3595 2392 3633 ex
2418 3579 2659 3648 Virgine

2003 3649 2111 3703 Pro
2141 3649 2468 3705 redimendo
2496 3648 2728 3704 homine

2008 3720 2175 3775 Anno
2204 3720 2380 3775 Verbi
2412 3719 2718 3777 millesimo

2004 3790 2142 3845 Plus
2171 3791 2290 3846 sive
2321 3791 2512 3847 minus
2541 3791 2737 3853 tertio,

1997 3860 2049 3917 A
2079 3861 2470 3919 fundamentis
2494 3867 2726 3918 erutum

1999 3931 2161 4003 Opus
2189 3932 2337 3988 idem
2364 3939 2423 3990 et
2449 3937 2818 3991 restructum.

2004 4002 2086 4057 Eo
2112 4018 2226 4073 quo
2252 4003 2400 4059 nitet
2425 4002 2616 4066 hodie,

2008 4073 2182 4128 Fastu
2208 4074 2469 4143 provexit
2492 4073 2723 4143 gloriae:

2009 4143 2171 4199 Licet
2197 4143 2277 4200 ibi
2308 4145 2427 4200 sint
2452 4144 2699 4217 plurima

2008 4213 2337 4272 Modernius
2366 4216 2655 4279 innovata,

2009 4283 2276 4343 Studiose
2302 4287 2631 4349 sublimata,

2005 4353 2212 4435 sl'otius
2241 4357 2439 4442 tempti
2470 4356 2754 4413 machina.

1939 4423 2053 4492 Hic
2081 4427 2282 4490 erutis,
2312 4431 2407 4485 hic
2433 4428 2722 4485 stantibus

2009 4497 2417 4556 Fundamentis
2445 4498 2754 4571 prioribus·

2009 4566 2240 4639 Semper
2268 4585 2471 4639 augere
2498 4569 2726 4627 civibus

2010 4639 2191 4696 Decus
2221 4641 2328 4696 loci
2358 4640 2731 4697 ferventibus

2010 4708 2083 4762 Et
2113 4711 2305 4783 templi
2333 4713 2563 4784 quidem
2596 4710 2830 4771 fabrica,

2010 4779 2311 4838 Immensis
2338 4787 2551 4840 structa
2582 4781 2889 4841 sumtibus,

2010 4851 2085 4908 Ut
2111 4853 2329 4910 dictum
2357 4861 2463 4919 est,
2494 4854 2736 4909 mirifica

2007 4923 2253 4995 Apparet
2281 4926 2707 4982 contuentibus.

3199 512 3239 548 ο.)

3245 488 3325 546 89
