4036 6117
753 429 840 487 96
1347 511 1367 542 ο
1902 444 1952 488 5.
2007 445 2558 490 uitnncAnnis

683 567 810 620 est.
863 559 1026 619 Nam
1075 558 1429 618 mendaces
1484 559 1573 618 ita
1625 560 1990 618 mendaciis
2028 576 2098 620 se
2135 563 2512 633 involvunt,
2552 562 3110 637 quemadmodum
3145 564 3420 624 coluber
3456 565 3517 623 in
3550 580 3757 623 caver-

685 662 992 723 naculam
1020 676 1211 721 suam
1238 675 1310 720 se
1338 661 1703 722 abscondit.
1727 662 2146 737 Quapropter
2180 681 2216 721 a
2253 663 2661 723 beatitudine
2696 668 2763 723 et
2798 683 2835 722 a
2871 665 3045 723 laeta
3074 666 3235 740 vita,
3266 682 3436 741 quae
3468 667 3533 726 in
3564 667 3759 740 portis

681 769 854 829 filiae
881 767 1036 829 Sion
1066 772 1192 841 est,
1230 767 1687 841 incurvantur,
1718 767 1876 842 quia
1901 767 2105 826 etiam
2139 784 2344 842 opera
2368 767 2625 828 Diaboli
2662 775 3041 845 sequentes,
3080 769 3452 829 doctrinam
3490 768 3757 844 Spiritus

676 874 900 935 Sancti
934 878 1268 933 recusant.
1305 871 1655 959 Mendaces
1690 871 1890 936 enim.
1928 888 2049 947 per
2084 874 2561 932 exaltationem
2598 872 2950 948 mendacii,
2989 873 3172 933 velut
3207 874 3410 933 colles
3447 873 3663 932 mundi
3695 888 3759 930 se

677 980 951 1054 faciunt,
1003 984 1070 1037 et
1121 978 1215 1037 ita
1264 993 1414 1035 cum
1466 976 1884 1051 sapientibus
1933 982 1999 1035 et
2049 977 2373 1037 divitibus
2428 978 2675 1037 saeculi
2714 985 3013 1053 regnant,
3069 980 3180 1037 sed
3234 979 3456 1038 tamen
3492 978 3569 1037 ad
3603 977 3760 1037 nihi-

679 1084 817 1143 lum
851 1080 1370 1158 deputabuntur.
1405 1079 1580 1139 Deus
1617 1097 1902 1156 namque
1937 1082 2002 1139 in
2036 1083 2345 1141 omnibus
2380 1089 2446 1141 et
2482 1099 2685 1158 super
2718 1083 2940 1142 omnia
2974 1089 3107 1156 est,
3145 1089 3213 1143 et
3245 1083 3466 1141 omnia
3494 1083 3669 1158 justa
3697 1087 3757 1139 et

682 1185 931 1261 injusta
980 1199 1192 1260 aequo
1237 1183 1488 1258 judicio
1538 1184 1893 1259 ponderat,
1946 1191 2012 1243 et
2063 1186 2421 1261 unicuique
2464 1185 2831 1244 secundum
2865 1202 3246 1245 mensuram
3281 1192 3347 1245 et
3382 1187 3754 1262 qualitatem

681 1289 842 1348 facti
891 1287 994 1348 sui
1032 1287 1345 1346 meritum
1380 1303 1576 1346 suum
1612 1294 2093 1363 recompensat.
2132 1289 2310 1347 Haec
2345 1295 2567 1349 autem
2601 1289 2681 1347 de
2715 1289 3199 1364 poenitentium
3235 1288 3582 1348 animabus
3616 1304 3757 1363 pur-

676 1392 911 1468 gandis
959 1398 1026 1452 et
1075 1391 1414 1452 salvandis
1462 1390 1642 1451 dicta
1685 1398 1861 1466 sunt,
1899 1396 1965 1451 et
1998 1392 2217 1452 fidelia
2255 1397 2430 1466 sunt;
2468 1400 2535 1452 et
2570 1394 2783 1452 fidelis
2825 1393 2930 1452 his
2964 1393 3288 1466 attendat,
3327 1399 3394 1451 et
3427 1407 3505 1450 ea
3536 1392 3599 1452 in
3634 1408 3754 1450 me-

671 1497 953 1556 moriam
987 1495 1199 1556 bonac
1233 1495 1552 1554 scientiae
1587 1501 1960 1570 componat.

699 1609 710 1618 ²
762 1604 866 1664 84.
915 1604 994 1664 Et
1040 1602 1178 1662 vidi
1219 1601 1564 1678 praefatae
1598 1601 2046 1661 multitudinis
2083 1603 2253 1661 alios
2290 1603 2596 1678 spirituS,
2635 1604 2748 1678 qui
2785 1618 3024 1676 magna
3058 1617 3221 1660 voce
3256 1606 3490 1661 contra
3523 1600 3756 1658 exerci-

669 1716 807 1768 tum
855 1704 971 1767 Dei
1012 1702 1557 1764 vociferabantur
1603 1703 1921 1764 dicentes:
1978 1724 2008 1762 α
2049 1705 2171 1775 Qui
2205 1706 2395 1779 estiS,
2433 1709 2498 1765 et
2533 1704 2703 1764 unde
2737 1705 3005 1780 venitiS,
3042 1704 3359 1780 quoniam
3393 1719 3521 1763 non
3556 1703 3749 1761 vultis

672 1834 702 1871 ι
742 1812 917 1890 quod
970 1812 1148 1871 ullus
1189 1810 1383 1870 vobis
1418 1809 1877 1869 assimiletur?
1925 1809 2115 1869 Omni
2162 1816 2461 1885 tempore
2498 1808 2928 1885 fatigabimus
2964 1826 3107 1883 vos,
3145 1815 3210 1866 et
3245 1808 3621 1867 claritatem
3650 1821 3752 1863 ve-

670 1937 700 1974 »
738 1918 946 1977 stram
994 1913 1187 1974 vobis
1235 1912 1730 1987 abstrahamus,
1782 1919 1850 1972 et
1901 1914 1989 1972 ita
2041 1914 2317 1973 claritas
2369 1919 2598 1973 nostra
2648 1912 2857 1972 multo
2908 1913 3121 1988 major
3169 1911 3480 1970 claritate
3526 1914 3738 1968 vestra

671 2040 702 2077 ι
741 2020 887 2082 erit.
924 2037 955 2076 »
992 2018 1073 2078 Et
1107 2016 1212 2078 his
1262 2015 1644 2079 hominibus
1695 2017 2185 2075 contentionem
2234 2016 2729 2088 demonstrant,
2781 2020 2847 2074 et
2898 2021 2968 2076 ut
3018 2013 3422 2073 contentiosi
3460 2011 3609 2082 sint,
3645 2024 3743 2068 ex-

665 2124 1044 2183 hortantur.

2103 2329 2311 2390 LXXI.

1777 2539 1869 2598 De
1917 2555 2132 2613 poena
2179 2541 2637 2598 contentionis,

746 2748 851 2808 85.
901 2746 979 2806 Et
1027 2751 1298 2821 puteum
1348 2760 1628 2820 magnae
1679 2743 2156 2819 profunditatis
2208 2744 2375 2817 vidi,
2441 2746 2507 2804 in
2556 2761 2686 2820 quo
2738 2745 3098 2819 nigerrima
3151 2751 3216 2802 et
3268 2746 3465 2818 ignea
3515 2746 3743 2807 nebula

648 2857 824 2925 erat,
877 2856 943 2909 et
990 2850 1170 2908 circa
1219 2863 1418 2924 quem
1466 2847 1731 2907 validus
1781 2854 1846 2907 et
1896 2849 2132 2923 igneus
2183 2854 2422 2907 ventus
2460 2847 2678 2906 flabat.
2731 2847 2802 2905 In
2838 2847 3079 2907 nebula
3110 2865 3384 2924 quoque
3425 2849 3547 2909 hac
3583 2851 3739 2908 etin

646 2960 846 3014 vento
897 2955 1026 3013 isto
1075 2966 1339 3012 vermes
1391 2952 1735 3011 horribilis
1789 2952 2041 3011 formae
2087 2952 2372 3011 fuerunt.
2411 2951 2534 3010 Sed
2572 2953 2832 3011 animae
2867 2969 3039 3028 quae
3079 2953 3140 3011 in
3177 2954 3575 3027 corporibus
3611 2956 3743 3013 suis

645 3062 1138 3123 contentionem
1170 3057 1487 3134 operibus
1521 3056 1963 3132 perfecerant,
1999 3056 2253 3117 eisdem
2291 3056 2687 3133 corporibus
2721 3065 2958 3116 exutae
2996 3058 3061 3116 in
3096 3058 3363 3133 ignibus
3412 3060 3567 3119 istis
3599 3075 3744 3117 cru-

645 3168 1021 3242 ciabantur,
1058 3165 1151 3226 ita
1173 3163 1362 3241 *quod
1395 3162 1476 3222 de
1511 3169 1709 3222 vento
1745 3162 1870 3221 hoc
1906 3164 1972 3221 in
2005 3168 2283 3238 puteum
2319 3163 2507 3222 illum
2542 3162 2891 3236 cadebant,
2931 3168 2997 3221 et
3031 3162 3206 3239 quod
3241 3162 3321 3219 de
3357 3162 3594 3223 eodem
3630 3180 3740 3239 pu-

651 3275 756 3330 teo
790 3271 856 3330 in
890 3275 1165 3330 ventum
1199 3268 1373 3328 hunc
1408 3266 1880 3342 ascendebant,
1917 3275 1983 3326 et
2017 3268 2195 3344 quod
2231 3268 2628 3327 afflictiones
2664 3268 3048 3327 eorumdem
3087 3268 3422 3327 vermium
3460 3269 3738 3327 sustine-

645 3376 825 3435 bant.
875 3375 1036 3434 Illae
1085 3379 1307 3433 autem
1359 3387 1530 3448 quae
1568 3373 1712 3432 sive
1748 3373 2066 3447 operibus
2100 3373 2507 3435 contentioni
2549 3373 2950 3447 institerant,
2996 3390 3242 3449 poenas
3284 3374 3459 3433 istas
3494 3375 3736 3450 absque

647 3479 882 3555 poenis
929 3478 1115 3555 putei
1164 3478 1364 3552 hujus
1415 3476 1771 3551 habebant,
1823 3477 2138 3552 quoniam
2188 3478 2253 3535 in
2303 3493 2455 3536 eum
2504 3494 2635 3535 non
2682 3476 3026 3536 cadebant.
3077 3477 3239 3537 Nam
3277 3478 3543 3537 animae
3576 3492 3737 3553 quae

641 3583 800 3642 dum
829 3582 895 3641 in
920 3580 1318 3656 corporibus
1346 3580 1491 3639 suis
1526 3578 1831 3654 fuissent,
1871 3580 2286 3638 contentiose
2320 3580 2648 3653 vixerant,
2686 3586 2752 3639 et
2786 3580 2938 3639 aliis
2974 3581 3301 3656 plurimas
3337 3580 3731 3655 gravedines

641 3702 760 3764 per
809 3685 934 3745 hoc
983 3683 1372 3757 intulerant,
1427 3683 1492 3741 in
1541 3682 1666 3742 hac
1714 3684 1905 3758 nigra
1953 3689 2021 3742 et
2070 3684 2264 3758 ignea
2306 3684 2548 3744 nebula
2583 3684 3091 3760 torquebantur.
3126 3685 3208 3744 Et
3241 3684 3400 3760 quia
3437 3684 3735 3745 eamdem

643 3787 1136 3848 contentionem
1182 3785 1353 3845 diris
1402 3785 1717 3861 operibus
1766 3788 2294 3862 compleverant,
2350 3787 2415 3846 in
2464 3794 2663 3865 puteo
2709 3789 2839 3848 isto
2876 3789 3244 3864 pessimum
3280 3789 3502 3864 ignem
3534 3788 3737 3864 patie-

637 3894 899 3954 bantur.
951 3889 1076 3950 Sed
1109 3894 1176 3949 et
1208 3895 1482 3967 propter
1516 3890 1928 3965 impietatem
1962 3908 2154 3951 suam
2188 3908 2320 3967 qua
2356 3909 2504 3951 cum
2542 3894 2694 3952 aliis
2730 3892 3241 3967 contenderant,
3281 3893 3346 3951 in
3383 3892 3512 3953 hoc
3551 3894 3732 3967 igneo

637 4001 836 4056 vento
870 3993 1255 4054 urebantur.
1290 3992 1368 4051 Et
1402 3997 1675 4068 propter
1708 3992 2192 4067 confusionem,
2243 4011 2374 4070 qua
2409 3994 2580 4053 alios
2618 3995 2813 4053 malis
2874 3994 3190 4069 operibus
3227 3994 3552 4069 litigando
3588 4011 3734 4053 con-

646 4101 975 4175 fuderant,
1029 4100 1096 4158 in
1143 4097 1448 4157 eumdem
1490 4103 1761 4173 puteum
1801 4097 2146 4158 cadebant.
2183 4099 2260 4159 Et
2292 4100 2605 4175 quoniam
2640 4115 2790 4157 cum
2828 4099 2980 4158 illos
3015 4099 3441 4159 contumeliis
3479 4098 3732 4158 affecis-

635 4214 806 4282 sent,
844 4209 1084 4267 iterum
1121 4204 1202 4264 ad
1238 4205 1647 4279 impietatem
1687 4204 2046 4275 redierant,
2086 4204 2335 4265 idcirco
2371 4212 2438 4266 et
2472 4222 2644 4265 nunc
2677 4205 2759 4264 de
2794 4206 3210 4265 cruciatibus
3247 4208 3429 4280 putei
3468 4206 3550 4266 ad
3586 4221 3729 4290 cru-

631 4316 850 4374 ciatus
881 4310 1182 4387 ejusdem
1225 4310 1405 4370 venti
1439 4309 1967 4370 revertebantur.
2004 4312 2083 4371 Et
2116 4313 2276 4387 quia
2308 4315 2511 4372 etiam
2546 4313 2834 4372 audaces
2870 4314 2935 4372 in
2969 4315 3394 4373 contentione
3430 4314 3715 4385 fuerant,

625 4433 890 4479 vermes
937 4409 1445 4496 praedictorum'
1485 4417 1738 4491 ignium
1780 4432 2018 4493 passae
2055 4425 2229 4478 sunt.
2267 4417 2392 4476 Sed
2428 4418 2542 4494 qui
2575 4419 2803 4479 verbis
2838 4418 2915 4479 et‘
2946 4437 3073 4480 non
3107 4422 3425 4496 operibus
3462 4428 3728 4482 conten-

633 4524 892 4597 derant,
943 4521 1259 4599 quoniam
1308 4519 1803 4580 contentionem
1851 4521 2169 4598 operibus
2217 4539 2350 4582 non
2380 4523 2822 4598 perfecerant,
2859 4540 3109 4600 poenas
3143 4526 3330 4601 putei
3364 4526 3565 4586 istius
3600 4542 3723 4585 non

631 4626 1001 4700 habebant,
1053 4624 1364 4701 quamvis
1411 4630 1716 4685 caeteras
1764 4622 2163 4686 afflictiones
2212 4624 2658 4689 contentionis
2709 4629 3054 4689 sentirent.
3105 4629 3186 4688 Et
3235 4645 3353 4704 per
3383 4633 3719 4690 viventem

631 4730 942 4807 spiritum
993 4726 1129 4787 vidi
1179 4732 1246 4786 et
1296 4726 1592 4786 intellexi
1641 4725 1824 4787 haec.
1875 4726 1954 4785 Et
2006 4726 2248 4787 iterum
2297 4728 2377 4787 de
2411 4729 2713 4806 praefata
2748 4730 3013 4790 vivente
3051 4730 3195 4789 luce
3230 4730 3719 4791 audivivocem

629 4832 788 4895 mihi
825 4833 1176 4893 dicentem:
1214 4830 1393 4891 Haec
1429 4845 1598 4909 quae
1633 4829 1846 4903 videa,
1885 4846 2042 4889 vera
2079 4837 2251 4893 sunt.
