4036 6117
1357 544 1602 597 nun-:12
1658 548 1857 597 vvrae:
1913 547 2384 598 unm-ronna
3306 541 3346 603 3

418 662 548 730 LII.
604 668 789 743 Quod
817 663 1096 743 justitia
1134 688 1285 731 cum
1317 673 1701 749 viryinitate
1735 672 1808 732 in

332 777 590 837 Christo
624 781 857 836 contra
892 774 1235 837 Diabolum
1261 782 1540 854 puqnat.

413 879 576 941 LIII.
678 881 862 954 Quod
963 882 1319 944 diabolicae
1412 884 1806 960 iniquitates

325 984 585 1045 Christo
617 992 682 1044 et
709 986 1042 1047 Ecclesiae
1076 1007 1143 1047 se
1177 995 1540 1065 opponunt,
1569 987 1801 1065 quibus

317 1093 550 1147 tamen
582 1105 719 1150 non
746 1090 1244 1167 praevalebunt.

413 1191 606 1253 LIIII.
660 1194 843 1267 Quod
887 1197 961 1255 in
1007 1197 1391 1273 virqinitate
1423 1196 1800 1256 incarnatio

319 1299 571 1358 Christi
606 1300 775 1361 sicut
811 1300 905 1359 sol
938 1301 1270 1361 mundum
1300 1300 1670 1360 illuminat.

410 1402 534 1464 LV.
605 1405 787 1479 Quod
850 1408 923 1465 in
981 1406 1278 1465 Ecclesia
1332 1413 1563 1465 contra
1624 1407 1800 1466 anti-

306 1526 526 1586 quum
557 1516 935 1587 serpentem
975 1511 1238 1587 si9num
1272 1511 1584 1570 victoriae
1617 1515 1736 1570 est.

409 1613 560 1674 LVI.
616 1616 800 1688 Quod
851 1602 1279 1675 incarnatum
1322 1616 1445 1675 Dei
1488 1614 1790 1686 Verbum,

306 1736 528 1779 unum
574 1725 736 1780 cum'
765 1720 970 1781 Patre
1016 1722 1337 1794 eminens,
1394 1719 1791 1798 baptismum

317 1824 566 1885 docuit.

404 1928 590 1991 LVII.
645 1927 829 2004 Quod
878 1926 1130 1990 Filium
1179 1928 1301 1992 Dei
1343 1931 1649 1992 coelestia
1680 1932 1808 1991 do·.

306 2041 573 2093 centem
604 2035 831 2114 fideles
865 2034 1375 2112 subsequuntur.

402 2139 617 2200 LVIII.
671 2139 854 2213 Quod
886 2142 1161 2217 quisque
1196 2120 1411 2218 fidelis
1457 2140 1791 2201 Christum

302 2242 709 2323 subsequens
738 2291 755 2319 ‚
849 2261 1053 2322 opera
1137 2243 1562 2304 tenebrarum
1641 2262 1791 2306 con-

304 2352 491 2410 terit.

402 2454 624 2514 LVIIII
701 2453 884 2526 Quod
930 2456 1195 2513 animae
1242 2455 1592 2531 antiquum
1650 2474 1789 2516 sei*-

294 2567 577 2638 pentem
625 2563 950 2634 imitatae,
995 2567 1060 2620 et
1093 2578 1244 2620 cum
1276 2560 1419 2637 ipso
1449 2561 1523 2620 in
1558 2561 1787 2638 infeli-

301 2668 505 2727 citate
528 2668 761 2726 mortis
781 2671 1283 2744 permanentes,
1304 2666 1572 2742 culpam
1596 2683 1784 2726 suam

300 2771 491 2832 Adae
523 2774 900 2849 imponunt.

392 2875 520 2936 LX.
575 2864 757 2949 Quod
811 2877 888 2936 in.
939 2873 1386 2952 infernalibus
1435 2880 1783 2937 tormentis

300 2982 502 3042 nulla
535 3000 682 3061 spes
711 2981 941 3061 qaudii
973 2988 1090 3040 est.

395 3087 551 3148 LXI.
619 3087 804 3160 Quod
865 3084 1171 3147 diabolici
1234 3086 1512 3163 spiritus
1570 3086 1782 3147 Deum

303 3191 763 3255 erubescentes
796 3194 1089 3271 suqiunt.

392 3297 580 3359 LXII.
644 3298 827 3371 Quod
882 3299 1201 3376 antiquus
1255 3297 1457 3356 hostis
1518 3295 1784 3356 diversa

296 3407 467 3465 vitia
515 3403 826 3481 producit
885 3419 1035 3472 cum
1088 3398 1323 3479 quibus
1370 3400 1609 3461 electos
1658 3400 1783 3461 Dei

297 3512 616 3588 decipiat.

392 3613 609 3674 LXIII.
664 3612 848 3686 Quod
898 3609 1206 3671 Diabolus
1260 3608 1632 3672 hominibus
1675 3609 1780 3669 ina·

295 3721 518 3779 culcat
566 3717 740 3796 quod
787 3716 1056 3776 nullum
1089 3714 1301 3776 Deum
1335 3714 1554 3774 colant
1581 3731 1779 3791 prae-

297 3832 405 3885 ter
439 3826 633 3885 idola.

392 3925 650 3989 LXIIII.
712 3928 897 4001 Quod
950 3929 1065 4004 qui
1113 3926 1283 3988 beati
1331 3945 1468 3987 esse
1515 3928 1772 4003 volunt,

296 4036 519 4095 Deum
549 4035 664 4111 qui
696 4033 770 4093 in
803 4031 999 4092 coelis
1033 4038 1129 4091 est
1160 4031 1463 4092 adorent.

392 4137 568 4197 LXV.
623 4137 986 4198 Psalmista
1016 4137 1098 4195 de
1133 4136 1381 4203 eodem.

388 4242 601 4303 LXXI.
655 4242 841 4316 Quod
885 4243 959 4302 in
1008 4241 1400 4320 infidelitate
1443 4255 1634 4300 omne
1666 4257 1775 4315 qe-

288 4368 429 4411 nus
459 4350 774 4410 vitiorum
805 4353 925 4407 est.

388 4453 627 4515 LXVII.
681 4451 1076 4530 Specialiter
1121 4450 1203 4510 de
1250 4464 1472 4508 amore
1523 4448 1772 4508 saeculi

290 4566 357 4618 et
396 4557 622 4618 habitu
656 4552 821 4632 ejus,
858 4561 920 4617 et
955 4554 1119 4633 quid
1153 4553 1492 4633 significet.

386 4663 656 4723 LXVlII.
711 4661 1108 4740 specialiter
1151 4659 1235 4724 de
1277 4652 1662 4738 petulantia
1706 4666 1770 4720 et

288 4767 521 4828 habitu
554 4764 726 4839 ejus,
759 4776 823 4831 et
857 4768 1021 4847 quid
1052 4766 1393 4848 significet.
1476 4779 1483 4792 ³

2008 669 2188 733 LXX.
2225 673 2648 759 .·Specialiter
2703 676 2784 735 de
2841 677 3269 739 obduratione
3326 685 3386 738 et

1916 775 2146 837 habitu
2177 775 2343 852 ejus,
2378 785 2440 837 et
2475 780 2636 856 quid
2669 782 3009 860 siqnificet.

2002 880 2213 942 LXXI.
2269 883 2664 958 Specialiter
2711 885 2791 942 de
2825 885 3087 961 iynavia
3120 894 3183 945 et
3216 887 3392 948 habi·

1912 990 1988 1044 tu
2021 982 2187 1059 ejus,
2224 993 2286 1045 et
2321 988 2483 1064 quid
2517 989 2857 1067 siqnificet.

1998 1090 2241 1150 LXXII.
2304 1092 2701 1168 Specialiter
2756 1094 2836 1151 de
2891 1095 2997 1153 ira
3051 1100 3114 1153 et
3163 1093 3388 1155 habitu

1908 1189 2076 1270 ejus,
2114 1202 2175 1256 et
2211 1199 2373 1275 quid
2407 1202 2748 1279 siqnificet.

1997 1301 2269 1363 LXXIII.
2331 1303 2532 1363 Verba
2567 1304 2779 1366 Jacob.

1995 1404 2299 1467 LXXIIII.
2334 1408 2729 1485 Specialiter
2754 1409 2833 1468 de
2867 1410 3099 1485 inepta
3126 1408 3383 1468 laetitia

1886 1508 1968 1569 'et
2000 1508 2228 1571 habitu
2258 1507 2424 1587 ejus,
2460 1520 2522 1571 et
2557 1514 2718 1591 quid
2753 1515 3093 1593 siqnificet.

1991 1610 2238 1676 LXXV.
2278 1618 2674 1693 Specialiter
2706 1620 2786 1678 de
2826 1620 3045 1697 forma
3076 1619 3203 1679 zeli
3236 1619 3380 1692 Dei,

1900 1723 1961 1776 et
1996 1718 2224 1779 habitu
2256 1718 2419 1797 ejuS,
2454 1717 2499 1801 ¹)
2536 1730 2598 1782 et
2638 1724 2796 1800 quid
2830 1723 3169 1802 siqnificet.

1988 1823 2254 1885 LXXVI.
2340 1826 2435 1886 De
2523 1827 2913 1904 quibusdam
2977 1828 3385 1905 purqatoriis

1892 1930 2126 2004 poenis
2215 1933 2598 1991 animarum
2668 1933 3108 2010 quorumdam
3183 1936 3388 1995 homi-

1894 2050 2083 2107 num,
2117 2036 2232 2110 qui
2273 2036 2347 2095 in
2380 2053 2602 2095 amore
2637 2039 2887 2098 saeculi
2921 2043 3379 2115 peccaverant,

1895 2143 1960 2195 et
1994 2156 2115 2197 cur
2146 2138 2413 2198 easdem
2444 2142 2542 2199 ita
2565 2143 2942 2217 patiantur.
3233 2218 3242 2228 .

1984 2241 2282 2303 LXXVII.
2332 2244 2514 2317 Quod
2552 2264 2801 2323 poenae
2844 2248 3011 2306 istae
3039 2249 3380 2325 purqatio-

1894 2364 2051 2407 nem
2097 2349 2170 2408 in
2226 2347 2570 2409 animabus
2618 2343 2957 2435 [illorum]
3002 2353 3286 2429 faciunt,
3326 2351 3377 2433 ²)

1894 2453 2114 2527 quiin
2149 2454 2410 2537 saeculo
2445 2473 2571 2531 per
2608 2459 3092 2533 poenitentiam
3135 2478 3380 2538 purqa-

1892 2558 2140 2616 tionem
2171 2566 2591 2621 meruerunt.

1981 2660 2310 2723 LXXVIII.
2365 2662 2547 2735 Quod
2593 2666 2890 2741 animae,
2940 2683 3109 2744 quae
3156 2669 3229 2728 in
3277 2688 3380 2729 re·

1892 2766 2272 2828 cordatione
2297 2766 2729 2829 beatitudinis
2762 2776 2942 2846 sunt,
2965 2780 3371 2850 puryantur‚

1894 2890 2046 2932 cum
2094 2873 2254 2932 illae
2312 2893 2481 2953 quae
2539 2875 2611 2934 in
2666 2873 2984 2936 oblivione
3047 2882 3235 2953 sunt,
3300 2881 3372 2938 in

1891 2974 2210 3039 oblivione
2238 2987 2702 3055 permaneant.

1979 3084 2340 3146 LXXVIIII.
2410 3086 2736 3160 Quomodo
2797 3089 3094 3150 homines
3140 3090 3374 3166 poeni-

1891 3190 2090 3249 tendo
2116 3196 2468 3269 peccatum
2502 3195 2746 3253 amoris
2778 3193 3029 3255 saeculi
3062 3196 3135 3254 in
3169 3212 3375 3254 seme-

1892 3295 2083 3370 tipsis
2125 3297 2443 3373 puniant,
2490 3299 2854 3359 secundum
2883 3296 3225 3373 judicium
3256 3295 3375 3371 ju-

1890 3398 2058 3459 dicis
2090 3406 2152 3459 et
2190 3401 2558 3462 secundum
2589 3401 2858 3461 moduni
2885 3404 3164 3479 peccati.

1979 3503 2218 3566 LXXX.
2296 3505 2480 3579 Quod
2546 3507 2969 3584 poenitentia
3022 3503 3367 3585 probatur,
3491 3487 3494 3490 ¹

1887 3627 2057 3687 quae
2089 3628 2131 3670 a
2165 3612 2498 3673 sacerdote
2525 3610 2845 3688 procedit.

1975 3714 2244 3778 LXXXI.
2283 3716 2469 3791 Quod
2499 3735 2684 3777 amor
2716 3717 2966 3777 saeculi
3003 3716 3216 3777 Deum
3248 3733 3371 3776 nec

1887 3826 2098 3899 timet,
2135 3844 2258 3886 nec
2287 3825 2530 3903 diligit.
2965 3828 2980 3843 ’

1971 3928 2270 3990 LXXXII.
2330 3928 2531 3989 Verba
2564 3928 2951 3991 Salomonis.

1972 4032 2301 4094 LXXXIII.
2353 4034 2523 4093 Item
2572 4034 2651 4092 de
2701 4030 3089 4110 quibusdam
3121 4045 3372 4107 purqa-

1879 4139 2069 4197 toriis
2097 4139 2332 4215 poenis
2374 4138 2757 4226 animarum
2788 4133 3229 4212 quorumdam
3259 4137 3370 4195 ho·

1877 4245 2161 4317 minum,
2212 4243 2437 4320 quiin
2479 4243 2868 4320 petulantia
2895 4245 3365 4318 peccaverant,
3477 4280 3481 4286 -

1862 4351 1943 4405 ¹et
1975 4363 2098 4406 cur
2122 4344 2388 4405 easdem
2420 4347 2517 4405 ita
2537 4338 2589 4425 ⁸)
2626 4347 3025 4406 sustineant.

1968 4447 2329 4509 LXXXIIII.
2408 4449 2713 4523 Qualiter
2781 4450 3076 4511 homines
3136 4451 3367 4526 poeni·

1879 4555 2078 4616 tendo
2119 4560 2396 4633 peccata
2429 4554 2849 4632 petulantiae
2880 4555 2954 4612 in
2987 4551 3362 4630 corporibus

1880 4661 2020 4720 suis
2053 4659 2344 4720 deleant.

1965 4761 2257 4825 LXXXV.
2300 4763 2485 4837 Quod
2518 4763 2914 4842 petulantia
2937 4759 3365 4823 stabilitatem

385 4872 690 4933 LXVIIII.
736 4871 1136 4951 specialiter
1170 4870 1254 4932 de
1269 4868 1670 4945 ,ioculatrice
1702 4879 1766 4933 et
1872 4884 2007 4928 non
2040 4864 2306 4942 habens,
2339 4868 2599 4927 vanitas
2632 4868 3003 4929 vanitatum
3038 4867 3303 4928 dicitur.

287 4975 521 5036 habitu
555 4972 721 5051 ejus,
757 4981 820 5067 qt
855 4975 1019 5054 quid
1050 4975 1392 5056 siqnificet2

348 5247 392 5308 ¹)
418 5252 467 5301 et
493 5247 686 5301 habitu
709 5252 829 5318 ejus
855 5259 965 5302 om.
998 5245 1063 5301 Α.

1962 4969 2286 5032 LXXXVI.
2324 4970 2508 5044 Quod
2548 4972 2869 5048 homines,
2904 4973 3020 5051 qui
3052 4972 3360 5042 coelestes

1933 5241 1978 5308 ²)
2004 5243 2127 5297 mis
2150 5239 2367 5309 faciunt
2391 5239 2463 5301 A.
2491 5236 2581 5294 w.
2615 5267 2681 5277 —
2705 5234 2749 5303 ³)
2775 5238 2852 5292 εει·
2877 5232 2943 5290 Α.
