4036 6117
809 456 966 518 --488
1349 465 1352 468 ‘
1984 475 2034 518 5.
2092 472 2642 520 minusculum

765 608 901 660 tres
950 600 1179 674 plagas
1231 597 1432 656 trium
1471 595 1845 654 futurorum
1887 601 2281 671 temporum,
2320 597 2533 672 quinti
2574 596 2893 671 temporis
2945 602 3010 655 ct
3045 595 3211 655 sexti
3248 599 3315 657 et
3364 597 3627 675 septimi
3657 614 3801 676 prae·

759 701 1037 762 dixerit?
1086 701 1403 772 Quamvis
1452 706 1764 774 quartum
1817 698 1993 757 istud
2049 707 2309 773 tempus
2360 700 2492 757 vile
2542 706 2608 757 et
2657 701 2976 759 miserum
3014 701 3101 759 sit
3138 707 3429 776 1611111115,
3469 709 3677 762 tamen
3714 707 3800 764 ali-

735 821 928 884 quos
976 812 1362 865 sanctorum
1399 804 1795 876 invenimuS,
1849 805 1961 878 qui
2013 804 2077 862 in
2129 821 2203 861 eo
2242 804 2629 877 floruerunt,
2668 805 2781 879 qui
2831 805 3095 879 aquilae
3144 822 3271 864 non
3312 807 3798 868 inconvenienter

757 916 1249 988 comparantur:
1303 909 1478 967 sicut
1513 908 1695 966 verbi
1733 909 1971 983 gratia,
2011 909 2075 966 in
2124 909 2401 968 Francia
2438 916 2712 967 sanctus
2755 908 3133 966 Bernardus
3179 908 3576 970 Clarevallis
3613 913 3797 986 abbaS,

756 1020 1080 1095 magister
1129 1017 1318 1090 Hugo
1367 1022 1432 1073 et
1484 1016 1803 1088 magister
1853 1013 2224 1072 Richardus
2273 1013 2353 1072 de
2403 1013 2445 1072 S
2519 1012 2806 1085 Victore;
2846 1014 2911 1072 in
2946 1014 3184 1086 Anglia
3232 1021 3512 1074 sanctus
3562 1015 3799 1076 Thomas

755 1127 1112 1203 episcopus
1141 1128 1207 1180 et
1235 1127 1508 1194 martyr,
1539 1126 1604 1178 et
1636 1120 1698 1179 in
1724 1119 1953 1176 eadem
1983 1125 2161 1177 terra
2192 1119 2593 1177 venerabilis
2621 1118 2828 1177 abbas
2857 1118 3176 1176 Rievallis
3205 1114 3272 1196 ¹),
3306 1121 3369 1177 in
3401 1120 3692 1178 Calabria
3719 1121 3802 1178 ab·

737 1223 872 1294 'bas
919 1230 1240 1301 Joachim,
1279 1228 1613 1286 Florensis
1664 1226 1966 1284 coenobii
2005 1225 2336 1300 fundator,
2389 1228 2501 1301 qui
2539 1227 2741 1285 etiam
2792 1227 3105 1301 spiritum
3151 1227 3548 1302 prophetiae
3582 1227 3799 1287 habuis-

755 1354 828 1396 se
860 1336 1128 1406 dicitur,
1181 1338 1248 1391 et
1281 1332 1509 1406 plures
1559 1331 1698 1401 alii,
1738 1347 1905 1405 quos
1955 1345 2350 1388 enumerare
2388 1331 2655 1403 longum
2693 1336 2818 1389 est.
2856 1329 2979 1388 Sed
3017 1330 3128 1389 ubi
3165 1331 3418 1406 aliquis
3453 1347 3671 1390 eorum
3701 1334 3797 1390 tria

749 1456 873 1501 vae
922 1435 1348 1515 praedixerit,
1388 1435 1562 1492 scire
1611 1450 1738 1492 non
1775 1450 2070 1507 possum.
2123 1434 2401 1506 Oportet
2435 1449 2593 1507 ergo
2629 1441 2694 1492 et
2728 1449 3003 1491 11666556
3037 1439 3141 1492 est
3179 1440 3247 1492 ut
3286 1441 3591 1492 sanctam
3624 1434 3799 1493 Hilde-

749 1547 1021 1625 gardem
1073 1545 1180 1603 1116
1215 1543 1687 1616 intelligamus,
1741 1541 1890 1615 Ipsa
1933 1540 2109 1598 enim
2162 1541 2224 1598 in
2275 1548 2515 1615 quarto
2569 1543 2698 1599 isto
2753 1546 3051 1616 tempore
3101 1540 3348 1612 floruit,
3404 1545 3474 1598 et
3526 1541 3659 1613 ipsa
3698 1539 3798 1597 tria

749 1669 873 1712 vae
921 1651 1137 1712 adhuc
1175 1649 1397 1707 futura
1445 1647 1512 1705 in
1549 1646 1717 1706 libro
1766 1647 1880 1721 qui
1919 1655 2198 1706 vocatur
2236 1649 2627 1706 Divinarum
2664 1665 2937 1723 operum.
2986 1646 3338 1722 praedixit;
3378 1652 3447 1706 ct
3486 1647 3623 1722 ipsa
3653 1648 3799 1722 aqui·

729 1763 848 1830 ¹lae
898 1760 1150 1821 volanti
1201 1756 1829 1816 convenientissime
1880 1762 2332 1830 comparatur.
2386 1755 2570 1814 Sicut
2633 1756 2807 1814 6111111
2859 1755 2917 1814 S.
2965 1755 3251 1814 Joannes
3303 1756 3369 1813 in
3422 1755 3629 1830 figura
3672 1771 3795 1830 qua·

745 1872 897 1925 tuor
944 1862 1332 1924 animalium
1368 1860 1633 1935 aquilae
1685 1859 1934 1918 volanti
1972 1865 2425 1934 comparatur,
2479 1875 2598 1934 pro
2636 1875 2715 1917 eo
2766 1859 2942 1934 quod
2992 1858 3280 1918 caeteris
3330 1860 3681 1918 sublimius
3710 1875 3795 1933 po-

723 1971 1022 2034 tentiam
1071 1966 1457 2026 Divinitatis
1492 1964 1972 2038 contemplans,
2014 1981 2162 2021 cum
2202 1963 2475 2022 Domino
2513 1964 3000 2039 quodaminodo
3035 1964 3117 2023 ad
3153 1964 3417 2022 coelum
3454 1964 3708 2034 volavit,
3748 1965 3795 2021 et

743 2076 901 2152 quia
949 2089 1195 2134 arcana
1229 2078 1294 2129 et
1346 2074 1608 2129 secreta
1643 2085 1764 2128 sua
1816 2068 1877 2126 ei
1914 2068 2089 2126 Deus
2142 2068 2289 2143 plus
2323 2067 2612 2126 caeteris
2660 2068 3009 2143 revelavit,
3048 2068 3139 2127 ita
3174 2073 3241 2127 et
3278 2067 3448 2127 haec
3484 2068 3666 2126 beata
3696 2068 3794 2124 vir-

739 2200 822 2258 go
858 2181 1096 2241 merito
1130 2185 1196 2237 et
1233 2183 1411 2236 recte
1445 2177 1876 2250 comparatur
1911 2175 2163 2233 volanti
2198 2175 2482 2249 aquilae.
2520 2174 2953 2247 Evangelium
2990 2175 3185 2235 enim:
3218 2176 3297 2234 In
3320 2178 3655 2252 principio
3683 2183 3789 2233 erat

750 2286 1061 2354 Verbum,
1113 2283 1285 2360 quod
1320 2282 1607 2340 Joannes
1658 2279 2015 2338 sublimius
2065 2279 2350 2337 volando
2400 2279 2630 2352 edidit,
2669 2279 2794 2338 1166
2846 2280 2973 2338 ista
3022 2278 3406 2338 sublimiter
3454 2280 3676 2338 volans
3703 2279 3792 2336 mi·

719 2392 1045 2462 ‚rabiliter
1092 2386 1419 2462 exposuit.
1453 2381 1503 2462 2)
1541 2383 1822 2442 Sanctus
1864 2382 2151 2441 Joannes
2201 2382 2666 2458 Apocalypsin]
2705 2383 2768 2441 in
2801 2381 3069 2442 Patmos
3105 2383 3322 2442 insula
3360 2383 3686 2457 relegatus
3711 2380 3792 2439 de·

739 2495 1035 2569 scripsit;
1076 2494 1167 2551 ita
1201 2491 1364 2549 haec
1402 2486 1659 2561 magnis
1696 2487 2197 2546 infirmitatibus
2233 2503 2499 2562 semper
2533 2488 2761 2562 ligata,
2800 2503 3031 2547 omnes
3066 2487 3277 2547 libros
3313 2504 3480 2548 suos
3515 2504 3628 2564 per
3657 2488 3788 2561 Apo·

737 2597 1083 2672 calypsim,
1135 2593 1260 2654 1166
1308 2598 1413 2652 est
1459 2607 1579 2665 per
1628 2590 2106 2649 revelationem
2154 2591 2381 2650 edidit.
2433 2590 2715 2651 Sanctus
2760 2591 3074 2662 Joannes,
3126 2592 3316 2667 virgo
3367 2598 3436 2651 et
3487 2592 3721 2651 electus
3760 2605 3788 2647 a

732 2703 1035 2775 Domino;
1090 2699 1252 2759 haec
1288 2712 1551 2774 quoque
1602 2696 1791 2769 virgo
1827 2696 2042 2754 electa
2091 2699 2192 2755 est
2228 2714 2262 2755 a
2312 2696 2466 2755 Deo,
2505 2697 2670 2755 Nam
2705 2713 2855 2755 curn
2896 2696 3031 2755 fere
3067 2697 3373 2755 octennis
3409 2700 3611 2768 esset,
3646 2713 3676 2754 a
3706 2711 3788 2770 pa·

739 2806 1043 2867 rentibus
1093 2805 1197 2862 est
1229 2803 1361 2860 Deo
1411 2801 1662 2868 oblata,
1700 2806 1767 2857 et
1815 2799 1897 2858 ab
1933 2800 2079 2873 ipsa
2130 2800 2409 2859 infantia
2444 2817 2603 2869 sua,
2658 2801 2833 2859 sicut
2867 2800 3019 2858 libri
3069 2798 3215 2874 ejus
3252 2804 3607 2871 testantur,
3657 2812 3788 2856 sem-

733 2924 852 2986 per
902 2908 968 2968 in
1001 2904 1560 2980 contemplatione
1612 2907 1676 2962 et
1712 2903 1776 2961 in
1827 2904 2084 2962 visione
2120 2903 2233 2961 Dei
2290 2903 2435 2977 suit,
2473 2909 2537 2962 et
2576 2904 2721 2963 ideo
2761 2913 2937 2963 recte
2975 2907 3224 2964 volanti
3258 2907 3532 2982 aquilae
3565 2921 3781 2980 compa·

733 3024 941 3077 ratur.
977 3013 1154 3074 Dixit
1197 3017 1418 3072 autem
1460 3026 1621 3069 voce
1658 3026 1914 3085 magna:
1963 3010 2107 3084 Vae,
2145 3030 2281 3084 vae,
2322 3029 2432 3068 vae
2467 3009 2905 3071 habitantibus
2950 3015 3021 3071 in
3060 3021 3262 3088 terra,
3301 3015 3384 3073 de
3422 3015 3682 3075 caeteris
3710 3028 3783 3069 1-0-

732 3122 913 3183 cibus
980 3122 1179 3179 trium
1240 3118 1628 3193 anqelorum
1676 3119 1788 3193 qui
1837 3120 2027 3174 erant
2096 3115 2248 3173 tuba
2304 3118 2617 3189 canituri,
2672 3118 2828 3192 quia
2878 3124 3014 3177 tres
3063 3121 3297 3194 plagas
3349 3120 3558 3180 trium
3604 3119 3779 3179 adhuc

732 3226 1110 3284 futurorum
1162 3226 1558 3296 temporum,
1615 3221 1672 3278 id
1726 3225 1831 3278 est
1864 3219 2103 3294 quinti,
2158 3220 2323 3278 sexti
2360 3222 2425 3278 et
2475 3221 2766 3293 septimi,
2807 3222 2869 3279 in
2909 3223 3077 3281 libro
3117 3224 3515 3282 Divinorum
3548 3240 3775 3300 operum

734 3329 825 3388 ita
877 3325 1225 3405 manifeste
1274 3324 1623 3400 praedixit,
1680 3329 1752 3382 ut
1797 3324 2011 3397 possit
2063 3322 2241 3381 credi
2294 3323 2518 3397 potius
2569 3341 2844 3383 narrare
2894 3327 3260 3400 praeterita
3306 3343 3516 3403 quam
3565 3326 3776 3401 praedi·

715 3446 866 3492 cere
903 3431 1217 3491 sutura...

820 3539 899 3597 In
947 3538 1097 3616 fine.
1135 3535 1464 3609 Relinquo
1515 3534 1643 3592 duo
1682 3534 1938 3608 reliqua
1988 3534 2312 3607 tempora,
2368 3536 2627 3592 sextum
2677 3540 2743 3593 et
2779 3534 3156 3610 septimum.
3195 3535 3342 3595 Scio
3379 3536 3582 3610 enim,
3616 3534 3775 3593 etiam

724 3658 884 3703 vere
945 3642 1083 3700 scio
1133 3640 1308 3715 quod
1369 3645 1618 3697 caeteri
1670 3640 1876 3698 multo
1945 3639 2185 3696 melius
2236 3643 2301 3695 et
2350 3639 2557 3698 multo
2618 3641 2846 3699 verius
2903 3643 3229 3717 exponent
3275 3658 3355 3701 ea
3416 3658 3613 3719 quam
3665 3654 3774 3714 ego,

722 3748 1078 3807 Praeterea
1109 3745 1409 3819 relinquo
1444 3744 1723 3802 arbitrio
1750 3750 1806 3801 el
1845 3744 2095 3817 judicio
2125 3759 2351 3801 eorum
2393 3743 2553 3801 baec
2585 3744 2813 3803 eadem
2843 3762 3014 3821 quae
3051 3750 3430 3822 composita
3466 3755 3674 3808 sunta
3698 3763 3775 3805 me

722 3853 828 3911 vel
879 3849 1237 3926 compilata
1272 3865 1348 3907 ex
1386 3848 1576 3907 libris
1613 3847 1670 3907 S.
1710 3848 2155 3922 HildcgardiS,
2197 3852 2267 3907 ut
2311 3848 2543 3907 radant
2578 3865 2747 3925 quac
2784 3851 3073 3909 radenda
3101 3851 3575 3927 judicaverint.
3610 3859 3670 3911 et
3697 3866 3776 3909 or·

718 3958 948 4017 dinent
997 3955 1264 4023 meliuS,
1304 3954 1359 4012 si
1411 3970 1581 4030 quae
1618 3953 1837 4011 minus
1889 3953 2053 4011 bene
2089 3952 2393 4012 ordinata
2445 3954 2597 4013 sint.
2638 3954 2700 4012 Si
2754 3961 2976 4013 autem
3026 3956 3191 4015 bene
3239 3962 3307 4015 et
3340 3956 3706 4016 authentice
3746 3970 3772 4010 a

719 4080 825 4123 me
874 4063 1123 4121 dictum
1161 4066 1228 4119 et
1278 4061 1604 4134 scriptum
1639 4064 1763 4131 est,
1817 4058 2029 4131 gloria
2066 4058 2154 4115 sit
2205 4074 2328 4116 non
2371 4057 2555 4127 mibi,
2596 4059 2710 4115 sed
2760 4060 3199 4134 omnipotenti
3233 4060 3391 4135 Dec,
3431 4062 3547 4137 qui
3581 4077 3653 4119 ex
3682 4072 3771 4117 ore

720 4166 1106 4228 lactentium
1158 4169 1224 4223 et
1262 4163 1636 4231 infantium,
1692 4161 1817 4220 1166
1865 4168 1993 4234 est,
2050 4160 2519 4220 illiteratorum
2554 4167 2619 4219 et
2670 4162 3096 4236 simplicium,
3134 4164 3396 4238 perficit
3431 4180 3620 4223 suam
3666 4163 3772 4220 lau·

717 4272 888 4331 dem.
921 4264 970 4346 ⁸)
1023 4269 1155 4342 Ipsi
1195 4268 1339 4325 laus
1374 4273 1439 4324 et
1477 4266 1826 4339 imperium
1863 4280 1980 4339 per
2017 4264 2419 4324 immortalia
2456 4268 2721 4325 saecula
2757 4268 3197 4327 saeculorum.
3236 4269 3468 4327 Amen.

789 4487 835 4548 ¹)
889 4483 1076 4540 Dubio
1127 4482 1318 4552 procul
1373 4480 1636 4535 laudatur
1686 4479 1746 4536 B.
1813 4479 2106 4542 Aelredus,
2159 4496 2208 4535 a.
2303 4482 2399 4537 lat.
2430 4484 2561 4537 med.
2595 4487 2635 4537 t.
2670 4482 2693 4536 1
2722 4499 2775 4553 p.
2814 4487 2877 4538 15
2903 4482 3104 4539 Mansi.
3140 4514 3199 4522 —
3221 4486 3265 4549 2)
3288 4483 3557 4539 Alludere
3579 4481 3765 4536 videtur

723 4573 1027 4631 1150-1166
1054 4568 1226 4622 abbas
1264 4566 1676 4622 Ricdvallensis
1706 4566 1762 4621 in
1799 4566 2041 4623 dioecesi
2072 4567 2214 4621 Ebo-
2301 4571 2630 4640 eoepositioni
2671 4569 3121 4640 evanqelicorum,
3163 4569 3246 4623 uti
3296 4584 3463 4639 supra
3500 4585 3551 4639 p.
3599 4570 3762 4621 229-

714 4652 954 4716 racensi.
995 4651 1076 4707 Cr:
1122 4653 1252 4706 Acta
1295 4652 1390 4707 SS.
1425 4657 1464 4705 t.
1500 4652 1523 4706 1
1554 4669 1610 4722 p.
1641 4655 1760 4707 748.
1800 4651 2016 4708 Fabric.
2065 4653 2211 4709 Bibt.
2303 4652 2347 4717 ³)
2376 4653 2463 4707 Ps.
2495 4651 2655 4715 vul,
2685 4656 2734 4707 2.
