4036 6117
746 461 836 527 90
1906 479 1955 523 S.
2021 475 2558 524 HILDEGARMS

681 614 808 658 non
842 596 1128 674 aspexit..
1159 596 1236 655 Et
1254 594 1447 678 ‚Deus
1499 595 1718 654 omnia
1769 597 2296 671 comprehendit,
2351 598 2664 673 quoniam
2704 597 2923 656 omnia
2974 605 3287 673 operatus
3323 602 3451 673 est,
3500 605 3565 659 et
3595 598 3756 677 quod

678 705 740 761 ei
774 703 1094 777 placitum
1131 704 1298 774 erat,
1340 699 1513 759 fecit.

906 1115 1082 1181 Deus
1116 1120 1384 1179 nullum
1417 1116 1749 1179 hominem
1786 1120 2057 1192 creavit,
2094 1120 2166 1177 in
2205 1135 2329 1194 quo
2364 1121 2643 1178 scientia
2675 1117 2824 1178 boni
2857 1127 2917 1178 et
2952 1122 3114 1180 mali
3149 1139 3282 1180 non
3315 1123 3545 1198 fuerit.

765 1331 870 1390 65.
923 1330 1092 1390 Num
1139 1329 1322 1388 ullus
1369 1327 1567 1387 homo
1622 1327 1686 1385 in
1736 1326 1979 1386 mundo
2034 1326 2186 1401 fuit,
2242 1328 2308 1385 in
2356 1342 2488 1402 quo
2540 1328 2821 1388 scientia
2871 1329 3024 1388 boni
3073 1335 3140 1388 et
3181 1330 3339 1389 mali
3374 1346 3504 1388 non
3539 1327 3758 1389 fuerit?

673 1435 832 1494 Non.
860 1433 952 1493 De
978 1433 1259 1492 scientia
1285 1433 1463 1491 enim
1489 1431 1645 1491 boni
1678 1437 1745 1490 et
1779 1432 1938 1491 mali
1974 1430 2171 1490 homo
2207 1447 2506 1491 amorem
2540 1436 2608 1489 et
2644 1433 2955 1491 timorem
2991 1433 3072 1491 ad
3107 1432 3313 1492 Deum
3351 1433 3574 1507 habet,
3608 1450 3757 1508 qua-

679 1544 876 1598 tenus
927 1538 993 1595 in
1042 1536 1176 1595 illis
1227 1541 1523 1594 aratrum
1576 1533 2055 1610 apprehendat,
2105 1539 2174 1592 et
2223 1549 2461 1609 agrum
2498 1549 2697 1593 suurn
2734 1533 2993 1594 fructus
3029 1536 3300 1611 gignere
3338 1533 3561 1609 faciat,
3598 1540 3660 1594 et
3690 1541 3754 1593 ut

675 1643 948 1703 inutiles
996 1641 1262 1707 herbas,
1287 1640 1576 1711 devitet,
1629 1654 1707 1698 ac
1756 1644 1829 1697 ut
1877 1654 1994 1699 eas
2044 1639 2372 1712 eradicet,
2425 1653 2551 1697 nec
2603 1639 2669 1697 in
2717 1637 2846 1697 hoc
2897 1639 3126 1699 labore
3173 1639 3468 1698 taedium
3506 1639 3752 1712 habeat;

672 1748 848 1824 quod
897 1756 1212 1821 magnum
1259 1743 1720 1804 testimonium
1766 1747 1834 1802 et
1882 1757 2122 1817 magna
2173 1759 2280 1801 res
2328 1748 2464 1817 est,
2503 1743 2660 1818 quia
2697 1744 2958 1803 coelum
2992 1745 3059 1803 et
3092 1747 3274 1803 terra
3308 1743 3435 1803 hoc
3467 1750 3755 1805 evertere

669 1869 804 1912 non
845 1857 1164 1928 possunt,
1215 1849 1532 1925 quoniam
1580 1847 1838 1906 coelum
1889 1852 1956 1906 et
2005 1851 2186 1906 terra
2235 1846 2317 1906 ad
2369 1847 2550 1906 aliud
2600 1864 2731 1907 non
2782 1847 3093 1923 tendunt,
3126 1842 3173 1925 ¹)
3224 1864 3428 1925 quam
3471 1847 3552 1907 ad
3588 1848 3650 1907 id
3681 1847 3755 1906 ad

675 1957 851 2034 quod
899 1956 1121 2031 posita
1170 1956 1344 2014 sunt.
1381 1951 1504 2023 Qui
1538 1957 1764 2012 autem
1804 1952 1986 2009 vitae
2018 1950 2426 2011 desiderium
2462 1950 2684 2026 habet,
2724 1953 2790 2010 in
2824 1952 2939 2010 illo
2973 1952 3137 2011 haec
3173 1953 3379 2011 verba
3413 1953 3750 2028 percipiat,

667 2080 745 2122 ac
779 2080 857 2122 ea
893 2063 958 2122 in
995 2060 1277 2120 interius
1313 2057 1697 2118 cubiculum
1732 2056 1959 2115 cordis
1995 2056 2103 2115 sui
2139 2056 2476 2116 recondat.

758 2167 864 2227 66.
909 2166 990 2226 Et
1022 2181 1177 2225 ecce
1212 2161 1554 2240 praefatae
1587 2160 2041 2221 multitudinis
2075 2162 2244 2221 alios
2280 2162 2607 2237 malignos
2636 2162 2771 2221 vidi
2808 2163 3111 2238 spirituS,
3142 2164 3256 2239 qui
3285 2163 3498 2223 multo
3526 2164 3758 2222 clamo-

665 2287 736 2330 re
782 2269 1333 2331 vociferabantur
1379 2266 1711 2325 dicentes:
1768 2285 1798 2322 «
1842 2265 2061 2336 Quare
2109 2265 2376 2324 Lucifer
2409 2281 2647 2325 servus
2682 2266 3120 2341 subiectionis
3162 2274 3378 2342 esset,
3432 2282 3582 2326 cum
3613 2282 3752 2326 eum

668 2393 699 2430 ι
737 2372 1088 2432 Dominum
1123 2385 1274 2428 esse
1307 2368 1572 2429 deceat?
1610 2387 1641 2424 »
1682 2368 1801 2427 Isti
1836 2368 2012 2427 enirn
2049 2368 2433 2428 hominibus
2482 2369 2919 2428 voracitatem
2956 2377 3367 2446 proponunt,
3421 2386 3497 2430 ac
3531 2386 3644 2431 eos
3675 2370 3750 2429 ad

661 2478 920 2538 ventris
957 2475 1313 2549 ingluviem
1352 2472 1781 2532 suasionibus
1809 2472 1954 2531 suis
1985 2472 2257 2532 ducunt.

2120 2695 2306 2758 LVII.

1853 2893 1943 2952 De
1980 2893 2301 2968 inqlum'ei
2334 2909 2566 2968 poena.

750 3102 854 3167 67.
905 3101 981 3165 Et
1033 3119 1344 3179 magnum
1397 3102 1615 3177 ignem
1669 3102 1935 3161 sortiter
1968 3101 2315 3160 ardentem
2351 3101 2521 3175 vidi,
2559 3100 2675 3176 qui
2708 3103 2912 3160 etiam
2947 3103 3302 3178 quamdam
3340 3104 3745 3181 nigredinem

659 3216 724 3272 in
772 3229 844 3272 se
895 3211 1216 3284 habebat,
1269 3209 1334 3267 in
1368 3224 1499 3284 qua
1533 3207 1729 3266 valde
1763 3206 2062 3265 ardebat.
2099 3207 2172 3264 In
2207 3206 2354 3280 igne
2389 3202 2613 3265 autem
2645 3206 2776 3264 isto
2809 3211 2877 3265 et
2915 3208 2978 3266 in
3012 3208 3357 3283 nigredine
3392 3210 3564 3284 ejuS,
3614 3209 3743 3268 ani-

661 3333 808 3376 mae
834 3330 1004 3392 quae
1038 3312 1290 3372 ventris
1324 3311 1688 3387 ingluviem
1725 3312 1790 3369 in
1822 3310 2219 3385 corporibus
2254 3311 2397 3369 suis
2431 3309 2824 3385 dilexerant,
2859 3312 3324 3384 puniebantur.
3366 3312 3494 3373 Sed
3522 3317 3585 3373 et
3609 3314 3747 3390 qui-

651 3424 812 3482 dam>
851 3420 934 3479 de
982 3417 1349 3494 praedictis
1375 3416 1752 3491 ‘spiritibus
1801 3415 2128 3490 quasdam
2177 3414 2509 3473 scintillas
2551 3415 2636 3473 ab
2670 3414 2904 3474 eodem
2938 3416 3087 3491 igne
3121 3424 3596 3491 excusserunt,
3633 3432 3745 3491 per

661 3541 832 3601 quas
880 3520 1150 3582 easdem
1198 3520 1455 3578 animas
1491 3518 1900 3592 affligebant,
1936 3517 2258 3576 dicentes:
2315 3536 2345 3575 ι
2384 3517 2621 3576 Wach!
2666 3517 2836 3576 istae
2871 3534 3159 3595 corpora
3205 3519 3561 3595 plusquam
3612 3521 3742 3579 ani-

656 3650 689 3689 »
722 3643 868 3687 mas
901 3640 1062 3686 suas
1093 3624 1485 3683 dilexerunt.
1527 3640 1559 3679 ι»
1597 3622 1761 3681 Nam
1794 3626 2070 3697 propter
2111 3637 2425 3696 magnum
2461 3622 2829 3698 appetitum
2862 3622 3165 3682 ciborum
3199 3629 3266 3682 et
3299 3630 3602 3700 potuum,
3638 3623 3740 3683 cui

650 3747 936 3807 corpora
983 3743 1107 3788 sua
1148 3727 1651 3800 insudaveram,
1688 3726 1847 3785 dum
1880 3725 1948 3784 in
1982 3724 2237 3783 eisdem
2272 3726 2670 3799 corporibus
2704 3727 2846 3786 suis
2886 3727 3195 3803 fuissent,
3232 3729 3542 3789 ardorem
3577 3729 3741 3806 ignis

653 3835 852 3910 hujus
902 3830 1301 3903 sentiebant;
1354 3834 1419 3888 et
1466 3834 1741 3904 propter
1788 3827 2081 3904 plurima
2129 3829 2303 3887 mala
2352 3841 2523 3904 quae
2559 3845 2678 3903 per
2708 3829 3008 3889 eamdem
3043 3832 3484 3891 voracitatem
3518 3848 3739 3909 perpe-

654 3942 1018 4010 traverant,
1056 3934 1466 4009 nigredinem
1502 3931 1701 4009 hujus
1732 3929 1782 4012 ²)
1821 3932 2265 4005 sustinebant3
2304 3948 2380 3991 ac
2414 3933 2729 4007 quoniam
2761 3932 2927 3993 haec
2961 3937 3183 3996 omnia
3218 3951 3336 4012 per
3367 3954 3605 3998 vanam
3639 3954 3741 3997 su-

652 4044 1103 4120 perfluitatem
1142 4039 1469 4111 fecerant,
1506 4038 1838 4097 scintillas
1872 4036 2175 4113 eiusdem
2218 4036 2391 4111 ignis
2426 4041 2493 4095 et
2526 4037 2747 4096 visum
2782 4038 3166 4099 eorumdem
3206 4042 3562 4114 spirituum
3597 4056 3742 4118 pas-

660 4165 776 4209 sae
811 4152 987 4207 sunt.
1021 4146 1100 4205 Et
1134 4160 1253 4219 per
1283 4144 1619 4203 viventem
1655 4140 1974 4216 Spiritum
2010 4140 2145 4201 vidi
2183 4146 2247 4199 et
2283 4142 2576 4201 intellexi
2614 4142 2799 4203 haec.

2094 4368 2308 4427 LVIII.

1713 4578 1716 4583 ’
1769 4564 1858 4623 De
1908 4564 2103 4639 pulcre
2146 4564 2583 4638 poenitentia.

739 4774 846 4834 68.
897 4774 975 4833 Et
1013 4773 1252 4832 iterum
1287 4770 1368 4830 de
1402 4768 1746 4846 praedicta
1779 4770 2045 4828 vivente
2081 4770 2227 4828 luce
2262 4769 2488 4827 audivi
2522 4785 2752 4828 vocem
2788 4770 2949 4831 mihi
2984 4772 3335 4834 dicentem:
3365 4775 3541 4834 Haec
3567 4788 3730 4850 quae

645 4880 858 4951 videS,
908 4893 1069 4936 vera
1117 4881 1295 4949 sunt,
1349 4873 1653 4933 homines
1696 4879 1918 4932 autem
1953 4873 2211 4932 ventris
2249 4872 2613 4948 ingluviem
2646 4877 2980 4949 amanteS,
3019 4876 3076 4935 si
3113 4876 3234 4935 has
3271 4877 3725 4937 infestationes

646 4984 1043 5044 daemonum
1093 4986 1159 5038 et
1210 4979 1331 5037 has
1368 4976 1678 5036 miserias
1713 4991 2077 5051 poenarum
2111 4975 2395 5035 evadere
2428 4977 2783 5053 voluerint,
2822 4980 3298 5040 abstinentiam
3331 4982 3628 5041 ciborum
3660 4986 3725 5037 et

722 5137 764 5201 ¹)
793 5137 961 5192 tendit
989 5133 1053 5188 A.
1088 5166 1153 5172 —-
1179 5134 1224 5199 ⁴³)
1254 5135 1430 5204 ipsius
1454 5128 1518 5184 A.
