4036 6117
1588 485 2052 533 amsi-omis.
3177 470 3306 533 387

383 627 417 667 ι
450 605 773 681 Quoniam
797 605 966 670 bene
992 624 1030 668 a
1055 605 1363 668 claritate
1398 608 1464 668 in
1488 608 1886 684 claritatem,
1916 608 2109 685 qu‘us
2137 607 2356 668 anima
2389 623 2652 682 semper
2678 606 2898 668 lucida
2924 607 3198 668 vicariis
3231 606 3377 683 qui-

291 711 574 775 busdam
608 719 676 773 et
708 712 920 789 gratis
955 713 1385 773 successibus
1420 730 1457 774 a
1493 713 1740 774 lumine
1784 714 1983 790 quod,
2023 719 2095 774 ut
2128 729 2334 790 supra
2366 712 2619 773 dictum
2654 718 2781 788 est,
2831 712 3063 772 umbra
3095 713 3373 772 viventis

289 818 566 877 luminis
598 817 928 878 nominari
964 816 1174 890 audit,
1214 817 1544 892 translata
1578 819 1645 879 in
1693 819 1913 895 ipsum
1961 820 2185 879 lumen
2217 820 2421 894 vitae,
2456 817 2592 879 Deo
2627 818 3115 893 gratulabunda
3164 816 3375 892 loqui-

292 927 420 981 tur:
459 921 860 1000 Adimplebis
907 941 1011 982 me
1062 923 1319 983 laetitia
1351 941 1503 984 cum
1550 923 1740 983 vultu
1775 931 1907 998 tu03
1945 929 2032 984 et:
2071 924 2421 1000 Siynatum
2454 929 2547 983 est
2585 941 2784 1000 super
2815 941 2918 982 me
2971 924 3199 982 lumen
3233 923 3375 982 vul-

289 1032 398 1085 tus
432 1029 554 1100 tui,
592 1028 900 1098 Domine,
936 1030 1248 1105 quoniam
1294 1029 1476 1104 apud
1509 1033 1571 1087 te
1619 1033 1713 1087 est
1745 1029 1894 1107 fons
1925 1029 2124 1103 vitae,
2160 1034 2223 1087 et
2257 1030 2330 1089 in
2366 1028 2621 1087 lumine
2654 1033 2767 1086 tuo
2799 1027 3022 1087 videbo
3056 1029 3301 1088 lumen.
3326 1023 3373 1107 ¹)

285 1130 455 1201 Quia
489 1130 940 1192 illustratione
970 1132 1261 1192 viventis
1297 1131 1557 1192 scilicet
1594 1132 1889 1208 luminis,
1925 1133 2235 1209 quamvis
2270 1147 2448 1205 raro,
2497 1131 2656 1192 dum
2705 1132 3150 1209 perfunditur,
3183 1139 3261 1192 ut
3293 1148 3373 1192 ex

290 1234 576 1294 lectione
609 1235 988 1296 litterarum
1034 1237 1181 1313 ejus
1230 1237 1594 1313 colligitur,
1645 1239 1786 1299 tota
1817 1253 1860 1298 a
1888 1237 2024 1298 Deo
2071 1237 2474 1297 mirabiliter
2520 1236 2865 1298 alteratur:
2906 1243 2978 1297 ut
3011 1238 3188 1297 sicut
3230 1253 3379 1313 per-

289 1338 523 1398 hibent
570 1340 686 1417 qui
734 1356 883 1401 eam
919 1340 1341 1403 familiariter
1374 1347 1729 1418 noverunt,
1779 1358 1861 1403 ex
1909 1342 2059 1419 ipsa
2091 1341 2488 1402 alteratione
2521 1342 2628 1401 vel
2678 1341 3056 1416 spiritualis
3090 1342 3196 1402 vel
3229 1357 3377 1401 cor-

286 1458 533 1518 poreae
571 1443 1008 1519 fortitudinia,
1043 1460 1178 1522 qua
1212 1452 1371 1505 tunc
1406 1446 1635 1521 vigere
1667 1447 1987 1521 cernitur,
2025 1449 2289 1507 torrens
2326 1446 2438 1506 ille
2476 1446 2707 1521 igneus
2741 1445 2822 1506 ad
2857 1445 3091 1507 horam
3127 1446 3194 1506 in
3226 1463 3374 1508 eam

286 1547 566 1608 influere
597 1548 1009 1625 perhibetur,
1056 1550 1140 1610 de
1187 1566 1319 1627 quo
1367 1555 1696 1611 cantatur:
1751 1570 1782 1609 ι
1823 1550 2048 1613 Subito
2091 1553 2309 1629 factus
2342 1555 2438 1610 est
2488 1550 2567 1609 de
2618 1550 2792 1611 coelo
2840 1568 3066 1623 sonus,
3100 1559 3163 1612 et
3209 1557 3376 1613 tam-

283 1672 489 1732 quam
522 1656 795 1732 spiritus
829 1659 1117 1731 torrenS,
1152 1657 1432 1733 replevit
1467 1661 1672 1716 totam
1701 1655 1991 1730 domum,
2032 1674 2064 1713 x·
2094 1652 2145 1732 ²)
2180 1660 2247 1714 et
2284 1656 2464 1715 item:
2504 1673 2535 1712 ι
2575 1655 2859 1716 Advenit
2892 1657 3067 1733 ignis
3098 1657 3370 1721 divinus

288 1778 420 1821 non
470 1762 908 1837 comburens„
945 1762 1062 1823 sed
1097 1763 1507 1838 illuminanS,
1555 1777 1678 1823 nec
1710 1777 2137 1837 consumme,
2188 1761 2307 1822 sed
2342 1762 2597 1834 lucens»,
2646 1766 2717 1820 et
2749 1761 3003 1823 invenit
3050 1762 3252 1823 corda
3284 1763 3383 1823 di-

288 1866 704 1942 scipulorum
738 1866 1162 1943 receptacula
1196 1865 1463 1941 munda,
1499 1872 1567 1926 et
1599 1865 1837 1926 tribuit
1867 1867 1966 1926 eis
2000 1865 2486 1926 charismatum
2526 1864 2724 1929 dona.
2757 1860 2806 1946 ⁸)
2836 1884 2869 1925 »
2907 1868 3089 1927 Tunc
3128 1868 3375 1927 etenim

287 1968 513 2029 animo
546 1969 860 2044 alacrior,
909 1971 1101 2030 vultu
1149 1969 1509 2044 ardentior,
1549 1969 1863 2030 subtilior
1910 1984 2134 2042 sensu,
2186 1969 2558 2045 promptior
2605 1985 2933 2045 sermone,
2984 1975 3053 2029 et
3094 1955 3376 2046 corp'ore

286 2072 534 2148 agilior
563 2072 887 2147 redditur3
938 2074 1032 2134 ita
1063 2080 1138 2134 ut
1184 2089 1338 2133 cum
1385 2075 1518 2134 alio
1553 2080 1852 2148 tempore
1902 2089 2263 2149 numquam
2313 2075 2444 2133 nisi
2478 2074 2562 2133 ab
2597 2088 2728 2134 una
2761 2089 2882 2133 seu
2914 2072 3177 2135 duabus
3226 2089 3378 2133 san-

290 2174 795 2236 ctimonialibus
829 2181 1207 2235 sustentata
1240 2177 1582 2252 procedat,
1618 2174 1851 2235 eodem
1887 2183 2224 2237 momento
2259 2178 2429 2237 miro
2464 2178 2660 2238 modo
2696 2178 3032 2252 roborata,
3069 2193 3199 2237 non
3233 2179 3377 2238 sine

292 2292 533 2353 magno
588 2277 988 2338 intuentium
1022 2283 1297 2355 stupore
1329 2286 1396 2340 et
1427 2279 1697 2357 gaudie,
1734 2279 1944 2342 libere
1991 2283 2060 2341 et
2107 2280 2361 2358 absque
2396 2281 2849 2356 amminicu10,
2898 2297 3031 2358 quo
3080 2281 3372 2342 libuerit.

294 2380 579 2442 incedat.

388 2508 419 2547 ι
459 2488 585 2549 Sed
619 2490 779 2567 quid
814 2491 1082 2567 mirum,
1120 2493 1180 2554 si
1212 2508 1364 2553 cum
1399 2510 1436 2552 a
1470 2493 1845 2570 majestate,
1882 2494 2076 2572 quus
2109 2500 2275 2555 nutu
2308 2502 2663 2556 moventur
2695 2495 2939 2570 omnia,
2987 2495 3378 2555 instinctum

288 2594 568 2670 patitur,
602 2594 856 2671 absque
904 2597 1157 2671 impetu
1204 2603 1272 2657 et
1307 2597 1450 2674 ipsa
1499 2613 1651 2658 esse
1697 2615 1828 2659 non
1859 2599 2116 2659 valeat?
2161 2599 2386 2658 Nonne
2420 2599 2542 2659 tibi
2579 2599 2868 2674 interim,
2919 2600 2987 2658 et
3017 2599 3075 2659 si
3107 2616 3239 2659 non
3271 2614 3373 2673 ea,

288 2697 520 2774 aliqua
552 2700 776 2760 tamen
818 2700 1291 2776 praerogativa
1337 2717 1536 2777 posse
1583 2703 1850 2764 videtur
1896 2704 2144 2779 dicere,
2195 2704 2371 2779 quod
2419 2706 2691 2779 gestans
2741 2704 2807 2764 in
2854 2708 3047 2764 utero
3090 2703 3380 2765 salutem

290 2808 618 2878 nostram,
670 2804 784 2864 illa
818 2803 1119 2880 Domina,
1173 2819 1375 2882 super
1423 2822 1654 2867 omnes
1707 2806 1988 2868 feminas
2038 2808 2411 2883 benedicta,
2463 2824 2585 2884 per
2632 2823 2834 2885 quam
2868 2823 2942 2868 se
2992 2814 3375 2885 reparatum

289 2907 550 2967 exultat
580 2922 790 2982 genus
828 2908 1215 2982 humanum,
1248 2910 1534 2971 dicebat:
1576 2930 1608 2970 ‹
1645 2911 1854 2972 Filiae
1889 2911 2337 2987 Hierusalem,
2366 2913 2527 2989 quid
2566 2928 2669 2972 me
2703 2912 3176 2987 ammiramini,
3212 2913 3382 2972 divi-

294 3006 461 3074 num·
486 3018 592 3075 est
625 3016 1020 3091 mysterium
1053 3016 1180 3077 hoc
1212 3017 1389 3094 quod
1425 3016 1725 3079 cernitis.
1765 3036 1797 3076 ι

390 3135 422 3175 ‹
458 3116 698 3177 Fertur
730 3117 947 3178 adhuc
993 3119 1076 3178 de
1113 3120 1257 3196 ipsa
1304 3126 1372 3180 et
1419 3120 1601 3181 aliud
1635 3120 1965 3196 mirabile,
2018 3122 2198 3197 quod
2233 3138 2302 3182 se
2344 3122 2711 3182 familiares
2758 3121 2907 3197 ejus
2953 3120 3222 3194 saepius
3271 3136 3380 3179 ex-

293 3225 523 3300 pertos
570 3224 698 3284 sub
745 3226 1128 3287 testimonio
1176 3227 1486 3286 veritatis
1534 3233 1868 3301 asserunt,
1922 3229 2082 3305 quia
2127 3229 2286 3288 dum
2332 3230 2393 3287 ei
2444 3229 2740 3288 scribere
2788 3226 3082 3302 aliquid,
3133 3226 3241 3285 vel
3288 3226 3374 3285 ad

293 3333 771 3393 ammonendos
803 3333 1033 3395 fideles
1079 3339 1147 3393 et
1193 3333 1589 3409 corrigenda
1636 3334 1863 3411 aliqua
1912 3335 1977 3395 in
2028 3335 2477 3410 monasteriis,
2531 3334 2644 3394 ubi
2677 3349 2954 3394 necesse
2996 3337 3126 3407 est,
3180 3333 3374 3407 longe

296 3438 402 3497 vel
434 3453 641 3514 prope
686 3438 1008 3499 divinitus
1050 3438 1233 3499 exire
1284 3438 1671 3515 imperatur:
1724 3439 1785 3500 si
1817 3456 1949 3499 non
1982 3440 2275 3516 quidem,
2327 3439 2505 3515 quod
2538 3439 2738 3508 absit,
2777 3439 3060 3514 segnitie
3109 3444 3228 3498 aut
3260 3438 3375 3499 ob-

298 3540 697 3617 stinatione,
748 3541 867 3602 sed
915 3543 989 3602 ut
1037 3540 1323 3602 feminea
1373 3541 1762 3618 formidine,
1814 3559 1933 3603 seu
1979 3544 2293 3620 virginali
2350 3544 2602 3619 pudore
2657 3544 3084 3619 aliquatenus
3139 3558 3377 3621 parere

297 3646 662 3721 distulerit,
712 3662 795 3706 ne
844 3646 1104 3706 scilicet
1148 3647 1694 3723 praesumptione
1743 3648 1983 3724 quavis
2031 3653 2101 3707 et
2133 3649 2377 3724 spiritu
2412 3664 2532 3708 suo
2566 3648 2673 3723 agi
2707 3648 2994 3722 dicatur,
3047 3647 3279 3708 statim
3310 3646 3373 3706 ei

292 3750 732 3826 aegritudinis
764 3749 1147 3827 duplicatur
1180 3751 1539 3826 flagellum,
1573 3756 1643 3810 et
1674 3752 1746 3813 fit
1782 3752 2048 3829 signum
2097 3754 2231 3813 tale
2265 3753 2330 3813 in
2364 3768 2465 3826 ea,
2504 3757 2576 3812 ut
2609 3768 2892 3827 prorsus
2942 3753 3253 3811 obstruat
3296 3767 3373 3811 os

296 3855 708 3933 loquentium
761 3854 1008 3931 iniqua,
1045 3855 1359 3931 quoniam
1407 3855 1631 3915 subito
1666 3857 1807 3916 tota
1854 3857 1954 3916 sic
1987 3856 2378 3932 obrigescit,
2431 3862 2503 3917 ut
2549 3872 2681 3916 non
2713 3871 2872 3916 caro
2910 3855 3222 3929 humana,
3259 3855 3376 3915 sed

297 3962 550 4037 lignum
597 3946 953 4021 inflexibile
985 3975 1231 4037 corpus
1278 3959 1426 4037 ejus
1457 3960 1788 4037 videatur,
1839 3977 1959 4021 nec
1992 3962 2076 4022 ab
2110 3962 2236 4023 hoc
2269 3962 2514 4037 rigore,
2554 3961 2763 4020 donec
2794 3959 2984 4036 jussa
3019 3957 3371 4033 compleat,

301 4069 661 4128 relaxatur.
700 4084 732 4124 ι

390 4170 570 4231 Haec
614 4176 684 4231 et
715 4169 999 4243 similia,
1052 4175 1205 4246 post
1240 4170 1450 4230 lectas
1498 4169 1761 4231 litteras
1803 4173 1994 4247 tuaS‚
2047 4187 2199 4231 cum
2251 4172 2592 4231 auditores
2643 4186 2846 4246 supra
2895 4169 3001 4230 his
3051 4170 3374 4230 attonitos

298 4280 637 4349 cerneret,
687 4291 819 4335 non
850 4275 1192 4349 aemulus,
1244 4274 1361 4334 sed
1394 4274 1756 4335 benevolus
1790 4282 2058 4336 tuarum
2101 4277 2526 4353 praedicator
2575 4276 2686 4335 ille
2719 4275 3123 4351 gloriarum,
3161 4278 3378 4336 mater

301 4382 687 4457 reverenda,
735 4382 817 4443 de
850 4383 1067 4459 gratia
1102 4383 1225 4443 tibi
1259 4382 1545 4443 coelitus
1577 4383 1825 4443 collata
1855 4389 2256 4460 prosecutus
2289 4389 2414 4457 est,
2450 4384 2854 4458 eosdemque
2886 4388 2954 4443 et
2987 4382 3053 4442 in
3084 4382 3204 4443 Dei
3236 4383 3377 4444 lau-

296 4492 450 4551 dem
483 4495 549 4551 et
582 4489 679 4550 tui
713 4489 1250 4550 ammirationem
1285 4488 1723 4552 ferventiores
1756 4489 1996 4551 effecit.
2035 4491 2106 4549 In
2141 4508 2337 4551 unam
2377 4491 2600 4568 itaque
2632 4488 2933 4550 universi
2980 4489 3376 4549 convenien-

299 4605 402 4658 tes
451 4596 882 4669 sententiam,
919 4595 1225 4655 eumdem
1272 4596 1656 4671 Dominum,
1694 4596 1808 4672 qui
1843 4596 1910 4656 in
1943 4596 2196 4656 sanctis
2245 4596 2388 4655 suis
2424 4611 2623 4671 saepe
2655 4599 2760 4654 est
2795 4594 3148 4668 mirabiliS,
3185 4610 3374 4670 prae-

295 4702 612 4764 dicabant
642 4702 711 4762 in
745 4705 829 4777 te,
865 4702 1058 4778 cujus
1093 4719 1386 4779 munere,
1421 4709 1488 4764 et
1521 4703 1738 4780 gloria
1776 4703 2208 4779 virginitatiS,
2248 4705 2313 4763 in
2347 4702 2564 4763 medio
2601 4702 2893 4763 fornacis
2926 4701 3368 4778 Babylonicae

300 4807 546 4882 inusta,
597 4805 913 4882 refulgeS,
949 4812 1017 4866 et
1066 4806 1245 4868 fonte
1277 4809 1455 4868 vitae
1503 4809 1751 4882 potata,
1802 4808 2223 4869 dulcedinem
2270 4807 2490 4868 mellis
2539 4813 2604 4867 et
2638 4805 2859 4882 butyri
2909 4805 3373 4882 pinguedinem

300 4910 494 4971 nobis
526 4910 978 4970 esurientibus
1014 4908 1332 4972 refundis.

377 5144 419 5211 ¹)
444 5143 532 5200 Ps.
559 5142 687 5209 XV,
717 5149 801 5208 10;
826 5146 926 5209 IV,
951 5151 1004 5211 7;
1034 5143 1274 5210 XXXV,
1297 5149 1376 5203 10.
1401 5148 1500 5215 -²)
1526 5144 1960 5219 Acl.Apost.11,
1979 5145 2384 5213 2.-·-⁸)1terum
2414 5147 2658 5202 subeunt
2687 5142 2969 5200 Breviaria
2999 5140 3364 5198 Allemanica.
