4036 6117
1151 600 1156 603 ,
1221 539 1461 587 mat-:R
1508 542 1705 587 viras
1753 540 2242 589 MER1ToRUM.
2294 544 2351 589 P.
2404 542 2491 588 1v.
3207 525 3332 599 179

309 662 855 741 repromissionis
905 661 1188 739 adipisci
1244 667 1596 739 quaerunt,
1657 664 2186 739 superfluitatem
2235 663 2624 740 cupiditatis
2673 662 3013 739 abjiciant,
3066 670 3132 723 et
3181 665 3403 724 omnia

309 780 486 841 quae
544 767 770 841 agunt,
808 771 942 824 tam
977 764 1340 824 secundum
1399 767 1764 839 saeculum,
1817 783 2014 842 quam
2068 765 2433 826 secundum
2474 766 2680 826 Deum
2718 766 3165 826 moderantur.
3219 767 3399 827 Haec

310 872 537 930 autem
571 869 655 930 de
679 870 1159 946 poenitentium
1189 870 1538 929 animabus
1569 870 1932 945 purgandis
1965 877 2033 931 et
2067 869 2407 930 salvandis
2442 869 2619 930 dicta
2654 875 2832 944 sunt,
2867 873 2934 930 et
2968 869 3188 930 fidelia
3222 877 3397 942 sunt,

311 981 382 1035 et
414 974 630 1034 fidelis
664 974 768 1034 his
802 974 1122 1047 attendat,
1159 977 1227 1034 et
1258 989 1337 1033 ea
1373 975 1438 1032 in
1471 975 1864 1034 memoriam
1897 975 2109 1033 bonae
2144 974 2464 1033 scientiae
2499 979 2872 1049 componat.

403 1076 511 1139 86.
563 1078 713 1137 vidi
744 1094 1009 1154 quoque
1043 1079 1212 1137 alios
1248 1079 1530 1154 spiritus
1564 1077 1861 1153 ejusdem
1900 1057 2373 1152 multitudiniS,
2404 1094 2575 1154 quos
2602 1079 2806 1137 etiam
2839 1093 3079 1153 magno
3113 1034 3403 1140 clamore

320 1182 773 1243 vociferantes
799 1181 1044 1242 audivi:
1072 1181 1338 1241 Lucifer
1368 1181 1684 1241 Dominus
1716 1184 1944 1242 noster
1976 1188 2103 1256 est,
2141 1185 2208 1242 et
2238 1182 2488 1257 nulluS,
2527 1198 2678 1241 curn
2713 1180 2886 1257 apud
2923 1181 3108 1240 illum
3146 1196 3402 1256 sumUS,
3418 1254 3423 1257 .

310 1304 436 1348 nos
493 1288 920 1365 expugnabit.
958 1286 1041 1347 Hi
1089 1286 1265 1346 enim
1316 1285 1699 1346 hominibus
1748 1286 2152 1346 discordiam
2204 1291 2607 1363 proponunt,
2661 1301 2739 1345 ac
2787 1286 2888 1345 eis
2938 1291 3011 1344 ut
3058 1285 3403 1346 discordes

314 1394 478 1466 sint,
512 1395 578 1455 et
609 1400 685 1455 ut
716 1393 1141 1453 concordiam
1175 1392 1500 1451 virtutum
1539 1391 1818 1467 fugiant,
1857 1392 2280 1467 persuadent.

1747 1615 1984 1676 LXVII.

753 1825 846 1887 De
890 1826 1123 1902 poenis
1166 1826 1572 1901 purqatoriis
1620 1826 1961 1885 hominum
2010 1824 2426 1885 concordiam
2474 1824 2972 1901 neqliyentium.

415 2032 518 2093 87.
567 2031 649 2093 Et
684 2031 1040 2093 maximum
1096 2032 1313 2106 ignem
1349 2031 1508 2106 vidi,
1539 2031 1729 2107 juxta
1763 2047 1961 2108 quem
1994 2031 2437 2091 densissimae
2483 2030 2795 2090 tenebrae
2831 2037 3306 2106 apparuerunt,
3344 2031 3411 2090 in

316 2138 564 2215 quibus
611 2150 879 2197 vermes
915 2135 1285 2195 horrendae
1321 2134 1573 2196 formae
1609 2135 1900 2210 fuerunt,
1938 2141 2006 2195 et
2042 2136 2108 2194 in
2140 2135 2386 2210 quibus
2419 2135 2621 2195 etiam
2664 2135 2935 2210 plurimi
2970 2135 3243 2210 maligni
3280 2136 3413 2210 spi-

321 2246 495 2305 ritus
529 2241 1016 2303 discurrebant.
1051 2242 1129 2301 Et
1165 2242 1230 2300 in
1262 2242 1493 2316 poenis
1529 2241 1677 2300 istis
1712 2241 1972 2300 animae
2011 2241 2277 2300 illorum
2312 2241 2781 2315 puniebantur,
2821 2240 2932 2315 qui
2974 2239 3132 2299 dum
3167 2240 3234 2300 in
3266 2256 3412 2300 cor-

321 2348 602 2425 poribus
636 2346 776 2406 suis
813 2344 1582 2420 fuissent‚.concordiam
1617 2346 1997 2404 sanctitatis
2031 2346 2482 2421 neglexerant,
2518 2350 2584 2404 et
2617 2343 3018 2404 discordiam
3059 2344 3189 2404 sibi
3224 2360 3412 2404 asso-

323 2452 689 2525 ciaverant,
742 2450 834 2510 ita
867 2448 1043 2525 quod
1090 2448 1172 2508 de
1206 2449 1439 2510 eodem
1476 2450 1624 2524 igne
1673 2449 1755 2508 ad
1786 2448 2165 2525 praedictas
2214 2449 2528 2508 tenebras
2577 2448 2891 2522 transire,
2928 2450 2996 2507 et
3027 2447 3109 2508 de
3140 2448 3411 2533 ‘eisdem

325 2554 621 2615 tenebris
655 2553 737 2613 ad
767 2554 984 2628 ignem
1010 2552 1253 2627 redire,
1284 2553 1596 2628 malignis
1623 2553 1971 2628 spiritibus
1997 2570 2111 2611 eas
2139 2568 2404 2627 semper
2431 2552 2950 2628 impellentibuS‚
2980 2551 3411 2626 cogebantur.

323 2661 490 2731 Quia
525 2660 701 2720 enim
739 2674 932 2719 omne
966 2659 1214 2717 malum
1247 2674 1368 2734 per
1399 2657 1804 2718 discordiam
1837 2658 2354 2732 suscitaverant,
2386 2658 2450 2716 in
2477 2656 2708 2716 eodem
2738 2658 2887 2732 igne
2921 2656 3309 2730 urebantur;
3347 2659 3414 2717 et

324 2770 482 2846 quia
517 2768 750 2828 multis
786 2767 910 2827 hoc
943 2767 1137 2827 modo
1172 2767 1538 2827 laesionem
1576 2769 1959 2841 intulerant,
1999 2769 2064 2828 in
2100 2768 2393 2828 tenebris
2429 2767 2574 2826 istis
2609 2766 3116 2842 torquebantur;
3152 2772 3220 2825 et
3253 2767 3411 2842 quia

322 2872 791 2945 crudelitatem
819 2873 886 2931 in
919 2888 991 2933 se
1026 2872 1419 2947 habuerant,
1457 2889 1494 2931 a
1528 2871 1850 2947 praefatis
1884 2872 2228 2931 vermibus
2264 2871 2755 2946 affligebantur3
2793 2873 2859 2930 et
2892 2871 3050 2946 quia
3081 2885 3201 2945 per
3237 2869 3411 2929 idem

324 2979 562 3040 vitium
599 2978 924 3053 plurimos
957 2991 1185 3035 errare
1223 2975 1538 3051 fecerant,
1569 2976 1650 3035 de
1687 2977 1835 3052 igne
1870 2976 1953 3036 ad
1987 2977 2301 3037 tenebras
2335 2980 2401 3036 et
2434 2976 2514 3035 de
2549 2975 2845 3037 tenebris
2879 2974 2961 3034 ad
2991 2975 3209 3049 ignem
3235 2979 3415 3034 tran-

326 3088 464 3145 sire
499 3100 618 3161 per
651 3084 981 3159 malignos
1015 3083 1298 3158 spiritus
1332 3082 1922 3158 compellebantur.

1737 3304 2006 3365 LXVIII.

1312 3502 1403 3562 De
1447 3502 1866 3579 poenitentia
1905 3521 2031 3579 pro
2088 3501 2435 3563 discordia.

421 3709 526 3771 88.
576 3709 656 3770 Et
688 3709 826 3769 vidi
859 3716 925 3769 et
975 3710 1269 3769 intellexi
1304 3710 1486 3770 haec.
1523 3711 1601 3769 Et
1636 3711 1717 3770 de
1765 3710 2067 3787 praefata
2115 3712 2381 3771 vivente
2415 3702 2562 3770 luce
2613 3710 2837 3770 audivi
2888 3725 3119 3770 vocem
3170 3711 3413 3770 iterum

330 3816 661 3876 dicentem
689 3815 770 3875 ad
797 3831 921 3874 me:
951 3814 1130 3874 Haec
1163 3831 1334 3891 quae
1368 3816 1579 3890 videS,
1608 3832 1767 3876 vera
1795 3823 1970 3890 sunt,
1999 3822 2066 3875 et
2101 3822 2173 3876 ut
2204 3832 2281 3876 ea
2315 3816 2528 3890 videS,
2566 3815 2659 3875 ita
2694 3820 2873 3891 sunt,
2910 3821 2977 3875 et
3008 3816 3203 3891 plura
3237 3821 3414 3876 sunt.

332 3920 456 3981 Sed
490 3919 793 3980 homines
842 3920 957 3996 qui
1008 3920 1289 3995 spiritus
1338 3935 1454 3978 eos
1506 3919 1586 3978 ad
1634 3919 2043 3980 discordiam
2091 3920 2557 3996 pertrahentes
2592 3920 2928 3979 declinare
2962 3920 3319 3994 voluerint,
3354 3925 3423 3979 et

334 4023 451 4098 qui
483 4038 733 4098 poenas
766 4022 1064 4097 ejnsdem
1099 4022 1247 4081 vitii
1281 4021 1575 4097 effugere
1609 4024 2010 4098 optaverint,
2049 4023 2268 4082 cilicio
2305 4029 2372 4083 et
2398 4023 2790 4097 asperrimis
2812 4022 3087 4098 jejuniis
3113 4027 3181 4080 et
3204 4021 3424 4080 duris-

339 4127 529 4188 simis
561 4127 958 4187 verberibus
991 4143 1142 4186 cum
1169 4126 1435 4202 J‘ustitia
1471 4142 1543 4186 se
1577 4126 1898 4203 affligant,
1936 4143 2014 4187 ac
2049 4144 2312 4203 quoque
2349 4128 2574 4187 mollia
2611 4127 2877 4204 corpori
2912 4144 3032 4188 suo
3065 4127 3382 4187 devitent.

1723 4352 2021 4412 LXVIIII.

1510 4562 1605 4621 De
1653 4563 1812 4620 vitio
1859 4561 2249 4621 discordiae.

431 4767 534 4828 89.
572 4768 694 4840 Qui
722 4770 900 4829 enim
924 4770 1332 4831 discordiam
1357 4770 1664 4846 diligunt,
1695 4776 1763 4830 et
1787 4771 1900 4847 qui
1926 4771 1987 4830 ei
2015 4771 2381 4831 adhaerere
2407 4787 2671 4848 semper
2699 4770 3042 4846 festinant,
3073 4787 3112 4830 a
3136 4771 3427 4848 maligno

344 4871 580 4945 spiritu
616 4870 878 4947 fatigati
915 4876 1097 4934 sunt:
1134 4873 1307 4933 unde
1340 4877 1407 4934 et
1441 4875 1506 4932 in
1543 4874 1665 4932 hac
1698 4874 1996 4949 nequitia
2031 4891 2153 4934 sua
2187 4875 2269 4934 ad
2306 4881 2637 4935 tormenta
2673 4873 3147 4934 internecionis
3185 4875 3427 4934 transi-

349 4989 417 5032 re
458 4973 888 5049 jubebuntur.
925 4974 1090 5034 Nam
1123 4974 1462 5035 discordia
1493 4975 1786 5051 adjutrix
1820 4976 2242 5051 serpentinae
2279 4977 2574 5036 malitiae
2609 4979 2735 5046 est,
2772 4981 2841 5036 et
2879 4976 3167 5034 libenter
3200 4991 3433 5034 susur-

349 5080 469 5150 rat,
507 5091 585 5134 ac
617 5075 888 5136 diversa
935 5077 1214 5137 consilia
1252 5080 1517 5151 tractat,
1555 5081 1620 5138 et
1660 5077 1832 5138 bona
1881 5079 2165 5139 consilia
2214 5078 2521 5154 dissipat,
2558 5084 2626 5138 et
2662 5077 2838 5138 facta
2873 5079 3157 5138 aliorum
3193 5093 3427 5152 expro-

349 5175 517 5253 brat,
559 5195 634 5238 ac
674 5179 1100 5256 improbitate
1135 5181 1416 5240 aliorum
1438 5181 1726 5241 frendet.
1756 5182 1834 5241 Et
1870 5182 2014 5258 ipsa
2046 5182 2441 5256 sapientiam
2478 5198 2626 5241 esse
2663 5182 2818 5254 scit,
2859 5181 2971 5240 sed
3000 5197 3145 5239 eam
3185 5179 3435 5239 imitari
