4036 6117
739 499 826 569 84
1888 523 1941 568 s.
2005 520 2556 569 Htht-:cAnms

660 656 995 701 venenosa
1028 633 1230 702 vulva
1265 657 1384 717 per
1417 655 1492 701 os
1526 639 1885 716 Serpentis,
1922 644 2040 718 qui
2076 642 2142 701 in
2175 642 2564 716 deceptione
2599 656 2718 701 sua
2752 641 3214 716 interrogavit,
3252 656 3370 700 cur
3423 630 3618 701 homo
3652 651 3773 714 po-

662 757 844 803 mum
880 761 1004 804 non
1058 746 1510 806 manducaret.
1548 745 1668 805 Sed
1722 747 1985 823 quando
2021 746 2221 821 primi
2269 753 2582 822 parentes
2616 761 2736 820 per
2783 746 3138 806 consilium
3186 744 3529 822 Serpentis
3576 755 3774 821 prae-

656 855 925 922 ceptum
972 849 1089 908 Dei
1139 851 1545 924 transgressi
1599 856 1775 923 sunt,
1815 851 1882 909 in
1917 856 2130 908 morte
2181 851 2639 923 mortui‚sunt;
2678 850 2851 908 unde
2899 849 3103 908 etiam
3139 850 3518 909 alienantur
3552 859 3631 907 ex
3666 848 3766 907 eis

657 958 797 1016 nati
832 957 949 1016 filii
986 957 1050 1016 in
1085 958 1299 1032 prima
1334 958 1766 1030 conceptione
1801 972 1942 1029 sua,
1995 971 2115 1030 per
2151 962 2432 1014 mortem
2480 956 2835 1016 oblivionis
2882 954 3023 1029 Dei,
3060 971 3097 1014 a
3147 953 3561 1029 protectione
3608 965 3768 1010 san-

662 1062 943 1135 ctitatis;
982 1067 1048 1121 et
1081 1063 1166 1123 ob
1201 1062 1327 1121 boc
1364 1078 1673 1137 magnam
1706 1067 1773 1120 et
1807 1067 2283 1137 congruentem
2317 1063 2789 1121 abstinentiam
2823 1060 3127 1122 homines
3163 1062 3229 1122 in
3265 1061 3438 1121 cibis
3474 1060 3617 1119 suis
3652 1057 3772 1117 ha·-

657 1165 881 1240 beant,
919 1166 1235 1241 quoniam
1269 1167 1586 1241 antiquus
1622 1165 1837 1225 hostis
1876 1167 1939 1224 in
1976 1165 2387 1240 deglutiente
2423 1171 2693 1240 gutture
2728 1183 2849 1226 suo
2904 1166 3239 1225 hominem
3274 1165 3424 1225 cibo
3471 1164 3766 1239 primum

657 1270 938 1343 decepit.
984 1270 1149 1330 Cum
1182 1271 1357 1329 enim
1391 1275 1629 1345 gustus
1666 1270 1953 1329 hominis
1988 1270 2212 1329 cibum
2245 1271 2715 1344 postulaverit,
2753 1271 2933 1331 illico
2968 1271 3252 1331 avaritia
3287 1270 3608 1343 occurrit,
3644 1281 3768 1342 per

658 1386 862 1445 quam
895 1387 973 1428 ex
1006 1371 1314 1431 omnibus
1349 1373 1521 1430 cibis
1555 1378 1858 1431 ventrem
1894 1387 2090 1430 suum
2144 1372 2437 1446 impleat,
2477 1378 2543 1431 et
2592 1389 2823 1432 omnes
2864 1375 3015 1433 vias
3061 1373 3274 1433 bonae
3324 1373 3651 1432 scientiae
3700 1369 3767 1429 in

655 1491 954 1536 errorem
987 1476 1206 1537 ducat.
1243 1478 1321 1536 Et
1355 1478 1454 1536 sic
1489 1477 1791 1536 homines
1825 1483 2225 1552 erraverunt
2257 1477 2341 1536 ab
2377 1484 2589 1550 utem,
2629 1478 2889 1537 scilicet
2922 1494 3075 1538 cum
3108 1478 3308 1552 primi
3341 1481 3660 1552 parentes
3697 1474 3765 1532 in

654 1584 870 1660 primo
905 1585 1214 1659 originali
1251 1591 1525 1659 peccato
1561 1590 1909 1657 peccatum
1948 1583 2377 1658 incipiebant,
2416 1590 2482 1642 et
2518 1600 2670 1643 cum
2704 1591 2939 1659 postea
2972 1585 3206 1643 eadem
3257 1584 3587 1659 vertigine
3624 1596 3771 1641 mo·-

661 1686 831 1746 biles
867 1688 948 1746 ad
982 1696 1330 1763 peccatum
1366 1689 1631 1763 fiebant3
1669 1706 1821 1748 nam
1856 1694 2008 1762 post
2043 1694 2315 1763 gustum
2349 1687 2481 1747 cibi
2515 1695 2754 1764 gustus
2789 1690 3047 1762 peccati
3085 1688 3297 1763 affuit,
3332 1695 3391 1748 et
3442 1704 3594 1747 cum
3633 1687 3771 1745 ista·

653 1793 1104 1869 perfecerunt,
1156 1794 1362 1853 locuti
1398 1799 1553 1852 sunt
1605 1793 1798 1862 falsa,
1839 1793 1997 1868 quia
2031 1792 2350 1851 Diabolus
2402 1809 2715 1867 magnum
2764 1793 3185 1853 mendacium
3231 1809 3351 1867 per
3396 1792 3623 1851 cibum
3676 1791 3771 1849 in-

661 1899 927 1972 struxit,
965 1915 1095 1974 quo
1129 1898 1337 1957 Deum
1371 1905 1438 1957 et
1465 1897 1802 1974 justitiam
1836 1897 1983 1973 ejus
2018 1898 2396 1972 abnegavit.
2434 1895 2540 1956 Sic
2588 1899 2793 1956 etiam
2827 1903 2892 1956 et
2930 1913 3161 1957 omnes
3197 1898 3294 1957 illi
3332 1897 3607 1970 faciunt,
3650 1895 3766 1971 qui

656 2004 930 2078 crapula
980 2002 1113 2062 cibi
1146 2009 1212 2062 et
1260 2003 1587 2062 ebrietate
1637 2003 1771 2062 vini
1822 2008 2126 2062 ventrem
2176 2018 2372 2061 suum
2412 2004 2480 2061 in
2512 2003 2881 2062 voracitate
2918 2003 3211 2077 implent.
3260 2000 3386 2060 Per
3418 2000 3769 2075 crapulam

656 2107 832 2166 enim
884 2107 1002 2165 filii
1061 2105 1402 2166 hominum
1461 2108 1816 2166 mendaces
1875 2113 2070 2181 sunt,
2123 2112 2604 2183 postponentes
2661 2114 2727 2166 et
2784 2107 3193 2183 abnegantes
3248 2089 3627 2166 veritatem.
3688 2106 3768 2167 Et

654 2215 969 2288 quoniam
1003 2213 1243 2288 origini
1297 2213 1638 2272 hominum
1678 2213 2023 2286 suggestio
2057 2211 2317 2272 Diaboli
2367 2212 2589 2286 adest,
2629 2212 2928 2271 homines
2980 2211 3324 2272 mendacia
3374 2213 3768 2289 loquuntur,

656 2318 830 2376 sicut
864 2323 930 2376 et
963 2317 1280 2375 Diabolus
1321 2316 1498 2390 facit,
1529 2323 1595 2375 et
1631 2317 1724 2375 ita
1760 2332 1830 2374 se
1869 2316 2052 2389 ipsos
2085 2322 2152 2375 et
2186 2317 2354 2376 alios
2390 2317 2721 2375 occidunt.
2754 2316 2918 2375 Cum
2951 2317 3126 2374 enim
3160 2316 3319 2392 De0‚
3353 2317 3469 2393 qui
3502 2317 3767 2379 coelum

652 2425 719 2480 et
751 2425 1003 2481 terram
1037 2423 1314 2494 creavit,
1354 2438 1426 2480 se
1475 2428 1834 2496 opponunt,
1874 2422 1986 2480 ubi
2023 2423 2220 2481 erunt
2268 2423 2398 2481 nisi
2437 2423 2499 2480 in
2550 2422 2842 2482 inferno?
2876 2421 3001 2481 Sed
3048 2429 3116 2482 et
3162 2423 3494 2483 interdum
3543 2421 3769 2501 perdi-

656 2528 904 2584 tionem
955 2524 1162 2584 vitam
1211 2525 1576 2598 nominant,
1633 2541 1712 2583 ac
1761 2525 2020 2583 coelum
2070 2542 2222 2584 cum
2271 2526 2499 2584 verbis
2549 2525 2991 2600 sibimetipsis
3042 2540 3113 2583 se
3167 2524 3386 2585 facere
3436 2527 3766 2602 similant,

655 2629 831 2706 quod
868 2644 1205 2704 nunquam
1240 2629 1569 2703 viderunt,
1608 2636 1674 2688 et
1705 2630 1882 2705 quod
1917 2646 2258 2706 nunquam
2296 2631 2514 2691 facere
2548 2636 2882 2705 poterunt;
2924 2637 2992 2690 et
3025 2633 3230 2690 etiam
3265 2631 3442 2708 quod
3475 2633 3773 2708 perditio

660 2738 786 2805 est,
822 2747 1131 2806 magnum
1160 2731 1476 2791 honorem
1502 2733 1753 2805 dicunt;
1792 2750 1870 2793 ac
1905 2735 2273 2794 mendaciis
2311 2736 2455 2794 suis
2491 2734 2828 2793 hominem
2867 2735 2931 2794 in
2967 2736 3277 2795 omnibus
3313 2735 3529 2795 modis
3562 2736 3773 2798 desti-

658 2842 875 2909 tuunt;
915 2831 1248 2895 hominem
1283 2852 1550 2912 quoque
1583 2852 1702 2912 per
1737 2838 2117 2898 illusionem
2152 2838 2446 2912 laudant,
2486 2855 2563 2898 ac
2596 2854 2749 2898 eum
2783 2855 2904 2915 per
2936 2840 3400 2916 deceptionem
3426 2841 3770 2917 occidunt,

656 2946 725 2999 et
759 2940 856 2999 sic
895 2939 1026 2998 illis
1061 2940 1549 3014 assimilantur,
1586 2940 1701 3017 qui
1733 2942 2025 3000 vitulum
2061 2943 2126 3001 in
2160 2942 2333 3002 Oreb
2372 2943 2694 3017 fecerunt;
2725 2948 2792 3002 et
2827 2943 2942 3019 qui
2978 2944 3167 3002 illum
3193 2942 3401 3003 Deum
3426 2943 3641 3006 Israel
3667 2960 3775 3006 es-
3871 3003 3885 3013 ,

661 3060 731 3103 se
765 3043 1094 3104 dixerunt.
1128 3044 1208 3103 Et
1257 3043 1356 3103 sic
1390 3043 1694 3105 homines
1745 3045 1858 3105 isti
1900 3046 2175 3122 faciunt,
2227 3047 2343 3123 qui
2379 3047 2443 3106 in
2495 3046 2840 3107 mendacio
2881 3045 3208 3122 habitant,
3247 3049 3314 3108 et
3347 3047 3462 3124 qui
3498 3047 3775 3109 sibime-

660 3150 858 3223 tipsis
891 3165 1064 3208 vana
1113 3149 1497 3225 loquuntur,
1535 3157 1602 3210 et
1649 3151 1765 3226 qui
1803 3152 1867 3210 in
1916 3151 2225 3211 omnibus
2276 3152 2607 3211 creaturis
2654 3168 3196 3228 unamquamque
3246 3168 3387 3212 rem
3438 3153 3773 3215 sibimeti-

661 3255 807 3330 psis
841 3253 1263 3328 promittunt,
1301 3254 1665 3314 secundum
1699 3254 1873 3331 quod
1908 3256 2159 3316 volunt.
2192 3256 2272 3315 Et
2305 3272 2537 3317 omnes
2571 3258 2685 3332 qui
2720 3256 2848 3316 hoc
2895 3263 3125 3332 agunt,
3169 3256 3417 3316 mortui
3467 3261 3647 3331 sunt,
3690 3259 3767 3317 ut

662 3361 866 3418 etiam
901 3358 1082 3417 idola
1116 3365 1381 3419 mortua
1416 3366 1594 3434 sunt,
1632 3377 1710 3420 ac
1745 3376 1898 3420 cum
1932 3362 2259 3438 Aquilone
2294 3368 2471 3436 sunt,
2507 3367 2575 3421 et
2608 3363 2848 3437 Aquilo
2883 3366 3063 3437 sunt,
3098 3369 3167 3422 et
3200 3364 3300 3423 sic
3331 3362 3592 3423 cadent.

2090 3580 2339 3645 XLVII.

1916 3779 2008 3839 De
2064 3780 2514 3841 contentione,

756 3981 864 4044 56.
913 3984 1155 4056 Quinta
1198 3987 1418 4045 autem
1471 3985 1688 4062 imago
1737 3990 2231 4049 contentionem
2280 3991 2717 4066 demonstrat,
2767 4007 2940 4069 quae
2992 3992 3326 4053 fallaciam
3375 3991 3484 4052 hic
3532 3991 3770 4053 subse-

671 4092 924 4165 quitur,
961 4090 1119 4165 quia
1154 4106 1304 4149 cum
1340 4089 1538 4151 homo
1572 4092 1850 4151 mendax
1883 4099 2011 4167 est,
2048 4096 2534 4156 contentionem
2588 4098 2892 4173 incurrit,
2932 4100 3024 4159 ita
3073 4099 3248 4176 quod
3299 4099 3766 4177 unusquisque

667 4209 786 4269 per
822 4193 1122 4253 fraudem
1156 4198 1222 4253 et
1258 4195 1569 4255 iniuriam
1603 4212 1754 4256 cum
1792 4197 1998 4258 fratre
2035 4214 2156 4258 suo
2196 4199 2651 4261 fraudulenter
2699 4204 3058 4264 contendit.
3100 4204 3179 4264 Et
3228 4203 3393 4264 haec
3434 4204 3501 4263 in
3550 4204 3766 4263 forma

668 4297 957 4357 hominis
991 4302 1288 4373 apparet,
1324 4308 1389 4361 et
1424 4301 1682 4376 crispos
1732 4319 1809 4362 ac
1842 4304 2069 4379 nigros
2114 4306 2399 4380 ‘capillos
2433 4306 2656 4382 habet,
2701 4315 2767 4367 et
2819 4308 3056 4369 faciem
3106 4310 3390 4385 igneam,
3442 4310 3761 4386 quoniam

666 4400 863 4459 homo
899 4401 1013 4477 qui
1048 4402 1397 4463 rationalis
1433 4412 1558 4478 est,
1597 4408 2088 4467 contentionem
2123 4410 2337 4484 magis
2372 4412 2554 4470 amat
2588 4428 2789 4487 quam
2825 4419 3091 4472 caetera
3126 4413 3439 4473 animalia
3472 4428 3645 4489 quae
3678 4412 3769 4472 ir-

672 4504 1096 4564 rationabilia
1130 4513 1305 4581 sunt;
1345 4514 1410 4566 et
1444 4509 1647 4568 etiam
1682 4518 1982 4571 caeteras
2016 4516 2360 4573 creaturas
2396 4515 2849 4574 contendendo
2900 4516 3172 4590 saepius
3206 4515 3485 4589 deridet,
3536 4521 3603 4574 et
3637 4513 3766 4573 hoc

665 4624 786 4684 per
820 4610 1303 4684 impudicitiam
1341 4620 1740 4688 contortam,
1779 4622 1845 4675 et
1879 4633 1999 4692 per
2036 4619 2412 4678 molestiam
2447 4620 2887 4696 denigratam,
2920 4622 2984 4680 in
3018 4622 3373 4696 multiplici
3406 4620 3517 4680 via
3550 4621 3765 4681 scien-

674 4716 806 4773 tiae
860 4715 1040 4789 facit,
1078 4733 1155 4775 ac
1207 4718 1568 4778 intentione
1620 4720 1850 4794 igneae
1883 4723 2252 4782 voluntatis
2304 4740 2487 4800 suae,
2525 4742 2676 4785 cum
2730 4726 3123 4786 furibundus
3160 4726 3225 4785 in
3261 4726 3360 4785 ira
3395 4724 3539 4785 fuit.
3576 4725 3763 4797 Quod

666 4827 886 4880 autem
924 4838 1132 4898 cappa
1166 4824 1338 4883 varii
1389 4825 1635 4885 coloris
1672 4825 1902 4886 induta
1950 4831 2076 4902 est,
2115 4846 2286 4905 quae
2334 4831 2415 4889 ad
2454 4830 2767 4892 humeros
2820 4832 3144 4891 foramina
3180 4833 3403 4907 habet,
3438 4847 3558 4908 per
3590 4844 3765 4908 quae

662 4927 938 4987 brachia
973 4944 1095 4988 sua
1129 4929 1445 5003 extendit,
1484 4929 1607 4989 hoc
1642 4937 1743 4990 est
1776 4932 1952 5006 quod
1987 4932 2323 4993 desideria
2359 4951 2479 4995 sua
2514 4951 2632 5010 per
2664 4936 3063 4995 varietatem
3101 4937 3388 4996 aliorum
3438 4935 3760 4995 vitiorum

663 5033 850 5108 tegit,
895 5033 956 5092 in
995 5035 1241 5110 quibus
1274 5036 1477 5096 etiam
1510 5052 1630 5112 per
1663 5038 1870 5098 robur
1903 5038 2201 5099 insaniae
2236 5057 2397 5101 suae
2431 5043 2683 5102 nullam
2709 5044 3185 5119 integritatem,
3214 5059 3337 5103 nec
3372 5043 3577 5102 ullam
3607 5056 3765 5101 con-

667 5138 1080 5196 strictionem
1117 5140 1492 5213 probitatis,
1531 5142 1645 5200 sed
1693 5142 2021 5202 foramina
2070 5144 2540 5205 bacchantium
2591 5147 3034 5206 schismatum
3083 5146 3357 5221 babens,
3406 5146 3763 5221 prolonga-
