4036 6117
1593 484 2059 532 amsi-onae.
3176 469 3307 532 409

279 609 462 669 mino
513 609 644 670 Deo
692 626 873 686 spem
907 625 1148 666 meam:
1184 602 1230 684 ¹)
1267 606 1390 665 hoc
1431 610 1566 666 tota
1603 610 1826 667 cordis
1857 609 2178 666 aviditate
2209 606 2490 666 intendit
2522 611 2589 665 et
2622 604 2873 680 effecit,
2909 603 2959 684 ³)
2996 614 3069 665 ut
3118 623 3247 667 non
3272 623 3383 666 so·-

283 717 418 776 lum
471 716 987 792 limpidissimus
1037 714 1297 773 animae
1347 714 1492 789 ejus
1536 716 1773 774 oculus
1822 732 1948 773 non
1999 715 2465 790 divulgaretur
2515 712 2702 786 foriS‚
2756 713 2871 771 sed
2907 713 3106 772 etiam
3161 713 3379 788 ipsum

281 837 526 896 corpus
579 823 644 880 in
678 821 946 896 aliquod
996 820 1408 894 ergastulum
1463 819 1944 892 retruderetur,
2001 821 2110 877 ulii
2153 819 2211 877 in
2266 819 2701 878 securitatem
2754 823 2821 876 et
2869 817 3381 876 absconsionem

281 927 367 986 ab
417 927 596 985 omni
650 926 940 984 tumultu
990 924 1216 982 mundi
1267 924 1539 997 degenS‚
1594 924 1770 982 siout
1820 924 2149 981 neminem
2202 938 2279 980 ex
2316 922 2466 980 nisu
2518 920 3037 996 pulchritudinis
3087 934 3249 978 suae
3292 919 3386 978 al-

285 1031 539 1103 liceret,
589 1029 681 1088 ita
717 1044 866 1087 cum
899 1028 1118 1086 omnis
1155 1026 1368 1101 gloria
1416 1027 1562 1100 ejus
1598 1031 1779 1085 esset
1814 1027 1897 1086 ab
1935 1027 2136 1100 intus„
2196 1027 2437 1084 interni
2472 1026 3022 1099 contemplatoris
3072 1031 3384 1101 respectu

288 1151 557 1213 semper
592 1137 835 1211 posita,
875 1137 971 1194 illi
1008 1136 1133 1194 soli
1171 1136 1489 1210 placeret.

377 1240 901 1315 Circumspectis
949 1255 1107 1314 crgo
1157 1238 1477 1297 claustris
1525 1239 1867 1314 pluribus,
1930 1254 2090 1314 prae
2140 1239 2401 1298 cunctis
2454 1239 2641 1297 locus
2692 1237 3086 1297 monasterii
3136 1238 3383 1296 montis

290 1349 504 1409 sancti
547 1347 852 1408 Disibodi
899 1346 1234 1423 pontificis
1269 1347 1489 1406 animo
1539 1346 1686 1421 ejus
1745 1346 1939 1419 sedit,
1991 1362 2070 1405 eo
2106 1347 2281 1422 quod
2330 1352 2400 1405 et
2451 1352 2726 1406 sanctae
2775 1345 3120 1420 religionis
3172 1344 3390 1405 fervo-

291 1468 362 1512 re
412 1453 667 1529 passim
717 1451 1005 1510 celebris
1053 1450 1578 1527 praedicaretur,
1632 1454 1699 1509 et
1735 1450 1816 1509 ab
1867 1450 2324 1525 inquietudine
2375 1450 2719 1525 popularis
2770 1465 3141 1508 conc-ursus
3193 1448 3389 1507 feria-

291 1562 400 1615 tus
452 1556 831 1615 baberetur.
884 1555 1226 1613 Delectata
1279 1555 1502 1628 itaque
1537 1560 1604 1612 et
1656 1559 1833 1612 tacta
1867 1554 2058 1612 suavi
2112 1554 2321 1613 bonae
2357 1553 2555 1626 hujus
2602 1554 2938 1627 opinionis
2989 1553 3215 1623 odore,
3272 1554 3385 1612 illo

290 1661 594 1733 secessit,
646 1667 713 1718 et
745 1674 1085 1718 carcerem
1137 1660 1204 1717 in
1236 1675 1366 1734 quo
1417 1659 1900 1732 recluderetur,
1955 1659 2086 1716 sibi
2136 1659 2439 1717 construi
2490 1659 2669 1733 fecit,
2721 1664 3055 1733 quatenus
3100 1658 3237 1717 illic
3287 1675 3388 1717 re-

290 1767 546 1836 sidenS,
581 1767 649 1825 et
682 1771 897 1825 totum
947 1770 1213 1839 tempus
1261 1764 1441 1822 vitae
1491 1779 1652 1822 suae
1705 1763 1768 1821 in
1819 1763 2249 1823 meditatione
2300 1765 2466 1838 legis
2501 1764 2766 1823 divinae
2801 1764 3199 1837 expendens,
3252 1765 3385 1823 Deo

290 1872 586 1942 vacaret,
647 1875 715 1927 et
762 1869 1181 1928 dulcedinem
1238 1869 1601 1928 suavitatis
1655 1869 1827 1943 ejuS,
1879 1874 2205 1944 quantum
2262 1870 2545 1928 coelitus
2599 1869 3083 1944 infunderetur,
3144 1871 3386 1929 saltem

296 1972 792 2051 praegustando
842 1974 1280 2048 experiretur:
1331 1973 1542 2033 donec
1590 1988 1789 2031 carne
1833 1980 2178 2046 exempta,
2232 1973 2296 2031 in
2346 1979 2713 2048 conspectu
2769 1973 2985 2048 ipsius
3033 1989 3387 2049 apparenS‚

293 2079 647 2140 manifesta
683 2078 829 2153 ejus
865 2078 1079 2152 gloria
1117 2078 1179 2135 in
1217 2085 1610 2152 perpetuum
1649 2077 1963 2146 fruitura,
2004 2077 2085 2136 ad
2124 2079 2384 2150 plenum
2426 2077 2809 2136 satiaretur.

381 2185 588 2257 Quem
638 2184 898 2242 scilicet
947 2183 1347 2242 reclusionis
1398 2183 1614 2241 sinum
1655 2183 1851 2240 talem
1904 2182 2033 2240 sibi
2069 2182 2384 2257 providit,
2436 2189 2510 2241 ut
2544 2198 2759 2258 neque
2808 2182 3190 2258 praesentia
3240 2199 3384 2256 sua,

291 2306 503 2366 neque
551 2289 1055 2348 adventantium
1104 2287 1188 2346 ad
1223 2302 1295 2344 se
1330 2302 1734 2362 quemquam
1786 2302 2105 2346 accessus
2136 2281 2185 2364 3)
2237 2287 2609 2363 impediret,
2648 2287 2755 2346 vel
2790 2305 2826 2347 a
2864 2304 3204 2363 quoquam
3240 2288 3388 2362 ipsa

291 2395 760 2471 impediretur:
823 2393 939 2451 sed
997 2394 1254 2466 absque
1308 2392 1616 2467 populari
1675 2392 1959 2465 strepitu
2028 2398 2165 2451 tam
2222 2393 2568 2450 nocturnis
2626 2407 2821 2467 quam
2883 2391 3144 2450 diurnis
3215 2392 3388 2450 haud

292 2499 527 2576 procul
593 2498 1026 2573 psallentium
1088 2496 1335 2555 officiis
1388 2495 1870 2554 monachorum
1937 2497 2146 2554 libere
2213 2497 2561 2570 potiretur.
2611 2496 2827 2571 Elegit
2874 2497 3077 2555 etiam
3130 2497 3275 2569 ipsa
3326 2503 3393 2554 et

288 2603 595 2678 praefixit
650 2601 860 2674 diem,
924 2602 990 2659 in
1038 2617 1169 2675 qua
1228 2600 1647 2659 mausoleum
1706 2615 1901 2658 suum
1960 2600 2446 2675 ingrederetur,
2500 2601 2832 2660 celebrem
2883 2601 3196 2660 videlicet
3245 2603 3389 2660 ubi-

289 2722 419 2781 que
474 2711 542 2763 et
596 2704 963 2779 gloriosam
1021 2704 1319 2763 oninium
1379 2710 1766 2762 sanctoruni
1823 2705 2349 2777 solemnitatem;
2410 2711 2742 2778 quatenus
2815 2704 3182 2763 secundum
3236 2705 3383 2775 Job,

292 2826 484 2884 reges
522 2809 673 2867 illos
707 2815 774 2867 et
823 2809 1137 2867 consules
1173 2808 1468 2882 imitan3‚
1523 2809 1638 2883 qui
1689 2809 2046 2868 aedificant
2094 2809 2219 2867 sibi
2258 2809 2678 2882 solitudineS,
2733 2809 2799 2868 in
2836 2809 2959 2868 hoc
2994 2810 3077 2869 ad
3125 2815 3391 2886 tempus

291 2915 747 2987 tabernaculo,
800 2931 838 2972 a
872 2913 1401 2973 contradictione
1453 2914 1855 2988 linguarum,
1910 2915 1971 2972 in
2032 2914 2183 2972 dolo
2234 2914 2406 2973 bona
2454 2914 3009 2990 dissuadentium,
3063 2919 3389 2992 protecta,

293 3019 359 3078 in
395 3033 554 3094 pace
608 3019 673 3077 in
707 3018 990 3094 idipsum
1044 3017 1370 3078 dormiret
1405 3023 1472 3077 ct
1522 3019 2004 3093 requiesceret3
2057 3023 2125 3078 et
2160 3018 2284 3077 sub
2319 3018 2553 3079 umbra
2604 3019 2861 3079 alarum
2896 3019 3014 3080 Dei
3065 3030 3394 3097 speraret,

293 3126 503 3185 donec
550 3128 893 3185 transacta
943 3125 1386 3183 tentationum
1436 3130 1504 3181 et
1552 3125 2005 3199 periculorum
2057 3125 2235 3183 vitae
2286 3125 2483 3199 hujtts
2534 3125 2909 3200 iniquitate,
2964 3143 3166 3187 unum
3217 3131 3393 3204 quod

300 3229 590 3304 petebat,
643 3230 1000 3304 acciperet,
1056 3228 1182 3286 hoc
1214 3234 1319 3287 est
1357 3234 1429 3287 ut
1475 3229 1758 3302 probata
1807 3235 1873 3287 et
1908 3236 2394 3303 consummata,
2446 3230 2713 3289 domum
2764 3230 2879 3289 Dei
2916 3247 3046 3291 non
3094 3234 3397 3294 manufa-

298 3340 497 3407 ctam,
535 3334 651 3393 sed
687 3339 1032 3393 aeternam
1068 3333 1135 3391 in
1169 3333 1377 3392 coelis
1414 3334 1559 3391 sine
1594 3333 1721 3391 fine
1758 3332 2113 3392 habitaret.

391 3438 689 3513 Cumque
738 3438 1155 3513 propositum
1205 3453 1439 3497 sacrae
1488 3438 1794 3511 virginis,
1854 3438 2027 3497 fama
2090 3437 2541 3513 dispergente,
2592 3440 3114 3516 percrebuisset,
3168 3444 3395 3502 audito

299 3559 402 3619 eo,
453 3548 766 3619 parentes
830 3542 1137 3601 dominae
1188 3542 1611 3617 Hildegardis
1663 3542 1953 3615 ingentis
2001 3542 2409 3601 exultatione
2459 3543 2684 3617 gaudii
2742 3546 3265 3622 fluctuaverunt,
3318 3565 3396 3609 eo

301 3647 479 3723 quod
527 3646 949 3706 occasionem
998 3646 1129 3705 sibi
1178 3662 1214 3704 a
1249 3645 1382 3704 Deo
1431 3646 1725 3705 oblatam
1773 3650 1838 3705 ct
1888 3648 2105 3706 locum
2157 3648 2504 3723 provisum
2554 3650 2984 3724 conjicerent,
3017 3648 3068 3731 ⁴)
3120 3671 3251 3730 quo
3287 3656 3398 3715 de-

301 3753 545 3811 cimam
596 3752 810 3827 ipsius
847 3751 1239 3810 salvandam
1286 3749 1630 3810 inferrent.
1683 3752 2034 3811 Timebant
2080 3754 2255 3811 enim
2291 3756 2358 3813 et
2391 3754 2665 3813 stimulo
2718 3755 2982 3815 timoris
3017 3757 3217 3833 huJus
3267 3777 3397 3819 non

298 3874 533 3935 parum
587 3856 1024 3931 angebantur,
1079 3871 1157 3914 ne
1194 3855 1250 3914 si
1289 3854 1453 3913 foris
1496 3854 1728 3913 eadem
1777 3854 1893 3914 Dei
1927 3857 2186 3916 decima
2237 3864 2633 3931 remaneret,
2685 3876 2724 3918 a
2758 3861 3149 3921 volucribus
3199 3864 3393 3935 coeli,

302 3977 474 4038 quae
507 3975 730 4020 semen
767 3975 964 4019 secus
1011 3959 1193 4018 viam
1226 3958 1563 4032 decidenS,
1601 3960 1980 4035 comedunt,
2015 3957 2064 4040 ⁵)
2102 3962 2208 4020 vel
2243 3979 2279 4020 a
2314 3962 2555 4021 bestiis
2590 3963 2758 4036 agri,
2795 3980 2965 4039 quae
3006 3972 3201 4026 nocte
3250 3984 3399 4043 per-

303 4070 684 4138 transeunt,
736 4069 803 4123 et
850 4068 1184 4139 quaerunt
1232 4077 1454 4121 escam
1507 4062 1660 4136 sibi,
1713 4063 2139 4139 diriperetur.
2200 4064 2485 4124 Proinde
2533 4066 2677 4142 pari
2738 4073 2891 4127 voto
2946 4072 3399 4131 venerabilem

306 4170 490 4230 illam
524 4169 777 4228 Christi
827 4183 1093 4226 servam
1130 4166 1472 4240 adeunteS,
1527 4168 1924 4243 suppliciter
1956 4176 2257 4244 exorant,
2310 4173 2640 4245 quatenus
2690 4171 2890 4231 filiam
2943 4190 3157 4251 suam,
3197 4194 3399 4253 quam

306 4281 537 4335 sancto
572 4275 931 4334 coelibatui
981 4280 1047 4332 et
1079 4274 1345 4333 divinae
1379 4274 1692 4333 servituti
1744 4274 2314 4351 mancipaverant,
2367 4292 2593 4335 secum
2634 4285 2955 4354 perpetuo
3008 4298 3395 4346 mansuram

306 4393 653 4438 assumere
699 4378 1109 4452 dignaretur.
1162 4377 1416 4448 Quibus
1464 4377 1645 4437 nulla
1678 4377 1854 4436 sicut
1905 4377 2030 4437 fuit
2064 4379 2130 4438 in
2179 4381 2498 4454 petitione
2547 4381 2931 4457 haesitatiO,
2986 4385 3078 4446 ita
3113 4405 3396 4463 prorsus

303 4483 488 4542 nulla
520 4481 741 4541 extitit
777 4482 842 4539 in
892 4481 1358 4556 impetratione
1401 4480 1655 4540 dilatio:
1706 4482 1952 4556 quippe
1985 4497 2139 4540 cum
2188 4483 2450 4558 puellae
2499 4484 2883 4545 sodalitium
2935 4490 3248 4565 amplecti
3300 4494 3400 4551 vi-

304 4586 576 4646 deretur
626 4586 762 4658 illa,
825 4599 901 4643 ac
952 4585 1006 4642 si
1059 4584 1345 4642 coelitus
1395 4583 1675 4641 missum
1713 4584 1841 4643 sibi
1878 4584 2218 4643 solatium.
2271 4585 2439 4656 Quid
2489 4587 2716 4661 plura‘?
2752 4589 2942 4649 Venit
2996 4593 3398 4654 inductionis

306 4689 598 4766 praefixa
646 4689 813 4761 dies,
866 4693 931 4747 et
967 4687 1272 4763 pluribus
1322 4693 1457 4746 tam
1493 4689 1650 4746 altis
1701 4704 1900 4762 quam
1947 4689 2400 4748 mediocribus
2449 4691 2755 4765 personis
2807 4696 3212 4771 astantibuS,
3265 4698 3400 4757 ritu

302 4808 535 4853 eorum
586 4791 700 4868 qui
757 4806 1070 4867 supremo
1120 4790 1553 4866 exequiarum
1601 4791 2024 4865 deponuntur
2071 4792 2319 4869 officie,
2379 4795 2683 4855 accensis
2736 4796 3096 4871 funalibuS,
3157 4801 3229 4859 ut
3278 4817 3398 4875 per

307 4894 431 4954 hoc
491 4892 900 4967 fulgentibus
957 4908 1203 4968 sponso
1261 4893 1479 4953 media
1527 4900 1721 4954 nocte
1781 4897 2061 4955 venturo
2119 4896 2566 4973 lampadibus,
2627 4915 2699 4959 sc
2749 4915 3104 4959 occurrere
3153 4901 3398 4962 debere

382 5142 427 5209 ί)
467 5142 554 5198 Ps.
588 5142 818 5207 Lxxn,
860 5149 946 5200 28.
981 5176 1046 5185 -
1071 5147 1116 5212 2)
1154 5149 1321 5216 afficit
1358 5146 1479 5203 cod.
1602 5147 1646 5217 ³)
1684 5165 1895 5205 accessu
1935 5148 2011 5205 id.
2058 5181 2125 5190 —
2165 5150 2208 5217 ⁴)
2246 5153 2537 5207 coniurent
2573 5149 2655 5206 sic
2694 5166 2852 5223 apog.
2884 5183 2952 5193 —
2978 5154 3021 5222 ⁵)
3047 5155 3269 5210 comedit
3308 5154 3391 5213 id.

3202 5260 3246 5305 a·
