4036 6117
1167 501 1407 549 Lini-:11
1456 505 1655 556 vrrs:
1705 501 2173 558 nemi-onum
2231 506 2290 549 ι».
2342 504 2451 550 111.
3154 490 3281 551 4-14

281 639 305 675 ›
339 618 438 691 do,
472 619 641 679 nihil
677 620 960 678 invenio.
997 619 1182 690 Quod
1218 621 1277 679 si
1310 636 1432 695 per
1464 620 1918 679 ostensionem
1951 626 2302 681 creaturae
2335 620 2586 695 aliquid
2623 619 2799 694 quod
2837 620 2997 678 mihi
3052 621 3355 695 prodest,

285 743 314 779 ι
349 722 677 782 interdum
713 723 965 796 vider0,
1004 723 1163 799 quid
1198 724 1361 783 mihi
1395 723 1647 783 oberit?
1679 724 1814 797 Ego
1848 731 2074 783 autem
2109 726 2174 783 in
2208 725 2428 783 nullas
2462 725 2609 783 vias
2645 724 2935 798 ambulo,
2964 740 3085 783 nec
3123 727 3188 784 in
3224 727 3359 785 ulla

279 846 308 882 »
344 826 620 886 scientia
653 821 699 902 ¹)
735 826 970 900 volito,
1024 826 1154 884 nisi
1191 827 1257 885 in
1291 826 1398 886 his
1431 844 1602 902 quas
1638 828 1802 886 bene
1836 843 2190 902 cognosco.
2226 828 2385 887 Nam
2423 843 2574 885 cum
2612 844 2810 901 super
2849 843 3099 902 pennas
3133 833 3362 887 vento-

277 946 305 985 1
339 943 478 987 rum
510 930 744 988 volare
778 929 955 1002 vo10,
992 931 1059 988 in
1093 935 1343 989 terram
1378 936 1788 1005 prosternor.
1833 932 1941 989 Vel
1980 947 2132 990 cum
2167 931 2377 991 solem
2420 937 2487 988 et
2523 932 2747 989 lunam
2792 931 3155 1006 interrogo,
3193 931 3357 1006 quid

275 1049 303 1088 ι
336 1031 552 1091 facere
602 1033 903 1108 debeam,
939 1050 1178 1109 parum
1229 1034 1389 1093 mihi
1427 1035 1849 1109 respondent.
1889 1035 2004 1094 Vel
2041 1051 2193 1093 cum
2242 1036 2533 1111 aliquem
2570 1051 2805 1093 sonum
2851 1035 3073 1106 audin,
3129 1041 3355 1095 utrum

276 1150 306 1192 ι
339 1133 444 1200 ille
479 1133 646 1194 mihi
683 1135 921 1210 prosit,
977 1136 1080 1194 vel
1116 1141 1342 1195 utrum
1376 1153 1479 1195 me
1514 1137 1755 1210 laedat,
1813 1137 2061 1197 nescio.
2112 1137 2247 1212 Ego
2280 1137 2455 1195 enim
2507 1136 2733 1196 nescio
2782 1136 2940 1211 quid
2984 1140 3361 1212 prognosti-

273 1255 301 1298 ο
332 1253 452 1306 con
486 1240 603 1312 sit,
639 1238 770 1304 nisi
805 1239 930 1299 hoc
962 1239 1141 1316 quod
1175 1240 1396 1311 vide0‚
1435 1240 1561 1300 hoc
1596 1241 1756 1300 scio.
1796 1223 2040 1301 Multos
2074 1256 2339 1317 quoque
2375 1256 2681 1300 rumores
2716 1246 2782 1298 et
2817 1241 3064 1302 multos
3101 1256 3354 1301 sermo-

273 1361 301 1401 »
331 1359 448 1408 nes
481 1359 563 1406 ac
612 1345 862 1411 multas
893 1344 1237 1403 doctrinas
1272 1344 1491 1416 audio,
1529 1361 1698 1418 quas
1733 1347 1979 1410 nescio.
2016 1345 2196 1405 Unde
2234 1339 2471 1410 faciam
2509 1344 2828 1422 quidquid
2866 1344 2947 1408 ad
2993 1344 3353 1402 utilitatem

271 1465 298 1510 t
337 1460 548 1511 meam
585 1447 915 1522 optimum
952 1447 1175 1508 fuerit.
1219 1468 1247 1504 ι

1752 1657 1878 1717 xll.

1471 1866 1878 1943 Responsum
1934 1868 2139 1927 Fidei.

344 2073 440 2132 17.
496 2074 578 2133 Et
617 2075 860 2134 iterum
908 2073 990 2132 de
1024 2073 1328 2149 praefata
1380 2074 1646 2133 turbida
1682 2074 1854 2134 nube
1904 2074 2130 2133 audivi
2171 2090 2397 2131 vocem
2452 2069 2605 2132 huic
2641 2069 2931 2148 imagini·
2957 2087 3353 2148 responsum

259 2177 540 2242 dantem:
580 2197 614 2236 α
644 2177 697 2238 Ο
728 2194 889 2253 pars
922 2176 1359 2252 nequissima,
1402 2182 1475 2236 tu
1510 2176 1776 2238 fallacia
1808 2177 2067 2236 Diaboli
2094 2192 2191 2251 eS,
2227 2177 2340 2252 qui
2377 2177 2441 2235 in
2467 2182 2739 2252 pectore
2772 2193 2894 2236 suo
2921 2177 3143 2236 omnia
3176 2192 3350 2251 quae

263 2300 293 2339 n
320 2280 506 2357 justa
538 2287 719 2354 sunt,
769 2286 987 2355 negat.
1025 2280 1204 2340 Unde
1239 2287 1305 2339 et
1360 2284 1596 2355 pectus
1634 2281 1816 2340 illius
1851 2281 2213 2355 significas
2249 2281 2413 2342 Nam
2447 2280 2820 2356 propositio
2862 2279 3347 2354 cogitationum

265 2404 293 2443 ι
333 2390 601 2454 tuarum
636 2384 718 2444 ad
767 2383 1117 2443 Diabolum
1151 2384 1385 2458 tendit,
1437 2386 1553 2461 qui
1586 2403 1625 2446 a
1658 2384 1913 2445 dextris
1945 2384 2083 2446 tuis
2118 2389 2275 2458 stat;
2315 2384 2487 2444 unde
2521 2385 2722 2443 etiam
2765 2385 2940 2443 oculi
2978 2385 3072 2443 tui
3110 2385 3200 2443 ita
3234 2384 3349 2442 ob-

262 2504 289 2544 »
325 2488 581 2550 seui-ati
633 2492 819 2562 sunt,
870 2488 1048 2563 quod
1097 2488 1326 2548 videre
1374 2505 1503 2547 non
1551 2493 1741 2564 potes
1791 2490 1968 2548 viam
2021 2489 2417 2549 salvationis
2479 2487 2700 2563 hujus,
2753 2503 2925 2563 quae
2977 2489 3040 2547 in
3088 2489 3347 2556 coelum

259 2611 286 2647 ι
323 2591 652 2665 aseendit,
675 2598 743 2652 et
768 2607 939 2667 quae
966 2600 1053 2666 te,
1085 2608 1256 2668 quae
1282 2609 1407 2656 nox
1433 2608 1532 2667 es,
1561 2593 1968 2668 comprimit,
1999 2593 2176 2652 sicut
2201 2593 2434 2654 dextra
2461 2590 2511 2672 ²)
2541 2608 2744 2667 super
2771 2592 3116 2654 sinistram
3144 2592 3343 2652 cadit.

259 2713 284 2747 ι
315 2693 562 2756 Dextra
598 2696 803 2754 etiam
838 2701 903 2754 te
934 2695 1278 2770 opprimit,
1306 2702 1374 2755 et
1407 2713 1526 2770 per
1558 2695 1684 2756 hoc
1719 2696 2028 2756 ascensio
2062 2696 2210 2774 ejus
2242 2697 2541 2771 gloriosa
2568 2702 2695 2769 est,
2729 2695 2887 2771 quia
2914 2696 3089 2756 mala
3126 2695 3342 2756 scien-

261 2816 284 2852 »
320 2799 408 2862 tia
442 2799 663 2862 bonae
713 2799 1034 2859 scientiae
1069 2800 1312 2859 ancilla
1359 2807 1658 2860 vocatur.
1699 2800 1850 2876 Ipsa
1883 2801 2059 2860 enim
2108 2817 2261 2859 cum
2295 2800 2538 2870 ancilla
2572 2800 2957 2862 ministrare
3006 2817 3134 2860 non
3169 2801 3336 2872 vult,

261 2921 286 2956 ι
322 2902 890 2976 quemadmodum
915 2903 1184 2962 domina
1218 2904 1494 2964 servilia
1528 2920 1730 2979 opera
1762 2905 2045 2964 ancillae
2079 2922 2210 2964 non
2242 2910 2561 2980 operatur
2590 2898 2665 2981 ²);
2705 2910 2772 2966 et
2808 2903 2952 2964 ideo
2981 2904 3350 2978 gloriosum

259 3025 283 3065 ι
318 3022 558 3069 nomen
594 3006 819 3083 habet,
857 3007 1119 3069 scilicet
1150 3008 1328 3085 quod
1361 3009 1628 3071 domina
1665 3015 1967 3069 vocatur.
2007 3010 2102 3070 Tu
2138 3024 2422 3085 namque
2458 3008 2766 3073 damnata
2803 3007 2969 3081 exiS,
3006 3023 3157 3069 curn
3193 3022 3342 3068 sen-

257 3130 284 3163 »
320 3112 601 3173 tentiam
629 3111 1037 3186 judiciorum
1088 3129 1290 3187 super
1325 3119 1388 3173 te
1421 3114 1763 3189 expandiS‚
1801 3114 2117 3190 quoniam
2166 3114 2388 3173 omnia
2423 3129 2594 3188 quae
2632 3114 2697 3170 in
2732 3112 2857 3171 fide
2904 3111 3122 3175 lucida
3159 3119 3338 3186 sunt,

260 3233 286 3270 ι
326 3214 524 3291 fugis.
561 3216 1008 3276 Ratiocinatio
1041 3217 1246 3276 etiam
1279 3223 1390 3275 tua
1427 3216 1811 3277 hominibus
1854 3235 2024 3293 quos
2057 3218 2336 3293 decipiS,
2390 3222 2736 3292 peccatum
2770 3231 3039 3297 semper
3086 3215 3339 3290 objicit;

258 3338 284 3375 ι
318 3321 481 3394 quia
514 3319 581 3381 in
614 3320 723 3379 via
770 3327 1282 3395 praeceptorum
1315 3320 1430 3380 Dei
1481 3323 1824 3381 ambulare
1860 3338 1986 3380 non
2037 3322 2162 3380 vis.
2198 3322 2333 3396 Ego
2368 3327 2592 3380 autem
2634 3320 2921 3380 fideliter
2954 3335 3106 3378 cum
3140 3335 3338 3398 ange-

259 3440 285 3477 »
321 3423 401 3483 lis
433 3423 651 3489 Deum
688 3423 906 3497 laudo,
943 3441 1095 3483 cum
1144 3426 1368 3484 omnia
1402 3441 1574 3501 quae
1605 3425 1720 3484 Dei
1757 3432 1913 3489 sunt
1947 3426 2123 3499 v010,
2159 3431 2226 3489 et
2259 3441 2409 3487 cum
2445 3424 2803 3488 Cherubim
2840 3423 3061 3491 omnia
3089 3423 3342 3497 judicia

258 3544 282 3581 a
315 3527 464 3601 ejus
515 3527 767 3601 scribo,
802 3543 975 3603 quae
1025 3528 1168 3603 ipse
1203 3529 1480 3605 profert,
1534 3530 1708 3589 sicut
1747 3530 1811 3589 in
1858 3529 1991 3589 Deo
2030 3529 2229 3589 videt.
2281 3528 2403 3589 Sed
2438 3534 2506 3587 et
2554 3543 2677 3605 ego
2714 3543 2832 3608 per
2873 3527 3240 3611 prophetas
3274 3533 3342 3587 et

255 3650 281 3683 ι
315 3632 664 3706 sapientes
713 3638 779 3691 et
814 3632 1074 3697 scribas
1108 3633 1330 3693 omnia
1379 3633 1694 3708 dijudico.
1735 3634 1985 3693 Cuncta
2036 3649 2302 3710 quoque
2337 3648 2540 3707 regna
2591 3632 2816 3691 mundi
2860 3648 2980 3707 per
3007 3632 3344 3707 Justitiam

260 3752 287 3789 θ
320 3734 432 3799 Dei
473 3735 902 3811 resplendent
939 3735 1002 3795 in
1038 3752 1165 3810 me,
1201 3742 1268 3795 et
1302 3738 1649 3812 speculum
1688 3738 1751 3796 in
1782 3737 1916 3801 Deo
1953 3754 2125 3815 sum,
2177 3737 2335 3821 quia
2372 3737 2436 3795 in
2468 3736 2779 3797 omnibus
2813 3736 3190 3813 praeceptis
3223 3734 3341 3799 Dei

265 3858 288 3885 v·
326 3837 571 3913 fulgeo,
611 3856 643 3896 ι

336 3943 436 4003 18.
491 3943 763 4004 Sextum
813 3959 974 4005 vero
1025 3944 1381 4022 imaginem
1433 3944 1498 4004 in
1536 3944 1749 4005 forma
1797 3946 2102 4006 mulieris
2151 3945 2483 4019 videbam,
2534 3944 2728 4019 quus
2774 3948 2973 4017 caput
3028 3943 3340 4003 muliebri

254 4060 426 4113 more
476 4043 841 4113 tenebroso
874 4045 1206 4107 velamine
1255 4052 1504 4107 tectum
1537 4052 1706 4122 erat,
1758 4062 1836 4108 ac
1868 4045 2203 4124 reliquum
2250 4062 2498 4122 corpus
2549 4045 2905 4109 tenebroso
2954 4043 3338 4109 indumento

256 4150 574 4217 indutum.
613 4149 690 4207 Et
743 4156 897 4209 ante
935 4147 1170 4213 faciem
1218 4151 1367 4226 ejus
1399 4151 1593 4227 quasi
1644 4167 1834 4211 mons
1876 4150 2177 4212 ardentis
2226 4150 2574 4227 sulphuris
2622 4147 2957 4226 apparuit,
3007 4154 3075 4209 et
3110 4146 3195 4217 ad
3228 4147 3342 4211 de-

254 4259 463 4315 nrum
499 4258 574 4313 et
607 4251 689 4319 ad
739 4252 1091 4316 sinistrum
1128 4253 1305 4315 latus
1351 4252 1501 4328 ejus
1535 4255 1874 4329 similiter,
1910 4254 2103 4330 quasi
2138 4270 2331 4314 mons
2375 4251 2675 4329 ejusdem
2710 4250 3083 4327 sulphuris,
3121 4252 3235 4328 qui
3275 4253 3343 4312 in

255 4354 591 4427 praefatas
641 4355 956 4425 tenebras
985 4363 1408 4431 corruerunt,
1459 4364 1528 4415 et
1559 4358 1842 4421 multum
1895 4356 2229 4432 fragorem
2264 4356 2330 4417 in
2363 4356 2465 4419 eis
2516 4353 2835 4421 fecerunt.
2880 4353 3005 4421 Sed
3056 4360 3124 4415 et
3158 4360 3339 4423 retro

252 4476 415 4545 eam,
451 4459 718 4530 seilicet
746 4458 935 4536 iuxta
965 4458 1241 4525 dorsum
1273 4459 1445 4536 ejuS‚
1481 4475 1687 4521 sonus
1721 4459 1991 4523 maximi
2026 4460 2302 4523 tonitrui
2338 4458 2559 4523 factus
2583 4463 2709 4518 est.
2736 4456 2829 4517 De
2860 4458 3107 4535 quibus
3131 4460 3340 4520 omni-

251 4562 365 4627 bus
399 4565 519 4633 illa
549 4563 899 4638 exterrita,
937 4562 1144 4629 multo
1176 4562 1431 4639 gemitu
1478 4569 1546 4625 et
1577 4570 1871 4629 tremore
1903 4562 2179 4633 brachia
2214 4579 2336 4627 sua
2372 4567 2441 4623 et
2476 4577 2713 4623 manus
2746 4561 2828 4623 ad
2863 4567 3100 4637 pectus
3135 4578 3332 4629 suum

251 4668 754 4742 conipriiuebat,
787 4674 858 4733 et
891 4682 964 4726 se
996 4666 1321 4742 praefatis
1355 4667 1653 4733 tenebris
1685 4672 1896 4729 totam
1929 4666 2394 4743 immergebat,
2428 4666 2678 4725 dicens:

260 4914 296 4973 ¹)
321 4932 411 4969 nee
434 4917 553 4970 nlla
579 4919 807 4973 scientia
837 4915 900 4970 A.
934 4947 1000 4953 —
1029 4917 1076 4979 π)
1100 4920 1404 4988 comprimis
1429 4920 1568 4971 sicut
1593 4917 1787 4969 dextra
1812 4932 1953 4987 quae
1977 4915 2068 4971 Wz
2100 4947 2167 4953 —
2192 4913 2237 4979 ³)
2262 4922 2558 4985 operantur
2582 4914 2673 4968 W.
