4036 6117
756 449 886 512 426
1919 465 1971 510 s.
2025 464 2563 512 umnscanms

684 586 789 644 sui
822 592 890 645 et
937 584 1372 660 congruentia
1420 584 1617 659 posui
1666 584 1893 658 verba,
1945 585 2031 645 ab
2069 587 2433 647 intentione
2487 585 2747 645 itineris
2798 579 3088 644 nondum
3123 581 3312 646 finire
3346 603 3648 663 cessanS,
3684 582 3768 647 ibi

683 689 938 750 incidas
974 690 1039 749 in
1071 689 1420 750 deficiendi
1452 690 1850 767 periculum,
1890 689 2002 749 ubi
2036 690 2423 764 proficiendi
2456 689 2855 767 deposueris
2890 690 3280 766 appetitum.

2120 915 2338 975 XVIII.

771 1126 849 1186 Et
882 1126 1197 1202 quoniam
1224 1141 1378 1185 cum
1407 1125 1752 1200 religionis
1786 1124 2162 1200 splendore,
2193 1123 2396 1182 etiam
2425 1121 2697 1181 sublimi
2726 1120 3169 1181 sacerdotalis
3198 1121 3553 1181 ministerii
3588 1116 3632 1198 ¹)
3669 1137 3770 1207 or⁴

681 1232 834 1292 dine
883 1233 1232 1309 praeditus
1279 1248 1376 1306 eS,
1429 1233 1797 1291 curandum
1850 1232 1971 1291 tibi
2023 1245 2468 1304 summopere,
2522 1237 2594 1288 ut
2642 1229 2757 1304 qui
2792 1234 2978 1287 tanto
3015 1227 3313 1303 fungeris
3363 1228 3608 1297 officio,
3646 1244 3772 1287 non

683 1340 944 1399 infirma
977 1341 1084 1398 vel
1121 1338 1462 1413 popularis
1497 1337 1586 1396 sit
1620 1337 1762 1395 vita
1795 1341 1933 1408 tua,
1971 1351 2053 1393 ne
2089 1338 2320 1408 tangat
2352 1342 2416 1392 te
2450 1333 2614 1392 illud
2652 1331 3135 1408 propheticum:
3173 1335 3252 1393 Et
3289 1335 3415 1392 erit
3460 1335 3626 1392 sicut
3658 1349 3767 1409 po-

671 1444 908 1518 puluS,
938 1446 1030 1503 sic
1056 1444 1374 1516 sacci-(103,
1393 1439 1443 1518 ²)
1474 1440 1588 1500 sed
1616 1442 1938 1515 quantum
1964 1439 2181 1497 distas
2209 1437 2533 1511 dignitate
2562 1435 2859 1510 honoriS,
2882 1439 3141 1496 tantum
3166 1436 3628 1511 praeemineas
3652 1450 3766 1494 au·-

678 1547 991 1605 ctoritate
1026 1545 1582 1605 conversationis
1621 1542 2000 1602 Cavendum
2039 1541 2241 1600 etiam
2279 1541 2399 1600 tibi
2435 1539 2516 1599 de
2549 1540 2814 1610 nuntio,
2860 1540 2974 1615 qui
3011 1540 3077 1598 in
3110 1539 3451 1614 regalibus
3494 1538 3763 1614 nuptiiS,

679 1666 948 1710 mensae
984 1650 1214 1725 sponsi
1247 1657 1316 1709 et
1351 1663 1639 1724 sponsae
1688 1647 2055 1719 ministraS,
2111 1646 2379 1705 illorum
2431 1645 2694 1704 scilicet
2740 1644 2821 1704 de
2856 1660 3140 1720 quorum
3176 1643 3387 1702 altero
3431 1648 3759 1702 cantatur:

684 1755 1028 1831 speciosus
1061 1757 1278 1832 forma
1304 1772 1468 1830 prae
1501 1753 1658 1831 filiis
1691 1753 2056 1819 hominum,
2092 1751 2337 1828 diffusa
2368 1754 2464 1807 est
2498 1752 2718 1826 qratia
2750 1752 2816 1809 in
2856 1748 3044 1808 labiis
3079 1751 3237 1821 tuis;
3265 1743 3314 1826 ³)
3344 1753 3411 1806 et
3444 1747 3625 1806 item:
3657 1748 3767 1808 Di-

679 1857 887 1916 lectus
918 1876 1105 1917 meus
1140 1858 1462 1918 candidus
1512 1861 1574 1913 et
1602 1854 2036 1926 rubicunduS,
2073 1854 2322 1912 clectus
2357 1872 2442 1911 ea:
2475 1851 2790 1912 millibus:
2824 1851 2872 1930 ⁴)
2908 1851 2989 1910 de
3032 1852 3245 1911 altera
3296 1855 3543 1909 autem:
3593 1851 3764 1910 Asti-

679 1964 756 2019 tit
793 1964 1026 2038 reqina
1057 1980 1096 2019 a
1128 1961 1385 2019 dextris
1435 1961 1568 2018 tuis
1618 1959 1690 2017 in
1737 1959 1980 2016 vestitu
2027 1957 2370 2030 deaurata,
2424 1957 2837 2016 circumdata
2882 1957 3226 2029 varictatc3
3266 1949 3313 2032 ⁵)
3350 1959 3417 2013 et
3461 1954 3570 2013 cui
3603 1954 3766 2014 dicit

678 2061 853 2121 idem
887 2079 1179 2138 sponsus
1229 2079 1419 2121 suus:
1475 2063 1633 2121 Tota
1673 2063 1962 2138 pulchra
2007 2079 2097 2134 οε,
2135 2062 2351 2120 amica
2394 2079 2571 2129 mea,
2608 2065 2742 2117 tota
2782 2060 3067 2135 pulchra
3114 2077 3206 2132 ce,
3240 2064 3300 2117 ct
3336 2059 3601 2118 macula
3633 2076 3762 2118 non

674 2172 767 2224 est
803 2169 876 2225 in
911 2172 993 2225 tc:
1026 2160 1074 2243 ⁶)
1113 2165 1504 2238 cavendum,
1543 2165 1839 2239 inquam,
1894 2164 2014 2222 tibi
2050 2180 2128 2222 ne
2163 2179 2314 2222 cum
2350 2163 2704 2236 indecenti,
2744 2162 2867 2222 hoc
2900 2165 3004 2222 est
3037 2163 3394 2235 communi,
3432 2162 3757 2237 descisso,
3818 2213 3825 2216 ,

601 2305 605 2310 ,
674 2271 781 2329 vel
815 2270 1154 2345 aliquibus
1204 2269 1489 2328 maculis
1525 2268 1768 2328 infecto
1820 2267 2054 2327 habitu
2103 2267 2184 2326 ad
2235 2283 2535 2325 mensam
2584 2266 2820 2325 harum
2855 2269 3079 2325 tantae
3126 2265 3651 2340 pulchritudinis
3697 2271 3761 2325 et

674 2375 1092 2432 reverentiae
1124 2389 1567 2449 personarum
1603 2372 2047 2442 ministrator,
2088 2371 2365 2430 introire
2400 2370 2670 2430 audeas:
2709 2386 2789 2429 ne
2823 2385 2975 2428 cum
3025 2368 3403 2428 officiosum
3439 2375 3503 2428 te
3538 2376 3756 2446 putaS,

674 2492 797 2552 pro
832 2475 1156 2550 injurioso
1193 2476 1550 2551 reputeris,
1587 2481 1654 2535 et
1688 2475 2256 2551 praesumptionis
2291 2480 2445 2533 tuae
2478 2473 2924 2533 temeritatem
2962 2474 3132 2548 luaS,
3171 2473 3346 2532 sicut
3372 2474 3483 2532 ille
3519 2474 3634 2548 qui
3671 2474 3758 2532 in-

674 2582 777 2639 ter
808 2581 1214 2656 nuptianteS,
1245 2598 1282 2639 a
1318 2596 1471 2656 rege
1504 2596 1635 2639 non
1668 2581 1958 2640 vestitus
1994 2580 2275 2655 nuptiali
2310 2584 2498 2638 veste
2532 2578 3014 2653 deprehensuS,
3046 2580 3111 2638 in
3139 2580 3447 2639 tenebras
3481 2580 3760 2639 exterio-

677 2698 785 2741 res
818 2682 1083 2742 detrudi
1112 2684 1347 2758 jussus
1379 2690 1504 2743 est.
1542 2685 1663 2754 Qui
1701 2683 1759 2742 si
1798 2684 1970 2742 inter
2017 2684 2895 2759 constipationemfflnuptias
2946 2689 3079 2741 tam
3115 2682 3413 2741 celebres
3460 2682 3757 2758 frequen-

676 2790 960 2848 tantium
996 2789 1204 2847 latere
1253 2804 1383 2846 non
1430 2788 1672 2863 potuit,
1724 2793 1797 2846 tu
1847 2789 2180 2862 quomodo
2230 2788 2343 2863 qui
2382 2788 2552 2847 inter
2586 2803 2906 2862 sponsum
2942 2792 3010 2845 et
3044 2802 3355 2861 sponsam
3392 2786 3655 2846 medius
3686 2803 3757 2845 ex

673 2892 1049 2951 ministerio
1085 2895 1457 2951 consistere
1490 2891 1718 2963 debeS,
1756 2897 1823 2950 et
1858 2909 1895 2950 a
1930 2908 2176 2966 sponso
2212 2891 2519 2950 manibus
2559 2891 2689 2950 tuis
2724 2890 3045 2950 traditum
3078 2906 3315 2965 panem
3358 2896 3425 2949 et
3458 2891 3751 2963 calicem,

668 3002 737 3055 et
768 3013 921 3056 eum
956 3013 1192 3072 panem
1225 2998 1292 3055 et
1326 2995 1625 3069 calicem,
1663 3012 1833 3073 quos
1869 2997 2013 3054 sola
2047 2995 2210 3054 fides
2245 2995 2658 3054 credentium
2707 2994 3135 3053 vehementer
3187 2993 3272 3052 ab
3306 2994 3460 3052 aliis
3502 2994 3757 3053 victua-

669 3105 846 3164 libus
882 3098 1325 3160 secernendos
1375 3098 1712 3173 intelligit,
1764 3114 2051 3172 sponsae
2099 3098 2307 3158 habes
2342 3098 2722 3172 porrigere?
2768 3098 2850 3157 Ut
2880 3112 3039 3172 ergo
3090 3096 3537 3156 ministerium
3571 3104 3753 3156 tuum

669 3210 982 3268 decenter
1012 3211 1079 3264 et
1113 3202 1478 3263 salubriter
1514 3202 1819 3277 impleaS‚
1857 3202 2127 3262 sobrius
2161 3207 2325 3262 esto.

2126 3443 2289 3503 XIX.

749 3672 976 3747 Neque
1024 3674 1328 3747 graveris
1380 3675 1443 3733 in
1495 3674 1619 3733 hoc
1667 3679 1735 3733 et
1768 3674 2059 3734 caeteris
2094 3673 2477 3749 huiusmodi
2512 3692 2549 3734 a
2585 3690 2690 3732 me
2739 3675 3018 3748 moneri,
3070 3689 3222 3732 cum
3271 3678 3339 3732 et
3387 3673 3626 3732 melior
3656 3676 3741 3745 te,

662 3775 1051 3835 Timotheus
1099 3777 1435 3851 videlicet,
1489 3793 1692 3852 super
1740 3776 1866 3836 hoc
1914 3778 2145 3838 eodem
2198 3785 2265 3838 et
2313 3794 2516 3852 super
2564 3778 2741 3852 aliis,
2782 3778 2847 3836 in
2881 3777 3127 3853 quibus
3165 3776 3338 3836 forte
3387 3792 3747 3852 numquam

657 3879 1057 3955 deliquerat,
1094 3883 1362 3941 etiamsi
1396 3876 1681 3966 [palam]
1719 3886 2102 3943 moneretur
2136 3901 2173 3943 a
2208 3884 2554 3958 magistro,
2595 3884 2978 3943 mandatum
3012 3884 3367 3960 acceperit.
3405 3883 3747 3943 Sobrietas

657 3994 881 4047 autem
917 4003 1017 4061 ea,
1049 4005 1250 4064 quam
1277 3990 1556 4049 satietas
1591 3990 1884 4049 excitare
1919 3989 2109 4049 solet.
2137 3989 2216 4048 Et
2242 3989 2473 4062 regula
2508 3989 2722 4048 sancti
2755 3988 2977 4049 Patris
3011 3966 3226 4047 nostri
3264 3987 3606 4046 Benedicti
3638 4002 3744 4045 ve·

656 4095 1000 4156 hementer
1048 4098 1446 4157 condemnat
1496 4098 1998 4169 scurrilitatem,
2052 4105 2119 4156 et
2166 4096 2373 4155 verba
2420 4097 2758 4172 superflua
2807 4097 2914 4155 vel
2960 4097 3171 4154 risum
3208 4094 3549 4155 moventia
3596 4109 3635 4150 a
3681 4098 3741 4149 te

651 4202 1041 4265 removebit.
1091 4203 1217 4262 Pro
1265 4203 1371 4261 his
1407 4203 1721 4261 nimirum
1770 4206 1838 4259 et
1869 4202 2059 4259 dives
2103 4201 2236 4273 ille,
2288 4200 2405 4276 qui
2449 4202 2847 4277 epulabatur
2894 4200 3197 4276 quotidie
3245 4197 3619 4274 splendide,
3664 4211 3739 4254 eo

649 4306 829 4381 quod
862 4307 1035 4365 inter
1070 4307 1253 4381 ipsas
1288 4308 1522 4382 epulas
1557 4305 1949 4381 loquacitati
1986 4322 2104 4363 ora
2142 4305 2457 4377 laxasset,
2498 4306 2564 4364 in
2597 4305 2823 4379 lingua
2858 4305 3084 4363 acrius
3122 4319 3194 4363 se
3230 4302 3530 4377 torqueri
3576 4298 3741 4359 indi·

649 4415 786 4484 cat,
817 4410 975 4469 dum
1009 4411 1191 4471 dicit:
1231 4413 1434 4471 Pater
1467 4410 1816 4482 Abraham,
1852 4411 2169 4468 miserere
2202 4413 2358 4484 mei,
2409 4417 2471 4469 et
2523 4413 2710 4468 mitte
2749 4412 3099 4482 Lazarum,
3136 4415 3208 4466 ut
3244 4409 3581 4483 intinquat
3632 4422 3739 4462 ex-

649 4519 938 4571 tremum
971 4516 1160 4589 diqae'ti
1195 4518 1303 4573 sui
1338 4517 1408 4573 in
1443 4533 1712 4590 aquam,
1747 4521 1820 4572 ut
1854 4516 2206 4591 ref-riqerct
2246 4514 2544 4590 linquam
2577 4532 2815 4586 meam,
2845 4516 3003 4590 quia
3029 4513 3285 4571 crucior
3315 4512 3392 4568 in
3418 4513 3538 4569 hac
3561 4510 3737 4586 {lam-

645 4634 774 4674 ma.
809 4613 857 4692 ⁷)
895 4616 1178 4675 Proinde
1228 4633 1378 4676 cum
1430 4616 1608 4674 omni
1658 4616 1925 4691 quidem
1961 4623 2030 4676 et
2064 4617 2217 4676 loco
2260 4622 2327 4675 et
2379 4622 2703 4692 tempore,
2743 4623 2881 4676 tum
2919 4615 3279 4692 praecipue
3328 4614 3503 4673 inter
3549 4627 3737 4687 pran-

644 4721 753 4779 dia
785 4716 834 4798 ⁸)
871 4724 937 4781 et
969 4728 1123 4797 post
1170 4723 1405 4798 epulas
1455 4722 1830 4782 adhibenda
1862 4728 1966 4781 est
1999 4722 2141 4781 oris
2177 4722 2507 4797 custodia,
2545 4727 2612 4782 et
2648 4722 3018 4782 cohibenda
3054 4723 3305 4796 lingua,
3343 4736 3425 4779 ne
3458 4716 3737 4796 potioni-

641 4822 766 4882 bus
801 4826 1089 4884 excitata
1126 4826 1209 4884 ad
1243 4826 1766 4901 stultiloquium,
1803 4831 1919 4884 aut
1951 4842 2072 4901 per
2109 4825 2621 4910 immoderatum
2672 4840 3079 4894 sermonem,
3132 4829 3249 4883 aut
3283 4838 3401 4899 per
3448 4822 3730 4897 ineptam

715 5024 758 5087 ¹)
779 5026 1005 5081 sublime
1022 5027 1373 5083 sacerdotalis
1390 5028 1979 5083 ministeriumcodffn
1996 5030 2043 5092 ²)
2069 5028 2137 5083 ls,
2231 5029 2522 5084 bicundum
2547 5027 2668 5083 cod.
2701 5029 2744 5091 ⁵)
2781 5028 2869 5082 Ps.
2913 5027 3116 5089 XLIV.
3163 5029 3244 5081 Η.
3283 5056 3341 5065 ·--
3361 5026 3405 5088 ⁶)
3435 5023 3596 5080 Cant.
3630 5022 3727 5083 W,

644 5109 857 5171 XXIV,
881 5115 931 5166 2.
1055 5111 1100 5175 ³)
1132 5112 1218 5167 vs.
1258 5111 1460 5172 XLIV.
1483 5143 1550 5152 --·
1572 5113 1614 5180 ⁴)
1637 5111 1796 5167 Cant.
1827 5113 1901 5190 v·
1936 5117 2016 5168 10.
2050 5131 2142 5167 ru-
2234 5120 2283 5171 7.
2405 5116 2448 5183 ⁷)
2484 5115 2616 5169 Luc.
2652 5111 2809 5175 xvi,
2838 5115 2925 5168 2⁴.
3051 5112 3095 5178 ⁸)
3117 5112 3352 5189 praedia
3390 5109 3515 5166 cod.
