4036 6117
1501 500 1737 547 Linnn
1797 499 2119 547 scivias.
2408 541 2413 544 .
3168 484 3299 546 505

360 618 542 684 Unde
592 619 658 682 in
694 635 919 681 amore
968 634 1117 680 meo
1150 626 1493 679 scrutatus
1541 626 1645 679 est
1684 620 1745 679 in
1789 620 2010 680 animo
2046 635 2191 694 su0,
2245 617 2360 679 ubi
2396 619 2585 678 illum
2637 617 2985 694 inveniret,
3038 619 3153 696 qui
3186 619 3368 679 viam

267 727 516 786 salutis
564 732 887 786 curreret.
924 725 1002 784 Et
1053 724 1404 800 quemdam
1460 725 1734 796 invenit,
1785 719 1830 798 ¹)
1868 729 1933 782 ct
1980 740 2131 784 eum
2184 724 2458 797 amavit,
2511 739 2881 799 agnoscens
2930 723 3106 800 quod
3156 723 3373 784 fidelis

273 829 473 891 homo
507 837 711 906 esset,
749 840 815 890 ct
849 832 1092 890 similis
1143 831 1270 889 sibi
1313 832 1373 888 in
1411 831 1631 905 aliqua
1671 837 1857 905 parte
1895 830 2144 889 laboris
2183 830 2363 889 illius
2398 830 2511 906 qui
2547 830 2628 890 ad
2670 846 2770 889 me
2824 831 3056 904 tendit,
3111 837 3371 892 tenens-

271 951 402 1011 que
428 951 610 1006 eum,
648 937 849 996 simul
898 953 1047 997 cum
1088 937 1201 995 illo
1254 937 1314 994 in
1351 937 1660 996 omnibus
1710 936 1817 995 liis
1851 952 1972 1011 per
2022 951 2384 1010 supernum
2418 936 2711 997 studium
2757 937 3116 1013 contendit,
3153 941 3227 999 ut
3257 938 3372 998 ab·

272 1055 516 1100 soonsa
553 1042 879 1101 miracula
915 1058 1061 1100 mea
1096 1042 1581 1101 revelarentur.

362 1144 444 1205 Et
479 1145 650 1204 idem
704 1145 900 1205 homo
940 1161 1142 1220 super
1191 1145 1628 1218 semetipsum
1666 1159 1734 1202 se
1771 1160 1900 1203 non
1934 1145 2186 1221 posuit,
2227 1144 2342 1204 sed
2376 1145 2459 1203 ad
2497 1145 2682 1204 illum
2725 1145 2791 1203 in
2825 1145 3217 1205 ascensione
3252 1145 3373 1207 hu-

273 1250 618 1323 militatiS,
669 1255 735 1309 et
771 1250 836 1308 in
889 1249 1252 1308 intentione
1286 1247 1497 1308 bonae
1550 1247 1938 1320 voluntatis,
1979 1262 2179 1322 quem
2214 1248 2507 1322 invenit,
2546 1263 2620 1306 se
2670 1248 2736 1307 in
2774 1249 3006 1308 multis
3057 1250 3370 1325 suspiriis

275 1352 643 1413 inclinavit.
695 1354 792 1412 Tu
824 1368 1008 1428 ergo,
1046 1368 1083 1411 o
1119 1351 1340 1427 hom0,
1393 1352 1504 1428 qui
1543 1350 1709 1410 haec
1757 1367 1884 1409 non
1923 1351 1988 1409 in
2035 1351 2491 1427 inquietudine
2526 1350 2963 1426 deceptioniS,
3001 1352 3119 1411 sed
3155 1354 3222 1412 in
3253 1369 3373 1428 pu-

277 1455 478 1515 ritate
536 1456 993 1530 simplicitatis
1049 1456 1325 1531 accipis,
1364 1455 1447 1514 ad
1505 1453 2118 1514 manifestationem
2183 1453 2730 1515 absconditorum
2788 1454 3080 1530 directa,
3151 1457 3372 1516 scribe

271 1576 450 1636 quae
485 1560 675 1618 vides
711 1566 778 1618 et
812 1559 1026 1619 audis,

363 1666 486 1726 Sed
538 1682 685 1741 ego,
722 1667 1034 1742 quamvis
1084 1664 1248 1724 haec
1282 1663 1579 1723 viderem
1627 1667 1696 1724 et
1728 1665 2061 1740 audirem,
2115 1671 2340 1725 tamen
2373 1670 2649 1742 propter
2681 1664 3093 1724 dubietatem
3129 1672 3196 1724 et
3233 1682 3370 1724 ma·-

277 1770 414 1830 lam
447 1771 829 1845 opinionem
877 1776 947 1829 et
980 1774 1254 1845 propter
1301 1768 1762 1828 diversitatem
1809 1769 2170 1829 verborum
2220 1769 2586 1844 hominum,
2624 1769 2852 1829 tandiu
2903 1786 3034 1829 non
3069 1770 3134 1829 in
3169 1772 3371 1845 perti-

274 1875 502 1946 nacia,
556 1874 673 1934 sed
710 1876 776 1935 in
826 1874 1227 1934 humilitatis
1261 1873 1483 1932 officio
1535 1873 1831 1932 scribere
1866 1873 2199 1948 recusavi,
2236 1890 2588 1950 quousque
2626 1875 2690 1934 in
2725 1876 2970 1935 lectum
3005 1876 3370 1950 aegritudi-

279 1979 407 2053 ni8‚
461 1980 723 2055 flagello
759 1978 874 2038 Dei
911 1979 1254 2054 depressa,
1292 1977 1621 2037 caderem:
1675 1978 1769 2037 ita
1818 1977 1993 2053 quod
2045 1979 2314 2037 tandem
2364 1979 2595 2039 multis
2644 1980 3148 2040 infirmitatibus
3196 1998 3377 2042 com-

281 2083 500 2160 pulsa,
552 2084 937 2142 testimonio
974 2081 1324 2156 cujusdam
1374 2081 1620 2140 nobilis
1655 2088 1723 2140 et
1772 2081 2096 2141 bonorum
2141 2100 2401 2142 morum
2452 2085 2736 2160 puellae,
2770 2082 2822 2164 ²)
2874 2091 2940 2145 et
2975 2086 3264 2147 hominis
3300 2091 3375 2147 il-

285 2187 417 2247 lius
443 2203 664 2263 ‚quem
701 2187 960 2247 occulte
1015 2185 1116 2265 (ut
1151 2184 1527 2261 praefatum
1577 2185 1707 2264 est)
1745 2187 2171 2261 quaesieram
2220 2195 2286 2247 et
2323 2188 2741 2263 inveneram,
2796 2205 3034 2248 manus
3077 2190 3160 2249 ad
3210 2193 3376 2249 scri-

282 2291 574 2351 bendum
624 2291 924 2366 apposui.
962 2290 1148 2361 Quod
1195 2291 1354 2350 dum
1392 2289 1712 2366 facerem,
1750 2292 1956 2351 altam
1991 2291 2510 2366 profunditatem
2548 2295 2989 2371 expositionis
3023 2297 3370 2372 librorum,

284 2404 358 2457 ut
406 2396 743 2473 praedixi,
796 2398 1130 2471 sentiens,
1180 2397 1575 2472 viribusque
1624 2397 1937 2472 receptiS‚
1974 2396 2055 2456 de
2104 2398 2523 2472 aegritudine
2559 2415 2662 2459 me
2709 2400 3005 2475 erigenS,
3043 2402 3153 2461 vix
3202 2419 3371 2480 opus

284 2501 467 2563 istud
501 2501 729 2561 decem
764 2502 957 2561 annis
991 2517 1465 2561 consummans
1501 2502 1580 2560 ad
1618 2500 1811 2560 finem
1848 2500 2149 2577 perduxi.

372 2606 443 2664 In
478 2604 716 2664 diebus
765 2610 988 2664 autem
1024 2605 1317 2664 Heinrici
1366 2605 1731 2680 Moguntini
1766 2606 2283 2683 archiepiscopi,
2334 2612 2404 2666 et
2452 2608 2738 2669 Conradi
2773 2610 3223 2672 Romanorum
3278 2632 3380 2672 re-

283 2709 410 2786 gie,
461 2714 527 2766 et
563 2707 851 2767 Cononis
900 2708 1164 2767 abbatis
1215 2707 1281 2766 in
1332 2713 1551 2766 monte
1602 2708 1777 2767 beati
1823 2707 2126 2768 Disibodi
2176 2711 2535 2786 pontificiS,
2588 2714 2715 2774 sub
2749 2731 2923 2792 papa
2970 2716 3291 2792 Eugenio,
3327 2714 3374 2796 ⁸)

280 2814 409 2874 hae
446 2813 740 2873 visiones
775 2818 841 2870 et
876 2813 1082 2871 verba
1118 2812 1295 2872 facta
1328 2817 1504 2872 sunt.

373 2919 454 2978 Et
499 2919 635 2978 dixi
670 2920 738 2978 et
786 2917 1028 2993 scripsi
1066 2916 1260 2989 haec,
1312 2933 1442 2976 non
1494 2917 1856 2976 secundum
1909 2918 2443 2982 adinventionem
2496 2923 2721 2984 cordis
2772 2928 2940 3002 mei,
3003 2934 3118 2988 aut
3169 2930 3372 2988 ullius

279 3024 601 3094 hominiS‚
655 3010 781 3083 sed'
818 3028 890 3083 ut
936 3037 1017 3081 ea
1052 3021 1118 3081 in
1166 3021 1571 3081 coelestibus
1621 3021 1781 3094 vidi,
1833 3021 2060 3083 audivi
2110 3025 2178 3084 et
2224 3029 2526 3103 percepi,
2578 3043 2699 3106 per
2747 3037 3009 3091 secreta
3057 3032 3377 3106 mysteria

277 3129 420 3189 Dei.
455 3128 534 3188 Et
568 3129 813 3188 iterum
847 3126 1074 3187 audivi
1111 3142 1341 3186 vocem
1378 3126 1458 3185 de
1493 3127 1678 3187 coelo
1713 3126 1878 3185 mihi
1911 3127 2262 3189 dicentem:
2303 3131 2531 3191 Clama
2564 3149 2724 3209 ergo
2759 3137 2826 3195 et
2859 3134 3081 3195 scribe
3116 3138 3233 3195 sic.

911 3336 1317 3396 CAPITULA
1360 3335 1669 3395 PRIMAE
1719 3335 2065 3397 VISIONIS
2110 3340 2418 3402 PRIMAE
2465 3344 2761 3405 PARTIS

363 3527 413 3589 1,
512 3526 591 3582 De
634 3526 963 3596 fortitudine
1007 3530 1057 3580 et
1098 3525 1398 3580 stabilitate
1439 3524 1782 3578 aeternitatis
2159 3527 2330 3584 Deum
2354 3537 2403 3585 et
2424 3548 2689 3605 pauperes
2711 3537 2916 3607 spiritu
2939 3536 3265 3591 custodiunt.

572 3615 733 3683 regni
757 3611 878 3666 Dei.
1949 3608 2018 3666 V.
2109 3610 2271 3679 Quod
2294 3620 2571 3686 aynitioni
2601 3618 2703 3673 Dei
2726 3620 2983 3675 abscondi
3014 3637 3123 3676 non
3152 3631 3378 3694 possum

363 3697 436 3752 11.
517 3697 596 3752 De
620 3701 808 3752 timore
837 3695 1073 3752 Domini.
2162 3702 2349 3756 anaia
2373 3709 2592 3757 actuum
2617 3705 2909 3760 hominnm.

363 3783 466 3839 111.
510 3781 590 3838 De
615 3786 688 3837 iis
712 3786 813 3854 qui
831 3798 1096 3854 pauperes
1121 3785 1324 3853 spiritu
1348 3788 1492 3838 sunt.
1952 3783 2052 3838 vl.
2097 3782 2354 3841 Salomon
2378 3788 2444 3842 de
2466 3790 2650 3843 eadem
2671 3807 2747 3845 re.

361 3868 458 3925 IV.
506 3867 654 3934 Quos
697 3870 957 3928 virtutes,
995 3884 1030 3920 a
1072 3866 1181 3921 Deo
1217 3870 1516 3930 venientes,
1554 3872 1792 3925 timentes

392 4040 424 4078 ι
462 4020 610 4080 Vidi
640 4017 688 4099 ⁴)
742 4021 936 4098 quasi
973 4028 1262 4081 montem
1316 4039 1651 4097 magnum,
1693 4023 1983 4085 ferreum
2033 4028 2325 4087 colorem
2377 4028 2757 4106 habentem,
2797 4039 2863 4092 et
2912 4047 3118 4111 super
3169 4036 3386 4112 ipsum

295 4148 327 4187 ι
369 4128 723 4219 quemdam
760 4132 985 4188 tantae
1019 4128 1352 4187 claritatis
1389 4128 1758 4200 sedentem,
1808 4137 1882 4190 ut
1918 4132 2198 4193 claritas
2237 4136 2450 4210 ipsius
2486 4138 2703 4196 visum
2741 4155 2961 4199 meum
3002 4143 3387 4203 reverbera-

283 4222 327 4291 ἰ
371 4239 494 4307 ret,
516 4233 597 4292 de
624 4250 755 4309 quo
782 4234 865 4293 ab
895 4240 1176 4310 utraque
1198 4237 1385 4309 parte
1413 4235 1541 4307 sui,
1565 4235 1733 4293 lenis
1761 4236 2021 4309 umbra,
2046 4239 2228 4296 velut
2254 4239 2360 4299 ala
2386 4242 2595 4299 mirae
2618 4243 2990 4304 latitudinis
3018 4253 3084 4305 et
3108 4248 3388 4323 longitu-

295 4358 327 4396 ιο
366 4337 566 4411 dinis,
596 4337 1094 4397 extendebatur.
1124 4369 1212 4383 —
1236 4338 1314 4397 Et
1348 4344 1500 4397 ante
1530 4339 1776 4414 ipsum,
1807 4339 1885 4398 ad
1925 4340 2216 4402 radicem
2245 4343 2541 4417 ejusdem
2573 4349 2841 4421 montiS,
2872 4349 3200 4423 quaedam
3230 4351 3392 4412 ima-

367 4569 410 4635 ¹)
437 4568 492 4624 Is
531 4568 832 4625 volmarus
882 4568 1030 4632 erit.
1081 4569 1247 4641 cujus
1290 4569 1585 4640 epistolam
1626 4570 1795 4626 habe·
1887 4587 1944 4627 se
1967 4587 2016 4627 a.
2044 4575 2283 4636 iniunt
2307 4574 2579 4639 creditur,
2601 4594 2699 4632 nee
2722 4577 2831 4632 nisi
2850 4584 3092 4635 exeunte
3111 4580 3235 4651 ejus
3256 4596 3390 4652 pon·

296 4669 425 4709 mus
450 4671 504 4725 p.
539 4657 663 4716 346,
704 4661 762 4709 et
791 4655 1094 4724 imaginem
1138 4655 1195 4709 in
1229 4655 1449 4726 pictura
1493 4656 1639 4711 libro
1679 4656 1792 4712 Sci·
1890 4657 2113 4713 titicatu
2138 4660 2751 4735 ultimasprolixisslibri
2780 4664 2859 4718 111
2881 4665 3390 4721 visionesexaratas

296 4743 419 4796 vias
445 4739 687 4811 praelixa
719 4738 776 4794 in
799 4740 920 4796 cod.
954 4740 1092 4795 min.
1120 4740 1406 4797 wiesbad.
1434 4744 1566 4807 -2)
1588 4742 1792 4797 Eadem
1892 4741 2085 4800 fuisse.
2117 4775 2187 4785 —
2223 4746 2266 4803 ⁴)
2308 4746 2566 4816 virgulis
2604 4750 2786 4804 solent
2822 4750 2883 4804 in
2922 4751 3113 4806 codice
3151 4752 3391 4807 circum·

296 4831 383 4880 est
421 4827 606 4897 puella
648 4825 936 4887 monialis.
964 4841 1108 4896 quae
1135 4831 1478 4880 memoratur
1516 4826 1574 4881 in
1604 4842 1796 4898 prooe·
1891 4829 2067 4885 scribi
2098 4828 2357 4899 singulae
2386 4832 2651 4897 visiones.
2682 4842 2800 4890 tum
2826 4835 3027 4891 concio
3060 4835 3278 4899 haberi.
3305 4852 3394 4892 ca·

281 4909 414 4965 mio
442 4911 575 4967 libri
623 4910 777 4969 Vitae
810 4916 1145 4973 meritorum,
1186 4912 1278 4966 sed
1320 4912 1530 4967 nullibi
1569 4912 1798 4969 nomine
1891 4913 2076 4985 pitula
2107 4919 2526 4974 verorecenseri
2552 4926 2675 4992 post
2699 4920 2935 4975 visionis
2955 4921 3391 4984 enarrationem.

298 5013 400 5053 suo
439 4998 716 5068 signatur.
750 5029 809 5039 -
841 4997 885 5062 ³)
922 4996 1059 5052 Cum
1102 4998 1246 5053 liber
1285 4996 1500 5054 Scivias
1539 5014 1648 5053 non
1686 4999 1796 5056 nisi
1887 4999 2056 5071 juxta
2079 5001 2332 5073 ejusdem
2359 5003 2685 5074 particulas.
2712 5005 2923 5074 absque
2945 5007 3061 5061 ullo
3081 5006 3147 5059 ad
3175 4996 3396 5065 concio·

298 5099 348 5139 a.
380 5088 511 5140 1151
537 5085 833 5139 absolutus
862 5081 1055 5146 luerit,
1080 5084 1260 5155 palam
1286 5081 1349 5137 tit
1375 5087 1555 5136 totum
1588 5083 1798 5138 librum
1893 5098 2017 5138 nem
2051 5092 2329 5156 respectu.
2359 5087 2455 5142 sed
2493 5094 2647 5143 certo
2680 5106 2748 5143 ex
2775 5090 2993 5152 ordine.
3024 5093 3274 5149 numeris
3310 5094 3395 5150 di·

301 5168 539 5223 minime
559 5167 917 5238 Eugeniolll
938 5167 1083 5240 apud
1104 5167 1639 5223 Treverosoblatum
1667 5167 1801 5223 luis·
1904 5170 2141 5232 stincto‚
2179 5170 2278 5240 qui
2320 5172 2552 5227 omnino
2604 5170 2659 5225 in
2699 5172 2869 5228 editis
2915 5174 3322 5235 desiderantur.

3206 5285 3248 5326 ξ
