4036 6117
612 517 743 578 180
1760 532 1813 578 s.
1875 529 2417 577 nxnnsoxams

540 649 843 726 negligit,
879 651 948 708 et
979 648 1176 725 plena
1223 648 1714 710 maledictionis
1761 650 2083 724 existens,
2128 665 2280 709 cum
2306 648 2626 725 pessimis
2652 649 2849 709 malis
2873 648 3136 709 coelum
3162 648 3405 726 tetigit,
3431 663 3644 727 quan-

542 755 632 817 do
665 760 1045 831 serpentem
1088 754 1156 813 in
1187 753 1583 814 Paradisum
1614 753 1824 829 misit,
1859 754 1973 831 qui
2013 751 2349 813 hominem
2382 758 2574 813 veste
2608 753 3025 814 innocentiae
3058 753 3444 829 expoliavit,
3481 767 3637 813 cum

542 858 730 918 illum
768 857 1057 917 similem
1090 855 1226 916 Deo
1260 856 1402 917 fieri
1436 855 1622 916 dixit.
1674 855 1798 916 Sed
1832 863 1902 916 et
1934 856 2335 932 sapientiam
2369 855 2652 930 deridet,
2688 860 2759 915 et
2788 855 3000 916 bonos
3035 870 3115 916 ac
3160 860 3384 917 rectos
3418 869 3646 915 mores

538 961 852 1039 dissipat,
885 967 956 1022 et
986 966 1211 1021 turres
1242 960 1570 1020 virtutum
1613 975 1883 1020 movere
1917 961 2150 1034 tentat;
2197 959 2313 1020 ubi
2347 958 2547 1020 ludos
2572 959 2843 1033 excitat,
2879 959 2949 1019 in
2978 958 3226 1036 quibus
3259 959 3430 1019 iram
3461 958 3643 1019 aedi-

537 1067 717 1144 sscat,
752 1069 820 1129 et
850 1066 919 1126 in
950 1066 1197 1143 quibus
1230 1080 1507 1142 magnas
1540 1066 1773 1126 ruinas
1804 1064 1887 1125 ad
1922 1080 1997 1125 se
2030 1065 2309 1141 colligit,
2344 1063 2426 1125 de
2467 1064 2717 1142 quibus
2747 1063 3063 1125 omnibus
3094 1078 3168 1123 se
3210 1063 3499 1124 libenter
3528 1077 3641 1122 ex-

543 1176 758 1230 cusat.
808 1168 888 1230 Et
920 1184 1069 1229 cum
1119 1168 1343 1228 omnia
1389 1167 1556 1229 haec
1590 1168 1826 1229 fecerit
1858 1168 2035 1243 aliis,
2071 1184 2241 1245 quos
2274 1183 2478 1245 saepe
2515 1167 2903 1244 commovit,
2937 1166 3189 1228 dicens:
3223 1166 3441 1242 Fatui,
3475 1166 3638 1243 quid

539 1269 796 1330 fecitis?
818 1270 899 1330 Et
930 1275 1089 1330 tunc
1112 1268 1537 1329 sanctitatem
1571 1285 1645 1329 se
1679 1268 1857 1331 ferre
1886 1269 2075 1345 dicit,
2103 1275 2171 1330 et
2196 1268 2325 1330 hoc
2347 1285 2501 1330 cum
2523 1270 2839 1330 illusione
2866 1268 3049 1344 facit,
3070 1267 3634 1346 quemadmodum

539 1373 655 1433 ille
679 1374 1059 1434 sanctitatis
1088 1374 1324 1434 illusor
1348 1373 1688 1448 existeret,
1718 1373 1833 1451 qui
1860 1379 2095 1433 sancta
2120 1390 2286 1434 vasa
2319 1374 2387 1434 in
2419 1374 2665 1449 platea,
2700 1379 2776 1435 ut
2801 1373 2894 1434 ibi
2920 1373 3381 1449 illuderentur,
3409 1378 3637 1450 porta-

545 1481 671 1551 ret,
701 1479 770 1537 et
796 1477 894 1536 sic
919 1492 1067 1537 eam
1095 1477 1162 1536 in
1196 1477 1624 1552 sacrilegium
1650 1482 2013 1553 computat.
2044 1476 2185 1537 Hoc
2209 1478 2411 1538 etiam
2436 1477 2633 1539 modo
2656 1477 2977 1539 Diabolus
3004 1477 3340 1539 hominem
3367 1472 3415 1558 ¹)
3449 1476 3641 1538 dece-

549 1580 672 1656 pit.
709 1579 833 1640 Sed
867 1586 935 1641 et
965 1586 1325 1657 postquam
1355 1580 1695 1640 discordia
1728 1580 2061 1657 plurimas
2094 1581 2488 1659 iniquitates
2522 1581 2606 1641 ad
2640 1596 2713 1641 se
2746 1582 3120 1658 collegerit,
3152 1596 3270 1641 eas
3303 1596 3457 1641 cum
3497 1578 3636 1640 bla-

543 1684 873 1759 sphemiis
895 1685 1195 1760 devorat,
1226 1701 1304 1746 ac
1328 1701 1443 1745 eas
1470 1686 1568 1745 sic
1595 1687 1661 1745 in
1686 1685 2153 1748 confusionem
2177 1688 2339 1747 etin
2372 1687 2807 1764 opprobrium
2838 1686 3046 1762 ducit,
3082 1687 3268 1747 velut
3294 1686 3444 1746 illas
3475 1703 3641 1746 nun-

539 1802 742 1863 quam
775 1786 857 1848 ad
892 1804 965 1848 se
1000 1788 1408 1864 collegisset.
1443 1787 1734 1864 Simplex
1770 1794 1996 1849 autem
2039 1789 2262 1866 homo,
2314 1790 2431 1866 qui
2465 1805 2539 1849 se
2570 1794 2850 1865 peccato
2896 1788 3295 1865 simpliciter
3328 1787 3632 1865 involvit,

538 1892 672 1953 ista
705 1908 835 1953 non
868 1893 1236 1969 cognoscit3
1273 1898 1683 1969 quapropter
1722 1895 1793 1953 et
1826 1892 2007 1953 Deus
2041 1894 2231 1953 illum
2264 1909 2393 1954 non
2427 1894 2707 1970 spernit,
2745 1908 2896 1953 cum
2932 1893 3153 1969 ipsum
3185 1890 3266 1952 ad
3294 1891 3637 1968 poeniten-

538 1996 704 2056 tiam
750 1995 957 2071 ducit,
1008 1996 1122 2057 ubi
1168 1995 1429 2057 discors
1460 2002 1531 2057 et
1563 1997 2010 2073 impoenitens
2059 1996 2260 2058 homo
2293 1997 2359 2057 in
2393 1997 2494 2058 ira
2526 1995 2644 2057 Dei
2672 1994 2725 2077 ²)
2762 2011 3003 2073 magno
3034 2012 3201 2057 casu
3235 1995 3436 2071 cadit,
3470 2010 3637 2073 quo-

544 2099 725 2159 niam
751 2099 1063 2160 timorem
1088 2098 1350 2161 Domini
1375 2117 1507 2162 non
1539 2100 1817 2177 habens,
1853 2105 2036 2161 retro
2071 2101 2344 2176 incedit,
2369 2116 2520 2161 cum
2548 2101 2802 2178 justam
2827 2101 3010 2161 viam
3041 2102 3429 2163 contemnit.
3451 2099 3635 2161 Idem

539 2217 807 2279 quoque
840 2203 1080 2264 vitium
1115 2220 1287 2280 opus
1320 2221 1518 2265 suum
1550 2205 1840 2281 pleniter
1870 2205 2180 2282 perfecit,
2216 2205 2482 2282 quando
2513 2205 2746 2266 Iudaei
2778 2205 3021 2266 Filium
3054 2220 3276 2265 meum
3310 2205 3377 2265 in
3402 2204 3638 2266 huma·-

539 2309 750 2369 nitate
798 2324 921 2369 sua
967 2308 1302 2385 viderunt,
1353 2314 1421 2369 et
1469 2309 1805 2370 mirabilia
1850 2310 1999 2386 ejus
2048 2312 2527 2387 cognoverunt;
2579 2310 2696 2370 sed
2744 2325 2868 2387 pro
2912 2310 3213 2387 nequitia
3251 2309 3475 2370 cordis
3522 2310 3630 2370 sui

540 2413 626 2473 ab
674 2429 753 2474 eo
802 2420 1254 2491 recesserunt,
1287 2416 1355 2474 et
1386 2428 1460 2473 se
1494 2414 1674 2491 ipsos
1725 2414 1790 2474 in
1838 2419 2125 2475 mortem
2172 2415 2812 2492 praecipitaverunt,
2859 2413 3421 2492 quemadmodum
3468 2413 3639 2475 scri-

543 2522 734 2592 ptum
764 2522 892 2577 est:

1998 2621 2182 2684 LXX.

1783 2830 1984 2892 Verba
2032 2830 2397 2911 Evanqelii.

630 3041 739 3103 90.
776 3038 1096 3102 Abierant
1130 3045 1521 3118 retrorsum,
1557 3044 1620 3101 et
1655 3040 2039 3103 ceciderunt
2070 3043 2145 3102 in
2177 3046 2448 3104 terram.
2477 3036 2529 3122 ³)
2558 3041 2745 3115 Quod
2769 3043 2974 3105 etiam
3002 3042 3103 3105 sic
3127 3041 3634 3121 intelligendum

543 3147 668 3205 est.
702 3144 809 3205 Illi
841 3145 958 3223 qui
990 3145 1346 3206 veritatem
1380 3144 1735 3221 abnegant,
1784 3150 1852 3205 et
1883 3144 2195 3206 Satanam
2234 3147 2299 3206 in
2348 3148 2707 3208 contrariis
2738 3147 3059 3224 operibus
3092 3149 3464 3224 imitantur,
3513 3164 3636 3210 va-

543 3252 708 3312 dunt
742 3251 808 3311 in
838 3251 1213 3327 interitum,
1266 3252 1446 3311 retro
1481 3249 1885 3325 incedentes,
1922 3264 2074 3309 cum
2109 3250 2340 3310 oculos
2375 3250 2526 3310 fidei
2562 3252 2628 3311 in
2662 3252 3051 3330 semetipsis
3082 3251 3422 3328 claudunt3
3456 3250 3637 3313 unde

543 3355 745 3413 etiam
796 3353 1043 3414 cadunt
1077 3354 1144 3412 in
1174 3353 1509 3428 pessimas
1556 3352 1986 3428 tentationes,
2037 3369 2211 3430 quae
2257 3369 2376 3414 eos
2424 3353 2509 3414 ad
2544 3354 3063 3416 internecionem
3098 3355 3467 3432 impellunt.
3502 3354 3632 3416 Sed

543 3465 621 3518 ut
650 3458 827 3516 Deus
863 3457 930 3516 in
961 3457 1332 3517 novissimo
1367 3458 1474 3517 die
1507 3456 1816 3518 homines
1847 3456 1931 3517 ad
1965 3457 2411 3517 immortalem
2443 3458 2654 3519 vitam
2686 3459 2955 3535 excitat,
2993 3459 3094 3520 sic
3123 3460 3325 3520 etiam
3358 3465 3427 3520 et
3456 3475 3637 3520 nunc

543 3578 664 3639 per
710 3560 1191 3636 poenitentiam
1237 3576 1355 3621 eos
1403 3561 1485 3620 ad
1534 3561 1742 3621 vitam
1791 3561 2189 3621 resuscitat:
2250 3561 2564 3637 quoniam
2615 3562 2712 3623 illi
2761 3563 2878 3641 qui
2925 3564 2992 3624 in
3039 3563 3437 3642 corporibus
3486 3563 3637 3625 suis

544 3663 908 3726 commissa
956 3679 1078 3722 sua
1112 3662 1377 3738 deflent,
1414 3662 1574 3724 dum
1606 3664 1867 3723 animae
1899 3679 2133 3723 eorum
2167 3664 2565 3741 corporibus
2612 3673 2968 3744 exuuntur,
3017 3669 3224 3729 etiam
3271 3668 3331 3728 si
3377 3682 3636 3743 poenas

543 3766 918 3846 purgatorii
951 3770 1488 3842 promeruerunt,
1524 3765 1724 3825 citius
1758 3770 1981 3825 tamen
2013 3765 2113 3825 eis
2145 3765 2541 3842 eripiuntur.
2578 3767 2758 3830 Haec
2784 3772 3009 3830 autem
3039 3769 3123 3830 de
3146 3767 3635 3847 poenitentium

547 3868 899 3932 animabus
929 3867 1298 3945 purgandis
1330 3872 1399 3928 et
1431 3867 1773 3928 salvandis
1805 3867 1986 3930 dicta
2018 3873 2198 3945 sunt,
2233 3871 2301 3930 et
2332 3868 2554 3932 fidelia
2587 3878 2767 3949 sunt,
2801 3875 2870 3935 et
2901 3872 3123 3934 fidelis
3159 3871 3269 3934 his
3308 3869 3636 3946 attendat,

554 3976 623 4035 et
653 3988 732 4032 ea
766 3971 832 4032 in
864 3971 1254 4033 memoriam
1288 3971 1501 4033 bonae
1534 3970 1857 4033 scientiae
1899 3973 2275 4049 componat.

626 4221 669 4286 ¹)
696 4222 960 4278 hominem
981 4234 1091 4277 om.
1123 4219 1198 4276 W
1222 4251 1309 4278 —.
1337 4221 1383 4290 ²)
1409 4224 1471 4278 in
1493 4237 1691 4295 maeno
1712 4237 1843 4280 casu
1864 4219 1933 4278 A.
1964 4252 2032 4262 —
2058 4219 2107 4290 ⁸)
2127 4221 2287 4278 joan.
2317 4220 2535 4287 xvm.
2561 4227 2616 4279 6.
