4036 6117
1239 518 1474 575 numa
1527 522 1725 576 vrrAE
1780 528 2249 578 Mem-ronow
3129 522 3215 582 15

213 665 241 703 n
276 644 440 720 ficio,
490 649 557 707 et
604 644 781 722 quod
833 644 897 705 in
944 660 1023 707 eo
1074 662 1455 722 persevero,
1492 651 1562 711 et
1592 649 1770 727 quod
1802 650 2139 711 neminem
2170 651 2512 726 conculcO‚
2549 652 2664 712 sed
2700 654 2923 714 omnia
2958 655 3021 715 in
3058 656 3285 731 quiete

214 772 239 809 »
278 752 503 824 habeo,
555 753 624 810 et
671 765 865 810 nemo
913 751 1312 812 condemnat
1355 768 1458 813 me
1490 748 1558 829 ¹).
1596 755 1720 815 Sed
1757 770 1909 815 cum
1943 758 2013 815 tu
2050 756 2288 816 turrim
2321 756 2546 831 erigiS,
2584 757 2650 817 in
2686 774 2815 818 uno
2853 760 3056 819 verbo
3093 761 3280 819 illam

209 876 237 913 ι
271 856 576 929 destru0,
630 870 708 914 ac
756 855 978 914 omnia
1026 856 1241 930 spolia
1287 857 1431 933 ejus
1479 858 1752 933 dissipo.
1802 860 1881 919 Et
1929 861 2029 920 sic
2077 860 2348 934 peribis,
2400 876 2522 935 ego
2573 866 2797 923 autem
2831 864 2898 923 in
2931 867 3283 925 aeternum

206 978 234 1016 »
270 959 689 1033 permanebo,
728 977 760 1015 »

1633 1162 1811 1231 XIII.

1296 1376 1498 1438 Verba
1543 1379 1809 1455 ineptae
1861 1380 2176 1440 laetitiae.

273 1585 375 1645 24.
428 1584 725 1660 Septima
773 1601 933 1645 vero
982 1583 1201 1661 imago
1251 1600 1292 1645 a
1338 1600 1603 1647 sursum
1654 1600 1866 1663 usque
1908 1587 1990 1647 ad
2028 1588 2288 1649 lumbos
2326 1587 2605 1650 formam
2640 1586 2926 1651 hominis
2961 1589 3276 1671 habebat,

195 1692 458 1764 excepto
507 1690 683 1767 quod
734 1705 970 1749 manus
1019 1689 1164 1767 ejus
1212 1692 1286 1751 ut
1334 1703 1569 1750 manus
1619 1689 1853 1752 simiae
1906 1691 2191 1767 fuerant3
2244 1709 2285 1753 a
2334 1694 2575 1754 lumbis
2623 1697 2845 1755 autem
2881 1699 2948 1757 et
2979 1698 3278 1774 dorsum,

192 1808 462 1868 capreae
512 1793 1035 1867 assimilabatur,
1087 1793 1205 1852 sed
1246 1793 1449 1868 pedes
1482 1794 1629 1869 ejus
1661 1795 2026 1869 praedictis
2061 1798 2356 1857 tenebris
2392 1799 2485 1858 ita
2520 1798 2700 1858 infixi
2735 1801 2948 1875 erant,
2987 1802 3163 1878 quod
3199 1803 3282 1862 ad

193 1896 554 1973 perfectum
589 1914 705 1960 eos
740 1898 967 1959 videre
1000 1913 1133 1958 non
1167 1900 1490 1974 poteram.
1528 1899 1679 1974 Ipsa
1711 1914 1976 1977 quoque
2008 1902 2198 1961 nulla
2233 1902 2618 1962 indumenta
2652 1902 2965 1980 habebat,
2996 1907 3112 1966 sed
3139 1884 3282 1967 tota

195 2002 359 2063 nuda
390 2004 728 2079 apparuit,
766 2008 835 2063 et
866 2002 1152 2063 dicebat:

270 2107 372 2168 25.
412 2126 449 2166 et
485 2107 759 2166 Dulcem
792 2107 999 2165 vitam
1033 2112 1101 2166 et
1132 2098 1481 2180 pulchram
1515 2107 1692 2168 viam
1731 2109 1797 2168 in
1821 2122 1927 2170 me
1957 2110 2246 2184 invenie,
2274 2112 2343 2171 et
2367 2124 2575 2186 quare
2602 2110 2688 2171 ab
2716 2112 2832 2171 illa
2861 2113 3279 2175 abstinerem

198 2230 223 2266 ι
257 2211 395 2270 me‘?
444 2211 661 2271 Vitam
712 2209 887 2270 enim
938 2209 1160 2285 istam,
1211 2210 1280 2270 in
1327 2226 1461 2287 qua
1496 2215 1725 2271 creata
1757 2227 1927 2288 sum,
1964 2213 2140 2273 Deus
2174 2213 2339 2273 mihi
2372 2214 2576 2289 dedit;
2613 2223 2682 2275 et
2713 2217 2874 2293 quid
2909 2218 2995 2276 ob
3030 2218 3178 2293 hoc,
3220 2219 3279 2279 si

199 2332 224 2371 ι
258 2315 489 2391 aliqua
537 2315 795 2375 laetitia
830 2315 895 2374 in
929 2329 1129 2374 carne
1164 2330 1313 2373 mea
1346 2314 1485 2375 est‘?
1518 2316 1808 2390 Cuprum
1845 2317 2022 2376 enim
2058 2318 2274 2391 primo
2306 2314 2357 2395 ²)
2394 2318 2658 2392 durum,
2695 2325 2762 2378 et
2796 2320 2982 2380 velut
3012 2322 3279 2397 nigrum

200 2438 224 2475 ›
258 2420 364 2494 sit,
408 2421 712 2494 apparet,
750 2418 866 2479 sed
899 2424 1135 2493 postea
1167 2419 1351 2479 velut
1382 2435 1619 2479 aurum
1657 2419 1958 2496 fulgebit:
1997 2422 2090 2481 ita
2122 2422 2325 2482 etiam
2361 2422 2418 2481 si
2451 2423 2681 2498 aliqua
2715 2424 2945 2483 sordes
2980 2425 3045 2484 in
3079 2441 3284 2486 carne

198 2542 224 2577 ι
257 2537 403 2582 mea
437 2524 563 2597 est,
601 2522 932 2596 culpabile
964 2539 1098 2582 non
1130 2525 1253 2583 est.
1288 2523 1475 2584 Multi
1509 2524 1685 2584 enim
1724 2525 1790 2584 in
1822 2526 2147 2586 coecitate
2184 2525 2382 2603 hujus
2416 2527 2595 2586 vitae
2623 2528 2801 2601 sunt,
2832 2528 2947 2603 qui
2972 2529 3282 2590 nesciunt

201 2646 226 2682 ι
262 2627 419 2703 quid
459 2626 737 2688 faciunt.
771 2626 907 2701 Ego
941 2631 1166 2688 autem
1205 2627 1399 2687 istam
1435 2629 1641 2688 vitam
1680 2630 1843 2705 sci0,
1880 2636 1948 2690 et
1980 2646 2128 2690 eam
2165 2630 2414 2691 habere
2447 2631 2776 2690 desidero.
2817 2650 2849 2687 »

1623 2833 1829 2897 XIIII.

141 2906 287 2921 ⁸-

1158 3048 1573 3125 Responsum
1623 3047 1906 3125 qemilus
1955 3047 2042 3107 ad
2087 3048 2304 3109 deum.

271 3257 376 3319 26.
431 3255 512 3317 Et
561 3255 804 3317 iterum
852 3255 936 3316 de
971 3255 1316 3331 praedicta
1349 3253 1616 3316 turbida
1648 3256 1823 3317 nube
1855 3256 2083 3316 audivi
2117 3272 2351 3316 vocem
2388 3257 2542 3317 huic
2578 3258 2852 3334 imagini
2887 3275 3276 3334 responsum

189 3362 472 3423 dantem:
529 3380 561 3419 α
604 3360 710 3420 Tu
758 3360 958 3434 nuda,
1010 3375 1217 3436 quare
1263 3375 1396 3420 non
1437 3361 1803 3436 erubescis,
1840 3360 2016 3438 quod
2051 3376 2320 3422 coecam
2354 3367 2423 3422 et
2454 3365 2706 3422 mutam
2741 3362 2944 3422 vitam
2981 3380 3100 3438 pro
3134 3366 3278 3425 vita

198 3486 223 3522 n
260 3467 375 3526 illa
429 3465 659 3539 habeS‚
712 3464 779 3524 in
827 3480 960 3541 qua
1006 3464 1190 3523 nulla
1234 3467 1563 3526 nocturna
1601 3464 1977 3525 obscuritas
2020 3465 2156 3525 est‘?
2189 3465 2262 3525 In
2296 3465 2593 3525 moribus
2627 3465 2802 3526 enim
2838 3468 2971 3526 tuis
3006 3484 3272 3528 omnem

200 3595 223 3624 »
253 3571 585 3646 justitiam
622 3573 689 3628 et
721 3568 1070 3629 veritatem
1108 3569 1547 3642 transcendiS,
1584 3585 1662 3628 ac
1698 3569 1764 3628 in
1798 3568 2108 3628 rationali
2141 3569 2281 3629 vita
2312 3585 2444 3629 non
2477 3570 2670 3630 viviS.
2703 3571 2839 3646 Ego
2873 3573 3095 3632 autem
3132 3588 3279 3632 sae-

198 3695 223 3733 »
257 3677 555 3736 cularem
606 3673 810 3733 vitam
862 3672 1035 3734 sicut
1084 3673 1306 3733 fenum
1357 3688 1665 3733 arescere
1714 3674 1876 3747 sci0‚
1927 3674 2101 3733 unde
2143 3676 2210 3734 et
2242 3675 2325 3734 ad
2363 3674 2544 3733 illam
2582 3675 2869 3750 suspiro,
2905 3692 3077 3751 quae
3109 3693 3278 3736 nun-

196 3799 223 3836 »
259 3795 459 3858 quam
494 3778 778 3839 deficiet.
815 3777 1184 3838 Coelestem
1219 3777 1419 3839 etiam
1444 3771 1895 3850 harmoniam,
1934 3780 2002 3839 et
2033 3778 2257 3837 omnia
2288 3778 2593 3852 angelica
2616 3781 2685 3837 et
2709 3778 3087 3854 spiritualia
3113 3795 3276 3854 gau-

200 3905 222 3938 »
258 3885 367 3944 dia
416 3883 500 3942 ad
550 3898 653 3942 me
691 3881 907 3956 traho,
942 3898 1066 3941 nec
1098 3881 1181 3942 de
1217 3882 1378 3957 ipsis
1413 3882 1703 3943 saturari
1736 3897 2029 3957 possum,
2066 3881 2226 3958 quia
2260 3881 2642 3942 societatem
2679 3897 2828 3941 cum
2866 3882 2998 3941 illis
3031 3882 3271 3958 habeo,

198 4009 221 4042 a
258 4006 377 4048 noc
414 4004 704 4063 unquam
741 3988 826 4047 ab
858 3987 955 4047 eis
989 3985 1345 4048 discedam.
1388 4006 1418 4042 »

1662 4190 1799 4254 XV.

1505 4403 1703 4464 Verba
1747 4404 1972 4482 qladii.

273 4614 378 4675 27.
430 4613 509 4675 Et
555 4611 691 4674 vidi
740 4612 914 4690 quod
964 4610 1303 4688 praefatus
1338 4612 1442 4672 vir
1474 4611 1899 4688 evaginatum
1937 4611 2256 4687 gladium,
2297 4612 2430 4671 tres
2463 4611 2642 4670 acies
2678 4610 3055 4686 habentem,
3093 4613 3268 4672 collo

192 4717 393 4794 ipsius
435 4721 671 4794 capulo
709 4717 1089 4794 impositum
1125 4717 1378 4793 habuit,
1414 4716 1528 4795 qui
1562 4717 1687 4777 hac
1718 4721 1785 4778 et
1818 4716 1973 4776 illac
2006 4716 2089 4776 ad
2129 4716 2494 4777 feriendum
2529 4717 2943 4776 movebatur.
2979 4716 3060 4777 Et
3094 4717 3268 4777 idem

187 4824 444 4898 gladius
490 4825 677 4884 dixit:
734 4842 766 4882 «
806 4823 1027 4883 chum
1063 4823 1189 4883 zeli
1233 4825 1466 4885 contra
1498 4821 1914 4899 Aquilonem,
1951 4824 2018 4882 et
2050 4824 2283 4882 contra
2317 4837 2544 4883 omnes
2578 4822 2694 4899 qui
2728 4822 2794 4880 in
2826 4835 2903 4880 eo
2939 4821 3269 4896 habitant,

197 4945 226 4986 x
262 4928 491 4989 habeo.
544 4929 702 5001 Quis
744 4927 993 5003 poterit
1024 4925 1456 5002 percutiendo
1489 4942 1595 4987 me
1629 4927 1982 5001 superare?
2012 4925 2239 4987 Nemo.
2275 4926 2438 4986 Nam
2474 4941 2595 5001 ego
2631 4925 2976 4984 materiam
3013 4925 3080 4984 in
3113 4940 3271 4984 con-

200 5050 227 5088 a
258 5031 598 5108 Junctione
636 5049 766 5092 non
800 5031 1033 5092 habeo.
1071 5031 1187 5091 Vir
1217 5032 1392 5092 enim
1429 5048 1577 5092 cum
1613 5031 1895 5091 muliere
1927 5045 2059 5090 non
2093 5031 2363 5091 vocavit
2394 5046 2524 5104 me,
2562 5028 2678 5090 sed
2713 5029 2934 5090 omnia
2966 5043 3167 5102 opera
3199 5028 3268 5088 in

259 5185 300 5250 ι)
321 5192 656 5259 contempnat
680 5204 757 5240 me
781 5183 846 5241 Α.
1733 5186 1742 5254 Ι
1806 5186 1853 5249 2)
1876 5189 2114 5257 primum
2141 5185 2229 5239 W.
