4036 6117
1304 500 1783 553 EPISTOLARUM
1836 502 2020 549 Nova
2070 500 2315 550 sames.
3164 486 3290 546 5:21

1689 709 1950 775 XXXV.

979 846 1485 944 Gonqreqati'oni
1518 866 2097 943 Hir'sauqiensium
2128 861 2176 943 ¹)
2214 865 2655 941 HildeqardiS.

341 1024 634 1087 scandalis
659 1023 1040 1100 reprehensis,
1071 1025 1383 1096 fugitivum
1407 1024 1706 1097 quemdam
1735 1025 2099 1089 monachum,
2128 1030 2194 1081 ut
2219 1024 2529 1081 clementer
2552 1021 2895 1094 excipiatur,
2923 1023 3297 1080 commendat.

359 1167 494 1226 Lux
532 1166 762 1225 vivens
796 1165 978 1226 dicit:
1015 1165 1066 1227 O
1100 1165 1319 1240 turba,
1358 1180 1531 1241 quae
1571 1166 1861 1240 remigas
1912 1165 1977 1224 in
2011 1164 2363 1239 naufragio
2416 1163 2665 1239 mundi,
2712 1180 2919 1241 quare
2968 1165 3260 1226 tabescis
3297 1168 3363 1226 in

269 1271 777 1332 infirmitatibus
811 1286 1208 1345 magnorum
1241 1270 1700 1345 periculorum
1736 1269 2006 1330 fetentis
2041 1270 2404 1346 nequitiae,
2433 1285 2552 1346 per
2579 1269 3023 1330 temeritatem
3062 1272 3364 1333 tenebro-

267 1376 532 1437 sitatis?
578 1375 782 1435 Nemo
815 1390 992 1434 nunc
1024 1373 1328 1434 abscidat
1374 1373 1672 1450 gladium
1710 1390 1905 1434 suum
1955 1391 1993 1434 a
2030 1373 2282 1433 femore
2324 1390 2468 1447 sue,
2506 1373 2665 1450 quia
2698 1374 2984 1433 mundus
3018 1374 3214 1435 modo
3249 1375 3365 1435 ha-

269 1479 385 1540 bet
417 1485 679 1555 tempus
728 1478 1096 1554 injustitiae
1130 1481 1198 1537 et
1229 1477 1645 1553 abJecturam
1688 1478 2102 1537 summitatis
2138 1477 2473 1552 gloriosae
2510 1478 2857 1551 victoriae,
2895 1481 3167 1553 propter
3201 1484 3364 1537 tem·

271 1591 574 1659 pestates
623 1584 796 1659 nigri
832 1585 1115 1659 tyranni.
1168 1584 1320 1644 Ideo
1357 1584 1638 1659 surgite,
1690 1589 1759 1642 et
1789 1588 2048 1643 armate
2097 1600 2222 1642 vos
2256 1590 2487 1642 contra
2537 1598 2739 1641 saeva
2784 1582 3030 1657 jacula,
3082 1599 3253 1659 quae
3288 1582 3362 1661 (f.

272 1690 388 1769 22)
426 1690 623 1750 infixa
671 1690 926 1749 suntin
972 1688 1270 1747 calorem
1318 1689 1544 1747 carnis
1593 1688 1764 1747 etin
1813 1688 2210 1764 spurcitiam
2258 1686 2541 1748 Diaboli.
2593 1686 3028 1763 Insequimini
3076 1688 3365 1764 vestigia

272 1794 479 1869 illius,
508 1795 623 1870 qui
650 1793 981 1870 perditam
1013 1806 1206 1852 ovem
1238 1808 1430 1851 suam
1467 1792 1546 1851 ad
1583 1807 1845 1851 summa
1879 1791 2133 1866 retulit,
2163 1807 2283 1867 per
2306 1791 2539 1850 oscula
2573 1789 3009 1850 humanitatis
3042 1807 3229 1861 suae,
3268 1808 3369 1851 re-

267 1898 607 1975 portantis
640 1912 789 1957 eam
838 1897 906 1956 in
954 1894 1230 1956 brachio
1264 1894 1604 1971 potentiae
1637 1911 1822 1970 suae,
1858 1910 1979 1971 per
2012 1894 2493 1955 suavissimum
2528 1893 2807 1953 odorem
2856 1894 3366 1954 misericordiae

266 2021 451 2067 suae.
502 2004 831 2081 Suscipite
864 2019 1024 2079 ergo
1057 2003 1128 2063 in
1161 2001 1535 2062 visceribus
1583 2001 2018 2062 dulcissimae
2054 2000 2558 2060 misericordiae
2595 2000 2959 2075 lugentem,
3008 1999 3362 2076 fugitivum

271 2113 548 2187 propter
594 2108 951 2169 stultitiam
989 2121 1250 2166 morum
1298 2121 1598 2180 suorum,
1635 2111 1703 2165 et
1736 2105 2219 2180 amplectimini
2267 2120 2444 2179 eum,
2481 2105 2660 2163 omni
2695 2104 3047 2165 devotione
3089 2121 3367 2180 parcen-

279 2219 382 2276 tes
417 2216 654 2290 culpae
705 2213 910 2283 illius,
946 2216 1015 2272 et
1048 2210 1359 2271 adducite
1407 2226 1561 2271 eum
1596 2211 1658 2270 in
1696 2211 2039 2271 stabulum
2086 2208 2419 2270 sodalium
2468 2211 2816 2270 societatis
2848 2217 3138 2272 vestrae.
3190 2212 3368 2272 Deus

275 2318 601 2380 accendat
634 2318 853 2377 lucem
885 2332 1078 2377 suam
1113 2317 1181 2375 in
1211 2316 1428 2392 vobiS‚
1464 2331 1547 2375 ne
1580 2315 2062 2390 extinguamini
2098 2315 2165 2375 in
2200 2314 2348 2374 luce
2382 2314 2713 2375 veritatis,

1689 2509 1958 2570 XXXVI.

1159 2680 1582 2757 Hildeyardis
1636 2678 1925 2759 Sibyllae
1949 2676 2007 2759 ³)
2047 2686 2234 2740 trans
2269 2682 2487 2759 Alpes

353 2820 653 2894 Aegrotam
681 2820 752 2878 ad
777 2822 1206 2886 sublevandam.
1228 2829 1433 2880 contra
1458 2823 1676 2880 fluxum
1702 2824 1999 2894 sanguinis
2022 2825 2306 2897 quoddam
2332 2827 2565 2899 praebet
2591 2827 3029 2901 phylacterium.

368 2960 421 3022 Ο
455 2959 726 3036 Sibylla,
765 2959 893 3020 hoc
925 2960 1047 3020 tibi
1081 2962 1229 3023 dico
1266 2962 1332 3021 in
1365 2962 1515 3021 luce
1546 2963 1892 3021 veracium
1932 2962 2292 3023 visionum:
2328 2964 2424 3023 Tu
2465 2979 2538 3023 es
2573 2964 2708 3024 filia
2744 2966 3086 3041 sylvarum
3122 2968 3186 3029 in
3237 2976 3373 3029 tur-

279 3069 436 3131 bine
486 3070 890 3132 morborum.
925 3068 1103 3130 Deus
1151 3071 1389 3145 vigilat
1422 3086 1625 3147 super
1659 3077 1747 3145 te,
1798 3072 1875 3129 ut
1905 3086 2037 3130 non
2085 3070 2283 3131 detur
2329 3071 2551 3130 anima
2599 3078 2714 3132 tua
2750 3073 2816 3132 in
2863 3074 3371 3151 dispersionem.

281 3173 438 3234 Ideo
464 3174 717 3235 confide
743 3174 810 3233 in
841 3173 1076 3233 Deum.
1101 3173 1281 3234 Haec
1312 3179 1538 3233 autem
1573 3173 1779 3234 verba
1810 3174 1992 3252 circa
2028 3178 2264 3247 pectus
2297 3178 2364 3232 et
2395 3174 2577 3234 circa
2610 3176 3001 3238 umbilicum
3038 3184 3226 3239 tuum
3262 3200 3375 3258 po-

281 3296 378 3361 ne,
402 3282 468 3342 in
499 3281 764 3342 nomine
798 3281 1003 3355 illius,
1041 3282 1157 3359 qui
1190 3280 1413 3340 omnia
1448 3286 1629 3340 recte
1670 3279 2039 3356 dispensat:
2081 3297 2114 3337 ι
2151 3279 2225 3339 In
2258 3281 2582 3355 sanguine
2618 3283 2797 3343 Adae
2830 3290 2981 3344 orta
3028 3292 3137 3346 est
3170 3305 3371 3365 mors;

288 3389 356 3449 in
403 3389 725 3463 sanguine
775 3388 1028 3449 Christi
1062 3404 1260 3448 mors·
1293 3389 1551 3447 retenta
1583 3390 1709 3448 est.
1761 3386 1834 3447 In
1880 3385 2116 3446 eodem
2166 3387 2493 3463 sanguine
2542 3388 2795 3450 Christi
2845 3391 3102 3468 impero
3153 3392 3298 3468 tibi,
3335 3411 3374 3454 o

285 3494 588 3569 sanguis,
624 3499 700 3554 ut
732 3490 979 3554 fluxum
1015 3499 1203 3553 tuum
1239 3493 1607 3553 contineas.
1647 3509 1680 3548 »

831 3731 968 3802 EX
1023 3729 1377 3804 CODICE
1427 3726 1974 3801 HAFNIENSI
2024 3727 2095 3801 S.
2150 3727 2837 3804 HILDEGARDIS

1182 3880 1642 4013 'mscmp‘roz
1681 3949 1993 4012 CAUsAE
2041 3950 2144 4011 ET
2192 3952 2463 4012 CURAE

1309 4162 1402 4222 De
1434 4161 1778 4238 sanguinis
1810 4159 2024 4237 fluxu.
2062 4156 2135 4237 (f.
2175 4157 2355 4238 145.)

378 4344 546 4406 Cum
596 4357 757 4418 ergo
792 4340 1042 4403 multus
1090 4341 1367 4415 sanguis
1401 4338 1481 4397 de
1527 4336 1807 4397 naribus
1843 4335 2009 4409 fluit,
2048 4336 2337 4413 accipiat
2368 4339 2672 4412 anetum,
2719 4335 3087 4415 (Anethum
3119 4359 3382 4418 qraveo-

283 4430 459 4510 tens,
510 4432 608 4512 L.)
659 4438 727 4492 et
776 4433 879 4493 bis
914 4434 1175 4490 tantum
1222 4426 1551 4489 millefolii
1597 4423 1978 4503 (Achillam
2023 4426 2454 4504 millefolium
2486 4426 2609 4503 L.),
2660 4432 2728 4489 et
2761 4427 2883 4488 has
2925 4429 3170 4490 herbas
3222 4433 3382 4492 viri-

360 4605 409 4670 ¹)
435 4599 666 4660 Monuit
693 4619 796 4659 nos
831 4599 1186 4659 Trithemius
1214 4601 1424 4656 multas
1449 4595 1793 4666 l-Iirsaugiae
1883 4600 2166 4667 praeterea
2205 4595 2330 4652 sine
2375 4596 2649 4654 varietate
2696 4598 2910 4655 retinet
2946 4600 3119 4657 codex
3166 4608 3379 4660 noster.

291 4689 633 4747 remansisse
682 4686 1060 4757 Hildegardis*
1099 4685 1401 4758 epistolas,
1441 4699 1585 4754 quae
1636 4698 1791 4744 sane.
1881 4681 2177 4740 Caeterum
2206 4684 2501 4742 innumera
2529 4693 2835 4758 supersunt
2865 4684 3230 4758 Hildegardis
3254 4705 3383 4760 apo·

291 4782 519 4849 praeter
555 4775 696 4831 duas
722 4773 926 4836 editas.
954 4771 1172 4845 suntin
1205 4776 1399 4827 nostro
1427 4769 1619 4826 codiee
1642 4766 1795 4823 haud
1885 4770 2213 4841 phtegmata
2251 4770 2319 4826 de
2348 4770 2507 4826 fluxu
2546 4772 2861 4841 sanguinis,
2903 4788 3084 4844 neque
3124 4774 3385 4846 inoppor-

295 4862 492 4918 minus
514 4875 687 4931 quam
716 4874 952 4915 numero
980 4856 1269 4913 tredecim.
1888 4859 2090 4910 tunum
2117 4855 2255 4911 duxi
2290 4871 2428 4911 nora
2469 4855 2740 4926 quaedam
2781 4863 2838 4912 et
2877 4858 3143 4915 anecdota
3183 4859 3288 4917 hac
3314 4861 3383 4917 de
3422 4905 3425 4906 ν

365 4949 413 5012 ²)
434 4945 626 5018 Nuper
644 4942 988 5000 Florentiam
1011 4939 1319 5013 proiectus,
1343 4938 1543 5002 incidi,
1559 4939 1800 4994 Lauren·
1885 4957 1945 4997 re
1969 4941 2266 5013 decerpere
2292 4958 2358 4997 ex
2387 4940 2679 4997 rarissimo
2700 4942 2893 4999 codice
2914 4941 3215 5001 Hafniensi
3248 4947 3384 5004 libri

299 5033 515 5089 tianam
556 5031 864 5101 ingressus.
894 5028 952 5083 in
991 5027 1099 5083 boc
1131 5025 1482 5098 epistolium,
1523 5023 1672 5093 quod
1704 5020 1800 5076 vix
1888 5027 1953 5082 de
1987 5027 2171 5082 causis
2195 5031 2246 5083 el
2269 5030 2438 5088 euris,
2465 5026 2822 5082 describente
2848 5030 2918 5083 cl.
2953 5029 3264 5093 Deseemet‚
3292 5033 3386 5089 cui

296 5117 609 5186 genuinum
637 5116 949 5177 duxissem,
979 5112 1092 5168 nisi
1128 5116 1537 5166 memoraretur
1580 5109 1636 5164 in
1667 5109 1801 5164 Vita
1889 5115 2176 5181 acceptam
2202 5109 2380 5166 refero
2401 5111 2828 5183 appendiculam
2859 5119 3070 5184 septem
3099 5124 3389 5189 excerpto·

297 5218 334 5256 a
377 5201 777 5271 coaequalibus
825 5199 1060 5270 scripta,
1103 5196 1204 5253 lib.
1237 5196 1342 5259 nl.
1387 5212 1441 5250 n.
1492 5199 1581 5258 ⁴⁰3
1633 5208 1804 5264 quam
1895 5211 2021 5250 rum
2050 5196 2184 5252 huic
2217 5195 2490 5268 epistolae
2529 5196 2861 5265 subjectam.

3111 5335 3149 5372 «Ι
