4036 6117
764 495 915 543 xxn

1743 702 2056 803 §eneam
2096 748 2692 813 memooawnm.

672 1023 719 1075 1.
759 1025 894 1078 1513
930 1025 1093 1084 Liber
1130 1035 1297 1087 trium
1327 1040 1573 1095 virorum
1610 1048 1659 1096 et
1683 1046 1852 1099 trium
1887 1049 2172 1119 virqinum

734 1112 1141 1179 spiritualium,
1185 1117 1417 1176 Hermae
1442 1123 1536 1178 lib.
1588 1128 1638 1181 1.
1676 1127 1943 1200 Uyuetini
1979 1131 2075 1187 lib.
2117 1134 2165 1187 1.

738 1192 834 1249 Fr.
884 1195 1104 1256 Roberti
1141 1203 1236 1258 lib.
1287 1205 1365 1268 11.
1408 1208 1775 1283 Hildeqardis
1812 1214 2032 1274 Scivias
2067 1218 2164 1274 lib.

737 1278 855 1345 III,
885 1282 1179 1345 Elizabeth
1198 1294 1441 1363 virqinis
1466 1294 1562 1353 lib.
1603 1296 1697 1360 VI.
1726 1300 2040 1360 Mechtildis
2059 1309 2172 1361 vir-

733 1368 889 1436 ginis
914 1369 1011 1424 lib.
1053 1369 1116 1434 V,
1142 1377 1387 1431 studium
1404 1383 1649 1451 piorum,
1680 1384 1897 1443 editore
1919 1390 2038 1446 Jac.
2072 1391 2168 1447 Fa·

658 1502 661 1503 .
738 1451 840 1505 bro
877 1452 1229 1529 Stapulensi.
1270 1462 1535 1533 Volgatio
1576 1469 1830 1527 Pratensi
1862 1473 1920 1528 in
1947 1475 2170 1531 officina

732 1538 1109 1606 recognitore.
1160 1545 1333 1603 Paris.
1387 1547 1444 1603 in
1493 1550 1589 1609 sol.
1646 1557 1793 1627 apud
1847 1559 2164 1619 Henricum

734 1621 1086 1694 Stephanum
1115 1645 1303 1689 avum.

661 1710 715 1762 2.
746 1708 803 1763 S.
838 1710 852 1763 l
880 1714 1010 1768 eta.
1038 1713 1248 1773 Nomen
1273 1721 1475 1792 homer
1498 1727 1859 1803 offenbaruny
1880 1750 2020 1797 zwo,
2041 1740 2169 1791 aine

731 1801 856 1867 saqt
893 1798 989 1852 der
1023 1801 1150 1857 abbt
1185 1803 1458 1872 Joachim,
1497 1811 1587 1865 die
1621 1817 1835 1870 annder
1864 1820 1953 1874 die
1978 1821 2167 1894 heyliq

730 1882 880 1950 [νοω
920 1883 1283 1959 Hildeqradis
1320 1893 1446 1958 (sic)
1481 1913 1539 1951 so
1564 1902 1704 1968 jnen
1733 1918 1838 1957 von
1866 1902 1991 1960 Gott
2012 1908 2164 1977 qebf-

727 1967 951 2033 senbart
970 1974 1039 2027 ist
1059 1977 1298 2040 worden,
1325 1979 1421 2034 der
1436 1986 1800 2055 propheceyen
1818 2006 1927 2061 yar
1946 1994 2165 2057 nahend

728 2056 873 2109 sind.
907 2056 1012 2124 (sic
1039 2075 1138 2129 per
1166 2066 1395 2127 totum).
1418 2065 1501 2120 Cf.
1532 2069 1731 2128 Reuss,
1766 2072 1981 2131 Patrol.
2025 2080 2155 2133 143.

661 2140 713 2192 3.
751 2143 903 2197 1524.
948 2142 1154 2210 Kbbel,
1195 2147 1300 2204 Die
1338 2151 1555 2225 Leaend
1579 2158 1669 2212 des
1694 2160 1947 2231 heyliyen
1976 2164 2162 2221 herzo-

727 2242 833 2296 qen
854 2235 981 2283 sant
1014 2229 1326 2303 Ruprechts.
1360 2268 1425 2275 -—-
1454 2239 1559 2294 Die
1586 2241 1803 2315 Leqend
1839 2264 1945 2301 von
1970 2250 2066 2304 der
2089 2269 2158 2307 se·

737 2315 886 2387 liyen
900 2320 1284 2391 junqsravven
1311 2324 1641 2399 Hildeyard.
1676 2331 2099 2404 (oppenheim).

658 2400 711 2453 4.
765 2402 919 2455 1529.
972 2402 1209 2463 Hieron.
1264 2409 1570 2469 Gebuilero
1621 2417 1942 2478 litterarum
2004 2427 2165 2482 urbis

734 2486 1150 2556 Haganoviens.
1197 2496 1546 2555 moderatore
1584 2510 1733 2560 auct.
1780 2507 1858 2563 De
1889 2518 2168 2582 praesenti

724 2574 1045 2633 clericorum
1098 2583 1456 2642 tribulatione
1502 2590 1926 2670 futurorumque
1973 2605 2165 2674 tempo-

730 2677 853 2715 rum
896 2672 1086 2722 eventu
1129 2670 1291 2726 divae
1335 2672 1699 2748 Hildeqardis
1745 2686 2167 2755 prophetiarum

730 2749 966 2806 libellus.
1002 2752 1300 2826 Haqenoae
1323 2762 1408 2816 8.·

656 2836 710 2888 5,
760 2838 913 2891 1533.
965 2838 1201 2911 Physica
1243 2846 1301 2901 S.
1348 2846 1507 2905 Hild.
1549 2853 1942 2915 elementorum.
1983 2863 2164 2930 flumi-

727 2941 856 2979 num
891 2926 1110 3000 aliquot
1147 2930 1494 2998 Germaniae.
1533 2942 1892 2999 metallorum.
1938 2946 2162 3018 lequmi-

726 3024 879 3073 num,
904 3012 1207 3080 fructuum,
1236 3024 1284 3073 et
1309 3019 1624 3089 herbarum,
1645 3028 1903 3084 arborum
1924 3037 1974 3086 et
1997 3035 2166 3089 arbu-

724 3101 952 3161 storum,
987 3104 1220 3171 piscium
1253 3109 1513 3179 denique,
1540 3114 1854 3170 volatilium
1880 3126 1928 3174 et
1952 3125 2166 3176 anima—

724 3183 865 3260 lium
889 3192 1069 3243 terrae
1090 3197 1325 3246 naturas
1343 3200 1391 3248 et
1415 3202 1753 3267 operationes
1772 3202 1861 3256 JV
1876 3205 2040 3261 libris
2060 3211 2155 3262 mi-

724 3270 902 3328 rabili
942 3278 1279 3344 experientia
1322 3286 1637 3351 posteritati
1678 3290 1922 3353 tradens,
1967 3292 2053 3348 ed.
2103 3295 2154 3352 J.

727 3355 967 3412 Schotto
1015 3359 1249 3418 librario
1293 3367 1653 3434 Argentorati
1694 3372 1785 3428 die
1829 3379 1891 3429 14
1927 3377 2052 3434 Jan.
2100 3380 2156 3434 in

731 3440 828 3498 sol.

651 3534 705 3584 6,
737 3545 784 3587 a.
822 3536 975 3588 1544.
1024 3535 1225 3593 Eadem
1269 3544 1507 3612 repetita
1547 3544 1602 3599 in
1636 3546 1730 3604 fol.
1767 3537 1905 3606 ibid.
1953 3553 2010 3606 in
2042 3553 2159 3610 Eat·

722 3622 1112 3688 perimentario
1147 3625 1214 3681 G.
1259 3626 1483 3685 Krautii
1524 3648 1653 3687 cum
1692 3634 1931 3692 Octavio
1979 3640 2157 3707 Hora-

725 3706 904 3769 tiano.
935 3708 1191 3775 Trotnla,
1220 3713 1498 3771 Theodori
1529 3718 1714 3775 diaeta
1744 3730 1853 3779 etc.

656 3796 707 3848 7.
740 3809 787 3848 a.
825 3798 978 3851 1566.
1028 3797 1405 3869 Epistolarum
1430 3806 1570 3862 liber
1597 3826 1663 3862 ex
1712 3812 2020 3882 archetypo
2049 3830 2164 3869 mo-

724 3880 963 3935 nasterii
1005 3881 1059 3937 S.
1105 3884 1360 3946 Roberti.
1404 3889 1699 3950 Accedunt
1741 3896 1862 3953 Vita
1901 3899 1959 3955 S.
1994 3901 2156 3958 Hild.

654 4141 968 4207 coaequali:
1009 4155 1058 4204 »1«
1093 4148 1164 4200 ab
1188 4149 1318 4205 hinc
1344 4168 1512 4225 usque
1538 4158 1595 4208 in
1616 4157 1771 4228 linem
1798 4159 1957 4215 valde
1981 4162 2152 4217 utilia

649 4230 782 4280 sunt
817 4234 866 4284 et
902 4231 1128 4285 multum
1170 4237 1423 4291 timenda.
1475 4240 1742 4309 Spectant
1788 4244 1854 4302 ad
1897 4250 2150 4318 tempora

654 4312 1021 4377 Antichristi.
1071 4317 1140 4370 de
1189 4335 1302 4390 quo
1351 4323 1675 4382 Gebenonis
1722 4330 2152 4387 Pentaehronon

654 4397 883 4453 videtur
908 4399 1311 4460 Cistercienses
1338 4409 1755 4470 sollicitavisse.
1788 4415 1887 4472 n.-
1928 4419 1988 4472 ln
2029 4421 2148 4475 ead.

652 4483 758 4540 viS.
794 4498 847 4540 n.
885 4486 989 4540 XV
1014 4490 1145 4553 (col.
1184 4494 1319 4545 1017
1346 4493 1414 4551 Α)
1455 4495 1521 4548 ad
1553 4500 1737 4555 verba:
1772 4504 1848 4556 ad
1873 4508 2154 4573 justitiam

646 4586 703 4628 se
737 4577 1042 4628 convertent
1092 4587 1169 4636 4⁴.
1219 4578 1453 4635 ‚lustitia
1499 4586 1753 4655 itaque...
1812 4595 2044 4644 notatur
2091 4592 2147 4646 in

649 4676 828 4732 marg.
880 4674 931 4725 ψ
980 4666 1090 4721 Hic
1127 4671 1321 4740 incipit
1355 4672 1597 4742 rod[ale]
1641 4674 1788 4729 illud
1834 4679 1983 4748 quod
2025 4683 2149 4751 qui-

646 4751 776 4806 dam
836 4752 1116 4823 s[crip]sit
1172 4757 1271 4809 sub
1325 4761 1538 4813 nomine
1591 4775 1674 4814 sce
1730 4760 2147 4835 Hildeqarfflis]

643 4837 816 4908 plura
858 4840 1063 4896 addens
1109 4841 1297 4910 [quae]
1357 4843 1447 4897 hic
1502 4848 1708 4916 scripto
1771 4864 1878 4901 non
1939 4851 2144 4921 [suntJ.

643 4924 855 4981 Exciso
894 4926 1145 4991 margine
1184 4943 1210 4979 a
1252 4926 1600 4998 bibliopega,
1632 4933 1904 5000 quaedam
1933 4934 2152 4990 excide-

643 5018 850 5065 runt...
886 5010 1016 5065 ΙΙΙ.”
1045 5011 1107 5066 ln
1136 5013 1257 5070 ead.
1303 5014 1406 5070 vis.
1442 5031 1493 5070 n.
1530 5018 1635 5073 ult.
1668 5017 1974 5076 xxxvnt
2015 5026 2145 5088 (eol.

652 5099 791 5151 1038
821 5096 881 5158 Β,
912 5096 973 5158 C)
1001 5097 1066 5150 ad
1103 5098 1288 5153 verba:
1334 5106 1391 5154 ut
1415 5103 1525 5156 sibi
1542 5104 1778 5173 placuit,
1818 5111 2152 5165 mirabiliter

648 5184 839 5238 edidit.
893 5181 1045 5238 Unde
1078 5195 1126 5244 4·
1164 5186 1350 5239 nullus
1388 5189 1757 5252 hominum...,
1802 5195 2042 5259 margini
2076 5198 2148 5250 al-

2328 1056 2479 1107 auct.
2535 1055 2886 1115 Theoderico
2915 1079 3066 1119 mon.
3104 1065 3424 1139 Est-plicatio
3449 1073 3682 1139 symboli
3708 1072 3766 1127 S.

2333 1138 2652 1206 Athanasii,
2681 1145 2976 1219 Expositio
3001 1155 3229 1223 regulae
3267 1155 3324 1211 S.
3369 1157 3659 1215 Benedicti
3696 1162 3767 1215 al»

2328 1224 2495 1280 ,tusto
2526 1226 2889 1289 Blanckvvall
2913 1238 3243 1309 presbytero
3268 1242 3633 1311 Moguntiuo.
3668 1247 3768 1301 Co·

2332 1310 2517 1367 ioniae
2546 1313 2603 1369 in
2632 1318 2690 1369 4·
2716 1320 2862 1388 apud
2905 1322 3128 1379 haered.
3163 1327 3214 1382 J.
3247 1326 3494 1394 Quentel
3529 1337 3586 1385 et
3629 1333 3768 1387 Ger-

2331 1411 2547 1454 vnnum.
2687 1452 2688 1455 ,

2258 1486 2309 1536 8.
2351 1486 2486 1537 1570
2537 1486 2741 1543 Surius
2782 1491 2861 1546 De
2879 1496 3129 1565 probatis
3149 1507 3460 1556 sanctorum
3484 1504 3759 1561 historiis.

2329 1569 2461 1623 Vita
2502 1572 2558 1628 S.
2599 1574 2838 1650 Ruperti
2887 1582 2950 1634 15
2977 1580 3140 1645 Maii,
3170 1584 3303 1639 Vita
3343 1587 3400 1642 S.
3441 1586 3704 1645 Disibodi
3734 1598 3767 1645 8

2327 1656 2443 1715 Jul.
2481 1659 2615 1715 Vita
2646 1662 2701 1718 S.
2737 1662 2967 1733 Hildeg.
3003 1673 3068 1719 17
3096 1669 3251 1740 Sept.

2256 1746 2307 1797 9.
2340 1759 2389 1799 a.
2427 1750 2581 1803 1602.
2636 1748 2758 1806 Vita
2787 1751 2953 1808 Beati
2989 1753 3210 1811 Roberti
3250 1764 3374 1826 post
3413 1777 3542 1831 opp.
3585 1763 3766 1818 Hine·

2325 1830 2467 1886 mari
2495 1841 2603 1890 etc.
2645 1851 2774 1890 cum
2816 1838 2968 1892 notis
2992 1840 3078 1895 Jo.
3111 1839 3310 1899 Busaei
3352 1843 3406 1899 S.
3439 1846 3490 1900 J.
3522 1847 3762 1916 Mogun·

2328 1915 2440 1970 tiae
2469 1916 2524 1970 in
2557 1918 2651 1973 fol.
2691 1926 2805 1991 typ.
2837 1924 2921 1978 ,10.
2956 1923 3175 1982 Albini.

2257 2005 2338 2055 10.
2371 2006 2524 2059 1622.
2549 2004 2835 2077 Opuscnla
2858 2009 2914 2063 S.
2940 2010 3099 2067 Hild.
3121 2018 3209 2080 (ut
3231 2030 3353 2086 sup.
3376 2034 3430 2073 n.
3459 2022 3533 2081 7),
3561 2018 3620 2072 in
3646 2020 3764 2077 Ma·

2317 2105 2432 2161 qna
2459 2091 2800 2150 Bibliotheca
2825 2103 3063 2152 veterum
3089 2099 3204 2155 1²1³.
3226 2117 3367 2156 saec.
3399 2103 3527 2159 xtl.
3559 2104 3756 2163 Colon.

2328 2173 2425 2230 fol.

2259 2266 2340 2315 11.
2374 2266 2527 2319 1628.
2555 2265 2610 2319 S.
2633 2264 2794 2320 Hild.
2821 2266 2982 2323 Liber
3007 2269 3225 2327 Scivias
3244 2290 3371 2328 cum
3396 2280 3762 2335 revelationi-

2325 2346 2431 2400 bus
2453 2348 2508 2403 S.
2531 2348 2808 2418 Brigittae
2829 2358 2884 2407 et
2913 2354 2969 2410 S.
2989 2354 3284 2413 Elisabeth
3313 2360 3634 2435 Senonaug.
3662 2367 3760 2423 Co-

2330 2433 2439 2488 lon.
2475 2433 2569 2490 sol.

2260 2522 2342 2574 12.
2372 2525 2692 2578 1680-1755.
2715 2525 2967 2585 Bolland.
2992 2531 3121 2586 Acta
3143 2531 3469 2590 Sanctorum
3491 2543 3604 2593 etc.
3638 2538 3761 2594 Vita

2326 2607 2382 2662 S.
2420 2607 2640 2667 Roberti
2662 2612 2800 2666 Maii
2837 2621 2872 2669 t.
2909 2614 2986 2669 111
3019 2633 3071 2686 p.
3104 2621 3225 2674 504.
3258 2635 3386 2674 cnm
3420 2623 3573 2679 notis
3606 2625 3760 2679 Hen-

2325 2696 2566 2752 schenii.
2603 2697 2726 2754 Vita
2749 2700 2807 2755 S.
2839 2700 3091 2759 Disibodi
3111 2704 3226 2760 sul.
3257 2713 3295 2760 t.
3320 2707 3368 2761 u
3395 2725 3447 2778 p.
3476 2715 3598 2766 588.
3628 2728 3755 2766 cum

2326 2783 2479 2836 notis
2519 2784 2740 2842 Solerii.
2784 2788 2908 2845 Vita
2954 2790 3010 2845 S.
3060 2791 3422 2864 Hildeqardis
3445 2812 3572 2850 cum
3609 2798 3760 2852 notis

2324 2868 2582 2938 Stilting.
2610 2872 2764 2942 Sept.
2803 2880 2840 2927 t.
2875 2876 2924 2928 V
2953 2891 3003 2945 p.
3039 2881 3158 2932 629.

2259 2958 2340 3010 13.
2371 2960 2677 3016 ¹677.—S.
2708 2961 3072 3029 Hildegardis
3093 2972 3332 3036 opp,(ut
3354 2983 3520 3039 supra
3547 2987 3604 3026 n.
3634 2978 3681 3035 1,
3706 2976 3757 3033 4,

2325 3047 2376 3106 7)
2426 3043 2481 3098 in
2529 3045 2781 3103 Maxima
2814 3049 3150 3107 Bibliotheca
3188 3052 3306 3109 1²1².
3360 3060 3397 3110 t.
3448 3054 3647 3111 xxm
3698 3077 3748 3129 p.

2325 3134 2428 3185 387
2454 3149 2575 3203 sqq.
2611 3136 2866 3203 Lugduni
2900 3137 2995 3193 sol.

2253 3220 2334 3271 14.
2372 3224 2526 3274 1716.
2561 3220 2902 3278 Semtinium
2928 3226 3283 3299 theologicum
3321 3234 3597 3287 visionum
3629 3235 3756 3291 llil-

2318 3305 2579 3375 deyardis
2614 3315 2763 3363 auct.
2815 3309 3063 3364 Martino
3105 3312 3436 3376 Chaldenio.
3487 3319 3751 3376 Vitelier-

2320 3406 2442 3457 gae.
2462 3396 2508 3448 4,
2529 3391 2655 3447 Alia
2683 3393 2736 3447 id
2760 3411 2934 3463 genus
2949 3396 3203 3455 Andreae
3219 3401 3487 3459 Osiandri
3509 3422 3557 3461 a.
3584 3412 3747 3471 1527,

2316 3479 2543 3548 Georgii
2578 3480 2918 3537 Bellarnerae
2945 3484 3115 3549 Unio,
3142 3502 3190 3541 a.
3227 3491 3384 3550 1620,
3408 3496 3516 3546 etc.
3548 3491 3752 3549 Elia-ir

2318 3574 2426 3624 etc.
2471 3587 2519 3624 a.
2559 3574 2714 3632 1643,
2749 3573 2909 3626 Peter
2932 3574 3206 3637 sarriens,
3242 3577 3349 3634 The
3381 3578 3661 3651 Prophecy
3692 3583 3758 3650 os

2319 3658 2377 3713 S.
2405 3658 2564 3714 Hild.
2594 3659 2816 3730 susfiled
2836 3662 2896 3714 in
2921 3663 3009 3716 the
3032 3661 3274 3718 Jesuitas
3292 3670 3400 3721 ete..
3429 3665 3749 3723 furfuraeea

2318 3746 2374 3800 id
2401 3760 2576 3813 genus
2604 3746 2710 3800 alia
2740 3749 3002 3802 consulto
3028 3750 3371 3807 omittimuS.

2253 3838 2336 3888 15.
2372 3835 2505 3886 1724
2538 3837 2691 3888 1733.
2725 3834 3009 3906 Epi-stolae
3051 3836 3261 3890 LXXX
3281 3839 3368 3893 ed.
3402 3839 3562 3897 Edtn,
3601 3842 3750 3896 Mar-

2323 3925 2450 3973 tene
2481 3917 2535 3971 in
2567 3919 2815 3991 Ampliss.
2847 3920 2960 3975 Col.
2998 3926 3036 3976 t.
3074 3921 3121 3977 ΙΙ
3150 3939 3203 3993 p.
3241 3928 3374 3978 1015
3406 3927 3566 3982 Paris
3594 3930 3693 3985 sol.

2245 4160 2449 4215 linitur
2489 4162 2736 4224 rubrica;
2791 4165 2856 4220 Si
2893 4166 2992 4219 hoc
3028 4167 3355 4224 adtendisset
3390 4173 3492 4241 qui
3539 4169 3746 4226 Rodale

2238 4247 2338 4300 sub
2362 4251 2574 4302 nomine
2609 4254 2726 4319 ejus
2761 4253 2998 4321 scripsit,
3031 4267 3311 4321 nunquam
3340 4256 3579 4324 profecto
3625 4265 3738 4312 tan—

2242 4338 2300 4386 ta
2318 4335 2632 4390 addidisset.
2649 4367 2712 4374 —
2733 4335 3118 4405 Rodale,quod
3143 4354 3170 4390 a
3194 4353 3315 4392 meo
3331 4339 3540 4410 Cangio
3557 4344 3739 4403 abest.

2247 4416 2393 4470 idem
2427 4417 2572 4474 sorte
2593 4435 2761 4488 quam
2785 4422 2957 4476 rotale
2981 4424 3247 4485 volumen,
3269 4425 3494 4481 videtur
3521 4428 3737 4497 signifi-

2241 4517 2367 4557 eare
2393 4503 2717 4560 Gebenonis
2748 4507 3200 4574 Pentachronon,
3233 4512 3288 4565 in
3317 4514 3509 4584 aliquo
3549 4519 3736 4571 rotulo

2241 4588 2541 4659 scripturn,
2587 4606 2762 4660 quum
2814 4592 2917 4646 tria
2960 4594 3078 4648 loca
3125 4598 3385 4666 superius
3431 4606 3621 4654 notata
3670 4602 3735 4656 ad

2239 4676 2491 4745 ejusdem
2514 4682 2777 4747 excerpta
2794 4678 3133 4748 pertineant.
3157 4681 3279 4751 lpse
3294 4684 3525 4740 Gebeno
3543 4686 3599 4740 in
3622 4687 3738 4757 epi·
3823 4757 3826 4760 Δ

2240 4763 2382 4817 stola
2405 4763 2470 4815 ad
2495 4762 2766 4818 moniales
2780 4763 2835 4819 S.
2854 4765 3115 4836 Ruperti,
3135 4768 3515 4824 additamenta
3539 4789 3735 4844 expro-

2242 4848 2492 4910 brantes,
2533 4864 2756 4904 cansam
2798 4867 2954 4905 suam
2994 4851 3137 4906 infra
3169 4870 3219 4924 p.
3252 4857 3378 4916 486,
3408 4861 3531 4919 487,
3561 4861 3731 4913 etiarn

2240 4935 2483 4990 adducto
2508 4936 2647 4991 loco:
2687 4935 2841 4992 Unde
2864 4939 3052 4992 nullus
3077 4944 3183 4995 etc.
3213 4947 3523 5011 utcumque
3551 4945 3736 4998 desen-

2240 5020 2345 5075 dit.
2379 5022 2646 5092 Superest
2675 5029 2737 5076 ut
2765 5038 2892 5078 cum
2929 5024 3119 5080 eadem
3149 5026 3448 5094 diligentia
3481 5032 3566 5086 vir
3591 5033 3734 5086 alins

2238 5107 2496 5162 curiosus
2535 5126 2661 5163 eum
2702 5109 2956 5165 editione
2995 5111 3308 5175 Mansiana‚
3342 5120 3522 5170 totum
3551 5118 3732 5171 conse-

2241 5201 2322 5248 rat
2354 5195 2628 5255 codicem,
2658 5196 2755 5264 qni
2788 5214 2933 5250 unns
2965 5197 3200 5254 sortasse
3239 5217 3387 5255 nunc
3416 5208 3684 5273 superest.
