4036 6117
1183 521 1422 570 mann
1472 520 1669 567 v1rAE
1718 520 2196 568 Mssm‘ronuu.
2249 520 2305 566 r.
2356 517 2466 565 111.
3164 500 3289 562 1-23

1655 743 1702 803 X
1716 741 1987 803 XXVIII.

1464 951 1556 1012 De
1609 952 1644 1011 Ι
1645 951 2082 1012 ηοόεάἰεηεία.

354 1157 458 1217 47.
509 1159 765 1230 Quarta
811 1176 971 1220 vero
1026 1162 1241 1236 imago
1292 1161 1806 1221 inobedientiam
1858 1160 2170 1236 ostendit,
2209 1176 2379 1236 quae
2429 1163 2583 1236 post
2620 1160 2877 1220 inanem
2930 1159 3209 1235 gloriam
3261 1158 3366 1220 bic

273 1258 539 1335 incedit,
592 1263 909 1338 quoniam
955 1279 1194 1323 currus
1245 1264 1423 1323 illius
1457 1265 1657 1340 atque
1707 1264 1993 1322 aliorum
2028 1262 2483 1339 praefatorum
2533 1263 2850 1322 vitiorum
2886 1265 3010 1336 est,
3048 1266 3115 1322 et
3147 1263 3369 1322 omnia

267 1364 487 1425 officia
537 1383 661 1426 sua
695 1367 1060 1426 secundum
1111 1368 1523 1428 voluntatem
1570 1367 1867 1442 ejusdem
1920 1367 2136 1426 inanis
2181 1367 2435 1441 gloriae
2469 1371 2537 1427 et
2585 1372 3006 1426 caeterorum
3043 1367 3358 1425 vitiorum

270 1479 627 1549 praeparat
675 1477 742 1534 et
777 1475 1066 1548 instruit,
1120 1491 1195 1534 ac
1230 1492 1309 1535 ea
1358 1477 1507 1550 igne
1559 1491 1680 1534 suo
1713 1477 2039 1549 penetrat.
2091 1474 2297 1545 Quam
2349 1474 2561 1548 vides,
2616 1476 2816 1549 caput
2862 1475 2937 1532 ut
2979 1475 3180 1547 caput
3228 1488 3368 1532 ser-

272 1577 488 1650 pentis
524 1577 901 1654 habentem,
939 1581 1097 1655 quia
1130 1581 1304 1640 sicut
1347 1580 1627 1640 intentio
1678 1579 1825 1654 ejus
1857 1580 1926 1638 in
1963 1579 2327 1639 intentione
2377 1578 2637 1654 antiqui
2671 1577 3001 1653 serpentis
3045 1577 3129 1636 ab
3175 1577 3365 1636 initio

265 1682 427 1755 crat,
466 1681 567 1740 sic
600 1683 669 1741 et
715 1681 931 1741 adhuc
964 1685 1067 1742 est
1114 1683 1364 1742 homini
1398 1682 1811 1758 persuadens
1858 1699 1941 1742 ne
1975 1682 2110 1742 Deo
2147 1682 2434 1748 obediat:
2481 1686 2549 1743 et
2597 1681 2800 1741 etiam
2837 1684 3068 1756 pectus
3117 1696 3366 1757 penna-

269 1787 433 1856 tum,
472 1783 547 1841 ut
578 1786 813 1858 pectus
848 1784 1028 1844 alitis
1060 1789 1185 1861 est,
1222 1785 1601 1860 habentem,
1637 1786 1949 1862 quoniam
1987 1785 2053 1844 in
2088 1785 2369 1845 scientia
2405 1801 2528 1844 sua
2562 1784 2888 1858 homineS,
2925 1799 3043 1860 per
3068 1785 3369 1859 proprie-

265 1889 473 1944 tatem
519 1887 887 1947 voluntatis
936 1904 1119 1962 suae,
1154 1889 1222 1948 in
1269 1889 1478 1948 altum
1515 1905 1589 1948 se
1637 1889 1943 1948 attollere
1980 1887 2162 1962 facit,
2199 1894 2267 1948 et
2314 1905 2444 1947 non
2490 1888 2935 1963 prudentiam,
2974 1888 3087 1948 sed
3139 1889 3362 1947 stulti-

269 1987 432 2046 tiam
468 1988 535 2048 in
571 1990 802 2050 eadem
837 1992 1186 2051 altitudine
1220 1993 1493 2066 imitari,
1529 1992 1737 2051 Deum
1768 1992 2151 2065 nesciendO,
2189 1998 2254 2050 et
2289 1991 2464 2067 quod
2519 1992 2647 2050 sibi
2681 1991 2987 2065 metipsis
3036 1992 3369 2066 placuerit

266 2088 554 2163 pleniter
600 2091 1022 2166 perficiendo,
1071 2093 1151 2155 Et
1183 2110 1379 2153 crura
1417 2111 1493 2154 ac
1527 2094 1732 2170 pedes
1782 2094 2003 2168 habet,
2058 2092 2617 2169 quemadmodum
2669 2108 2867 2151 crura
2918 2101 2984 2152 et
3018 2092 3221 2168 pedes
3275 2094 3369 2151 vi-

267 2210 467 2269 perae
502 2200 682 2271 sunt,
720 2199 878 2273 quia
912 2199 1277 2258 secundum
1313 2199 1652 2275 optionem
1683 2198 2170 2259 desideriorum
2218 2197 2606 2258 eorumdem
2655 2196 3021 2273 hominum,
3072 2197 3364 2272 vestigia

272 2299 574 2375 ipsorum
611 2305 816 2378 ponit,
852 2322 891 2364 a
925 2304 1120 2365 beata
1155 2305 1568 2381 subjectione
1615 2320 1730 2365 eos
1779 2311 2113 2380 avertem,
2166 2321 2242 2365 ac
2276 2305 2345 2363 in
2378 2304 2861 2378 procacitatem
2902 2307 2969 2364 et
3004 2305 3068 2363 in
3105 2305 3372 2364 temeri-

279 2408 486 2466 tatem
522 2409 861 2483 nequitiae
894 2409 1027 2469 Deo
1062 2412 1452 2470 resistentes
1487 2411 1669 2484 ipsos
1719 2410 2020 2483 infigens,
2071 2409 2357 2469 Dorsum
2406 2413 2627 2468 autem
2679 2415 2747 2469 et
2781 2408 2994 2468 cauda
3042 2424 3121 2468 ac
3154 2411 3371 2469 totum

277 2509 611 2585 reliquum
648 2527 894 2588 corpus
931 2513 1140 2587 ipsius
1175 2529 1415 2573 cancro
1450 2513 1886 2587 assimilatur,
1924 2513 2081 2589 quia
2116 2510 2449 2586 fiduciam,
2487 2527 2688 2588 quam
2720 2511 2954 2570 eadem
2986 2511 3369 2571 inobedien-

276 2616 363 2674 tia
400 2616 471 2673 in
499 2616 740 2677 robore
775 2617 1160 2677 rebellionis
1206 2617 1429 2693 habet,
1482 2617 1562 2676 ad
1616 2617 1811 2676 finem
1859 2617 2065 2677 etiam
2099 2617 2321 2691 operis
2358 2616 2461 2675 sui
2495 2615 2829 2690 perducit,
2880 2631 3034 2674 cum
3083 2615 3151 2674 in
3182 2615 3357 2674 malo

274 2724 688 2791 perseverat.
724 2719 903 2780 Unde
951 2724 1018 2780 et
1066 2736 1297 2780 omnes
1333 2721 1634 2796 reliquae
1666 2721 2123 2796 copulationes
2152 2719 2618 2793 perversitatis
2649 2718 2980 2778 sactorum
3006 2718 3150 2793 ejus
3186 2735 3361 2778 nunc

276 2822 336 2879 in
367 2822 702 2897 pertinaci
738 2822 1016 2883 audacia
1063 2823 1453 2899 procedunt,
1508 2839 1682 2883 nunc
1731 2824 1797 2883 in
1843 2822 2227 2898 deceptibili
2263 2823 2511 2882 astutia
2562 2820 3012 2894 retrocedunt;
3064 2821 3158 2881 ita
3192 2820 3370 2896 quod

275 2941 391 2984 nec
433 2926 497 2984 in
536 2927 678 2996 illa,
715 2942 836 2986 nec
887 2928 952 2986 in
985 2928 1115 2988 ista
1163 2928 1603 2988 stabilitatem
1639 2934 1887 3002 servat;
1928 2927 2045 2987 sed
2080 2928 2302 2987 omnia
2338 2941 2508 3003 quae
2543 2928 2610 2987 in
2641 2927 3020 3001 praeceptis
3068 2925 3186 2986 Dei
3220 2941 3376 2986 con-

279 3029 519 3090 stituta
552 3037 732 3106 sunt,
768 3047 888 3108 per
912 3032 1243 3109 pessimas
1272 3032 1737 3093 simulationes
1765 3031 2076 3109 repudiat
2099 3026 2170 3112 ¹),
2199 3036 2266 3092 et
2290 3046 2369 3091 ea
2394 3046 2514 3106 per
2539 3030 2959 3092 latitudinem
2985 3031 3376 3092 irrisionum

279 3140 533 3193 temere
563 3135 919 3197 disturbat.
955 3137 1374 3213 Quapropter
1404 3141 1472 3198 et
1505 3152 1576 3197 se
1613 3137 1736 3197 hac
1762 3140 1828 3197 et
1862 3138 2016 3196 illac
2050 3136 2569 3211 praecipitanter
2603 3141 2848 3212 movet,
2878 3137 3075 3213 quasi
3109 3153 3147 3196 a
3172 3143 3370 3197 vento

279 3242 656 3311 moveatur3
706 3242 772 3299 et
819 3255 971 3299 cum
1019 3244 1347 3315 movetur,
1400 3256 1631 3300 omnes
1678 3239 2063 3316 praedictas
2096 3240 2408 3299 tenebras
2451 3240 2769 3314 concutit,
2807 3240 3119 3316 quoniam
3157 3240 3366 3300 homi-

278 3355 398 3400 nes
433 3341 949 3403 inobedientiam
986 3344 1365 3420 diligenteS,
1400 3361 1531 3404 non
1565 3345 1631 3404 in
1663 3360 1863 3421 opere
1899 3361 2027 3404 uno
2063 3343 2447 3403 rebellionis
2484 3345 2684 3417 stant,
2738 3342 2856 3402 sed
2891 3342 3085 3402 modo
3136 3344 3219 3402 ab
3258 3343 3371 3403 illo

280 3442 345 3502 in
383 3444 590 3518 istud,
644 3445 838 3505 modo
888 3446 971 3506 ab
1008 3447 1134 3507 isto
1184 3448 1251 3506 in
1298 3448 1463 3508 illud
1514 3464 1599 3522 se,
1620 3454 1934 3525 proterve
1966 3447 2272 3521 dilatant,
2323 3445 2675 3506 diabolicis
2725 3446 2986 3506 artibus
3034 3447 3385 3522 exagitati:-

285 3546 398 3606 ubi
429 3546 495 3605 in
522 3550 965 3610 commotione
985 3548 1037 3630 ²)
1065 3550 1365 3627 eiusdem
1392 3552 1862 3627 exagitationis
1889 3566 2120 3611 omnes
2145 3551 2631 3627 perversitates
2656 3550 2978 3610 vitiorum
3002 3553 3386 3625 moventur„

284 3653 446 3728 quia
478 3667 600 3727 per
634 3653 881 3713 malum
918 3654 1407 3714 inobedientiae
1440 3657 1665 3715 omnia
1696 3657 1963 3716 caetera
2007 3654 2174 3713 vitia
2216 3653 2346 3714 sibi
2379 3653 2745 3713 attrahunt.
2797 3652 2983 3724 Quod
3016 3659 3244 3713 autem
3293 3654 3374 3712 ad

289 3757 682 3832 Aquilonem
720 3772 791 3816 se
825 3759 1179 3840 convertit,
1217 3776 1295 3819 ac
1330 3761 1609 3820 multum
1647 3762 1863 3837 ignem
1899 3776 1980 3820 ex
2014 3776 2131 3819 ore
2166 3776 2285 3819 suo
2321 3758 2591 3834 emittit,
2644 3758 2769 3820 hoc
2817 3764 2923 3818 est
2963 3758 3139 3835 quod
3189 3757 3273 3818 ad
3309 3758 3386 3818 il-

287 3860 427 3919 lum
458 3861 575 3937 qui
611 3860 680 3919 in
712 3861 1036 3936 Aquilone
1071 3877 1190 3936 per
1224 3863 1673 3923 temeritatem
1710 3864 2198 3923 inobedientiae
2227 3879 2298 3922 se
2326 3862 2459 3922 Deo
2487 3877 2821 3938 opponere
2854 3862 3145 3936 volebat,
3180 3862 3385 3936 perti-

287 3971 424 4039 net,
461 3964 776 4039 quoniam
816 3964 958 4041 ipse
989 3981 1134 4025 eam
1170 3967 1459 4041 primum
1495 3967 1831 4042 produxit,
1867 3972 1934 4026 et
1971 3966 2117 4026 ideo
2151 3966 2354 4027 etiarn
2394 3965 2684 4040 plurima
2735 3964 3037 4024 incendia
3086 3963 3385 4022 diverso-

293 4082 442 4126 rum
479 4067 802 4126 vitiorum
837 4069 902 4126 in
936 4069 1269 4129 locutione
1305 4087 1428 4130 sua
1461 4072 1735 4145 evomit,
1773 4087 1922 4130 cum
1958 4070 2123 4129 nulli
2157 4069 2449 4129 debitam
2488 4068 2933 4128 reverentiam
2968 4064 3385 4127 obedientiae

289 4170 584 4243 exhibet;
623 4171 739 4230 sed
774 4187 923 4231 cum
958 4189 1190 4234 omnes
1225 4191 1395 4250 quos
1433 4175 1707 4251 poterit,
1744 4175 1811 4234 in
1842 4175 2077 4234 verbis
2109 4174 2251 4233 suis
2286 4173 2525 4246 exurit,
2564 4173 2748 4231 velut
2780 4172 2980 4231 etiam
3019 4186 3137 4247 per
3171 4185 3383 4230 seme-

290 4274 534 4348 tipsam
575 4271 846 4347 fatetur,
883 4277 957 4335 ut
989 4277 1404 4352 praedictum
1438 4283 1559 4338 est.
1599 4278 1721 4338 Cui
1770 4277 2151 4337 obedientia
2199 4275 2580 4352 respondet,
2633 4277 2699 4334 et
2732 4290 2812 4333 ne
2848 4275 3150 4334 homines
3201 4274 3383 4332 illam

296 4379 581 4479 fideliter
615 4381 981 4454 imitentur,
1018 4383 1396 4458 persuadet.

1651 4596 2013 4655 XXXVIIII.

1563 4806 1652 4863 Dc
1705 4803 2128 4883 Infidelitate.

392 5014 496 5074 48.
532 5012 655 5073 Sed
692 5020 760 5071 et
795 5012 1024 5089 quinta
1063 5014 1277 5088 imago
1315 5011 1771 5072 infidelitatem
1807 5008 2216 5084 manifestat,
2256 5026 2424 5085 quae
2462 5010 2567 5068 hic
2606 5005 3118 5068 inobedientiam
3159 5005 3390 5063 subse-

382 5166 423 5232 θ)
451 5169 741 5239 νφιιάἰαηι
767 5166 856 5222 W.
890 5200 950 5206 —
979 5168 1025 5235 ⁴²)
1055 5172 1111 5223 in
1138 5171 1526 5223 commotionem
1552 5164 1644 5220 W.
1675 5182 1798 5221 *ηοω
1823 5168 1992 5221 omnis
2015 5166 2385 5235 perversitatis
2413 5161 2475 5217 Α.
