4036 6117
602 421 729 481 150
1762 442 1814 484 s.
1876 440 2413 489 ninnEoAnms

2041 665 2140 724 VI.

1643 873 2053 949 Responsum
2108 874 2513 934 Sanctitatis.

625 1080 689 1139 9.
739 1080 819 1139 Et
866 1079 947 1140 de
996 1080 1338 1156 praedicta
1391 1079 1656 1140 turbida
1707 1080 1880 1140 nube
1930 1096 2161 1141 vocem
2214 1081 2439 1140 audivi
2496 1080 2713 1140 eidem
2760 1079 3037 1156 imagini
3096 1080 3635 1158 respondentem:

541 1205 573 1242 ‹
612 1185 663 1245 Ο
696 1185 1128 1248 velocissima
1160 1184 1471 1260 perditio,
1508 1183 1667 1260 quid
1700 1183 1906 1243 dicis‘?
1940 1183 2101 1255 Quis
2136 1189 2201 1244 te
2236 1185 2514 1260 creavit,
2552 1190 2622 1244 et
2652 1185 2804 1261 quis
2839 1191 2905 1245 te
2939 1184 3168 1244 vivere
3206 1184 3397 1245 fecit?
3430 1185 3630 1244 DeuS.

544 1306 577 1345 x
617 1289 750 1350 Cur
781 1305 911 1348 non
946 1271 1506 1366 cognoscisquod
1541 1295 1605 1349 te
1644 1290 1858 1365 ipsam
1889 1305 2024 1348 non
2060 1287 2312 1348 fecisti?
2345 1289 2479 1364 Ego
2517 1294 2737 1349 autem
2766 1288 2970 1349 Deum
3009 1288 3274 1358 invoco,
3310 1292 3379 1348 et
3410 1287 3638 1348 omnia

543 1409 576 1449 »
615 1393 999 1451 necessaria
1033 1392 1118 1452 ab
1152 1393 1298 1469 ipso
1332 1392 1621 1469 postu10‚
1660 1408 1738 1451 ac
1771 1399 2130 1469 praecepta
2164 1393 2310 1468 ejus
2344 1393 2613 1468 colligo,
2649 1398 2716 1452 et
2751 1393 2817 1452 in
2857 1392 2957 1452 eis
2992 1408 3374 1469 permaneo,
3411 1393 3635 1467 ipsum

546 1511 577 1551 »
620 1493 905 1554 videndo
938 1500 1007 1554 et
1038 1495 1519 1570 cognoscenda
1557 1494 1930 1566 Quomodo?
1969 1496 2134 1555 Nam
2167 1512 2287 1573 per
2334 1496 2573 1556 bonam
2626 1497 2976 1557 scientiam
3009 1497 3307 1557 volatilis
3356 1512 3529 1570 sum,
3568 1496 3639 1554 in

544 1613 576 1657 ι
615 1614 748 1676 qua
783 1600 986 1661 etiam
1019 1598 1229 1660 Deum
1265 1602 1502 1678 sentin,
1543 1607 1610 1661 et
1644 1602 1711 1661 in
1742 1618 1874 1678 qua
1907 1603 2256 1678 cytharam
2288 1603 2615 1663 orationis
2647 1604 2974 1678 percutio,
3015 1620 3165 1664 cum
3199 1619 3353 1664 eum
3402 1603 3635 1677 adore,

546 1722 580 1762 »
618 1710 686 1764 et
720 1704 786 1764 in
818 1720 951 1781 qua
983 1720 1134 1765 eum
1170 1721 1518 1781 cognosco,
1555 1705 1622 1766 Si
1656 1713 1881 1767 autem
1914 1707 1995 1766 ad
2032 1706 2264 1767 eadem
2304 1708 2732 1784 respicerem,
2771 1725 2810 1767 a
2841 1706 2976 1768 Deo
3008 1709 3435 1768 declinarem.
3481 1707 3643 1767 Ter-

547 1825 580 1864 »
621 1824 694 1867 ra
729 1808 901 1866 enim
940 1808 1163 1868 cibum
1196 1824 1275 1867 ac
1308 1810 1784 1871 vestimentum
1817 1816 1884 1869 et
1916 1810 2051 1870 alia
2083 1811 2467 1871 necessaria
2500 1810 2882 1872 hominibus
2915 1827 3045 1871 non
3079 1811 3217 1882 dat,
3270 1811 3388 1871 sed
3434 1809 3637 1870 DeuS.

553 1930 585 1968 »
625 1912 940 1972 Homines
976 1912 1142 1972 haec
1174 1928 1480 1974 crescere
1527 1914 1776 1988 vident,
1829 1914 1946 1974 sed
1996 1915 2168 1974 unde
2215 1921 2282 1975 et
2331 1916 2662 1992 quomodo
2712 1920 3021 1976 crescant
3051 1933 3182 1976 non
3212 1915 3464 1989 vident,
3516 1913 3639 1973 sed

548 2034 580 2075 ›
619 2017 745 2077 hoc
780 2018 996 2078 solum
1033 2020 1274 2094 sciunt,
1312 2020 1487 2095 quod
1527 2038 1565 2080 a
1597 2019 1729 2080 Deo
1767 2027 2099 2082 crescunt.
2136 2021 2378 2082 Omnes
2412 2022 2589 2081 enim
2622 2021 2928 2082 homines
2975 2028 3044 2082 et
3091 2027 3331 2082 cuncta
3366 2020 3638 2082 saecula

550 2139 584 2179 »
623 2122 847 2181 nullus
880 2129 1113 2199 posset
1148 2123 1366 2183 facere
1399 2139 1727 2198 crescere,
1763 2140 1885 2183 nec
1923 2120 2266 2184 minimum
2302 2125 2479 2201 quod
2517 2126 2582 2184 in
2617 2124 2862 2185 mundo
2893 2131 3020 2200 est,
3066 2124 3246 2184 ullus
3277 2129 3510 2201 posset
3540 2117 3643 2181 vi-

549 2247 580 2287 »
619 2229 912 2304 vilicare,
946 2231 1080 2290 nisi
1113 2230 1312 2305 DeuS,
1348 2236 1417 2290 et
1447 2246 1574 2308 per·
1603 2230 1751 2306 hoc,
1788 2232 1965 2308 quod
1997 2231 2175 2291 Deus
2209 2232 2321 2307 sit,
2360 2232 2776 2307 intelligitur.
2820 2230 3002 2291 Unde
3037 2230 3104 2289 in
3140 2230 3449 2290 omnibus
3482 2243 3640 2304 ope—

549 2349 583 2389 »
621 2331 810 2391 ribus
845 2332 988 2391 suis
1023 2331 1222 2392 homo
1255 2333 1690 2392 devotissime
1721 2333 1854 2392 Deo
1891 2335 2167 2410 serviat,
2203 2339 2270 2393 et
2305 2352 2341 2394 a
2376 2334 2572 2394 malis
2606 2350 2679 2393 se
2721 2334 3077 2409 abstineat,
3115 2333 3209 2392 ita
3240 2347 3324 2391 ne
3355 2332 3424 2391 in
3455 2331 3644 2390 vola-

552 2454 584 2494 )
624 2442 696 2496 tu
731 2436 1052 2497 scientiae
1103 2454 1266 2498 suae
1313 2439 1724 2498 voluntatem
1775 2455 1967 2499 suam
2017 2438 2340 2516 perficiat.
2389 2439 2525 2515 Ego
2574 2440 2752 2499 enim
2801 2439 3140 2514 cingulum
3192 2436 3640 2498 abstinentiae

554 2559 588 2599 »
625 2541 777 2602 volo
814 2541 1082 2617 habere,
1122 2558 1199 2601 ac
1228 2543 1292 2602 in
1319 2542 1607 2618 jocundo
1644 2543 1802 2603 ssore
1836 2543 2274 2604 beatitudinis
2303 2544 2452 2604 volo
2480 2559 2892 2620 permanere.
2920 2542 3087 2603 Nam
3123 2542 3190 2602 in
3214 2540 3457 2600 vexillo
3491 2554 3645 2598 coe-
3692 2621 3701 2628 ο

554 2661 586 2702 »
628 2645 1074 2705 remoniarum
1108 2645 1226 2706 Dei
1257 2646 1389 2706 dux
1423 2647 1769 2707 ordinatae
1804 2648 1972 2708 acici
2009 2648 2190 2724 regis
2228 2665 2399 2721 sum,
2439 2648 2550 2708 ubi
2586 2665 2790 2725 opera
2824 2663 2948 2708 sua
2988 2647 3164 2707 Deus
3199 2651 3536 2722 operatur.
3578 2660 3610 2701 ›

637 2749 743 2809 10.
772 2749 917 2809 Vidi
945 2766 1208 2828 quoque
1237 2758 1454 2811 rotam
1481 2754 1675 2829 quasi
1705 2759 1921 2814 rotam
1947 2755 2258 2830 plaustri,
2297 2755 2364 2813 in
2388 2753 2715 2830 praefatis
2754 2754 3051 2814 tenebris
3075 2753 3432 2831 jacentem,
3469 2766 3644 2827 quae

548 2857 734 2917 velut
770 2874 807 2916 a
844 2858 1062 2918 ventis
1097 2862 1371 2934 agitata,
1423 2861 1495 2920 ut
1542 2861 1716 2919 mola
1765 2859 2384 2921 circumferebatur.
2434 2861 2516 2919 Et
2548 2859 2756 2919 radiis
2796 2859 2942 2936 ejus
2977 2864 3266 2934 quatuor
3311 2854 3522 2914 fustes
3557 2854 3642 2912 ad

549 2964 881 3023 staturam
915 2963 1228 3038 hominiS,
1267 2980 1533 3024 sursum
1569 2965 1798 3039 erecti,
1837 2965 2015 3024 infixi
2051 2971 2264 3040 erant,
2304 2966 2477 3024 inter
2510 2979 2677 3040 quos
2713 2978 2916 3039 super
2949 2961 3204 3021 eisdem
3239 2959 3448 3018 radiis
3475 2972 3639 3034 qua-

547 3071 606 3129 si
643 3071 860 3144 imago
894 3069 1184 3130 hominis
1220 3070 1465 3146 stabat,
1504 3087 1675 3146 quae
1708 3071 1788 3130 de
1824 3071 1989 3146 ipsis
2028 3070 2318 3130 fustibus
2354 3076 2640 3146 utraque
2677 3085 2874 3128 manu
2926 3068 3170 3126 fustem
3219 3081 3422 3124 unum
3456 3069 3639 3123 tene-
3710 3106 3751 3131 ¹-

550 3174 687 3248 bat,
726 3174 875 3251 alitis
908 3173 1167 3235 duobus
1202 3175 1284 3234 ad
1318 3176 1596 3235 dorsum
1628 3176 1774 3251 ejus
1810 3175 2171 3251 stantibuS‚
2223 3181 2289 3235 et
2337 3191 2509 3251 quae
2557 3190 2706 3233 cum
2743 3172 2975 3232 eadem
3025 3177 3169 3231 rota
3211 3167 3642 3231 circumfere-

549 3278 766 3339 batur.
806 3279 1098 3354 Capillos
1135 3282 1354 3339 autem
1383 3280 1644 3356 crispos
1679 3286 1748 3339 et
1781 3281 2008 3355 nigros
2047 3280 2357 3355 habebat,
2392 3283 2460 3337 et
2494 3294 2731 3337 manus
2767 3276 3023 3336 similes
3057 3272 3506 3335 anterioribus
3553 3272 3645 3331 si-

546 3382 721 3441 miae
756 3382 1058 3457 pedibus,
1101 3400 1178 3442 ac
1214 3385 1418 3460 pedes
1453 3385 1709 3444 similes
1743 3383 2027 3461 pedibus
2063 3382 2426 3459 accipitris,
2462 3382 2543 3441 Et
2577 3374 3034 3441 indumentum
3079 3380 3225 3456 ejus
3259 3378 3456 3437 lineis
3505 3376 3639 3436 albi

550 3500 631 3544 ac
664 3484 838 3559 nigri
873 3484 1119 3545 coloris
1152 3486 1544 3547 distinctum
1576 3494 1742 3547 erat.
1780 3488 1904 3547 Sed
1940 3494 2005 3548 et
2044 3487 2376 3548 interdum
2410 3486 2745 3563 quoddam
2780 3492 2921 3546 rete
2955 3485 3038 3545 ad
3074 3483 3470 3560 capiendum
3504 3482 3644 3543 ani-

554 3591 760 3650 malia
793 3590 1232 3665 expandebat,
1272 3592 1388 3652 sed
1424 3592 1588 3651 nihil
1624 3593 1950 3667 capiebat.

2038 3806 2167 3865 VII.

1731 4015 1930 4076 Verba
1978 4018 2492 4077 Inconstantiae.

653 4223 756 4286 11.
791 4225 872 4287 Et
902 4225 1087 4288 dixit:
1128 4246 1157 4284 α
1199 4228 1414 4299 Quare
1450 4227 1777 4287 nescirem
1814 4227 1990 4303 quod
2028 4227 2210 4287 sum?
2243 4226 2427 4298 Quod
2461 4232 2686 4287 autem
2720 4224 2858 4285 scio
2894 4224 3020 4285 hoc
3064 4222 3262 4299 facio,
3314 4230 3380 4286 et
3429 4222 3488 4284 si
3523 4222 3649 4285 hoc

563 4344 596 4387 ι»
636 4346 767 4388 non
802 4328 1112 4406 facerem,
1152 4332 1356 4391 stulta
1388 4348 1626 4392 essem.
1663 4333 1849 4392 Multi
1888 4331 2139 4392 faciunt
2187 4331 2364 4408 quod
2414 4330 2731 4404 admiror,
2785 4330 3042 4390 scilicet
3078 4330 3255 4406 quod
3306 4330 3647 4406 sapientes

559 4451 593 4494 2»
634 4451 704 4494 se
738 4437 979 4496 stultos
1015 4436 1288 4513 faciunt,
1323 4441 1391 4498 et
1423 4438 1666 4498 divites
1703 4454 2054 4515 paupereS,
2094 4454 2171 4496 ac
2206 4437 2396 4512 probi
2430 4436 2619 4496 viles,
2657 4435 2841 4507 Quod
2878 4452 3027 4496 sum
3063 4435 3322 4511 loquor,
3366 4441 3433 4495 et
3466 4433 3644 4512 quod

563 4556 598 4597 2>
639 4540 789 4600 volo
823 4540 1113 4616 profero,
1150 4547 1217 4601 et
1250 4542 1427 4618 quod
1461 4543 1673 4603 habeo
1708 4560 1838 4604 non
1873 4542 2201 4618 relinqu0‚
2239 4548 2304 4602 et
2338 4540 2515 4618 quod
2550 4557 2829 4616 possum
2866 4539 3037 4600 facio
3059 4588 3075 4615 ,
3127 4546 3450 4616 quantum
3499 4556 3655 4616 pos·-

562 4656 598 4705 >
637 4643 985 4706 sibilitatis
1021 4646 1087 4705 in
1122 4646 1246 4707 hoc
1281 4647 1516 4721 habeo,
1568 4648 1867 4724 alioquin
1916 4647 2134 4707 inanis
2168 4662 2410 4706 essem.
2463 4646 2676 4706 Faber
2721 4645 2897 4705 enim
2949 4644 3064 4722 qui
3108 4660 3275 4720 opus
3314 4643 3476 4704 illud
3524 4660 3651 4704 non

567 4768 602 4813 »
645 4750 914 4827 faceret,
953 4753 1129 4828 quod
1168 4752 1384 4814 facere
1418 4759 1672 4830 posset,
1709 4760 1775 4813 et
1808 4753 1924 4829 qui
1956 4761 2173 4813 artem
2207 4768 2399 4813 suam
2431 4752 2792 4827 desereret,
2821 4768 2943 4812 nec
2977 4766 3125 4811 eam
3152 4757 3517 4825 exerceret,
3548 4766 3654 4813 ru-

565 4874 600 4916 »
644 4857 856 4917 sticus
889 4865 1090 4918 esset.
1129 4859 1267 4917 I-Ioc
1301 4858 1505 4918 etiam
1543 4858 1804 4919 fortuna
1838 4859 2052 4919 docet.
2103 4859 2267 4918 Nam
2316 4874 2468 4916 cum
2518 4857 2715 4917 homo
2750 4856 3265 4932 prosperitatem
3316 4854 3649 4925 habuerit,

566 4976 601 5021 »
645 4961 846 5021 faciat
880 4962 1054 5038 quod
1085 4965 1246 5037 vult,
1298 4964 1456 5040 quia
1505 4980 1655 5022 cum
1708 4965 2120 5039 prosperitas
2173 4962 2287 5022 illa
2320 4959 2663 5037 defecerit,
2716 4962 2893 5037 quod
2945 4961 3085 5021 vult
3124 4961 3343 5020 facere
3380 4977 3508 5020 non
3544 4975 3659 5033 po·-

575 5085 606 5123 1>
649 5074 796 5127 test.
835 5069 910 5127 Et
950 5069 1071 5127 hoc·
1108 5069 1407 5144 probitas
1443 5076 1566 5128 est.
1610 5088 1638 5125 ιι)
