4036 6117
692 510 822 570 244
1881 531 1932 575 s.
1985 530 2527 575 annectimus

619 643 700 703 Et
732 645 959 703 audivi
993 661 1224 704 vocem
1258 645 1339 704 de
1374 646 1558 705 coelo
1593 646 1947 707 dicentem:
2000 648 2212 707 Homo
2255 663 2425 723 quae
2474 647 2639 706 haec
2673 645 2861 721 vidit,
2898 651 2967 705 et
3014 644 3368 706 scribendo
3403 644 3698 721 protulit,

619 745 788 806 vidit
821 754 886 807 et
936 766 1064 808 non
1099 749 1289 822 vidit,
1344 750 1652 808 cinerosa
1703 750 1907 809 sentit
1955 756 2022 809 et
2057 766 2188 810 non
2238 752 2463 825 sentit,
2501 766 2579 809 ac
2628 749 2952 809 miracula
2985 747 3103 807 Dei
3135 764 3267 809 non
3301 764 3420 824 per
3464 764 3556 823 se,
3593 748 3701 807 sed

625 863 745 922 per
797 849 909 909 illa
948 854 1125 911 tacta
1172 850 1451 926 profert,
1504 851 2069 927 quemadmodum
2116 853 2367 913 chorda
2400 868 2520 928 per
2565 851 3023 912 citharoedam
3073 853 3274 927 tacta,
3312 867 3550 912 sonum
3582 867 3703 910 non

618 969 740 1029 per
789 970 884 1028 se,
939 955 1055 1013 sed
1105 972 1224 1031 per
1273 961 1526 1014 tactum
1578 955 1761 1015 illius
1812 956 2051 1017 reddit.
2101 957 2181 1016 Et
2214 956 2378 1016 haec
2414 973 2572 1016 vera
2608 961 2786 1030 sunt,
2822 961 2892 1015 et
2924 956 3039 1031 qui
3089 971 3292 1015 verus
3326 961 3453 1030 est,
3501 970 3580 1015 ea
3613 954 3706 1013 sic

623 1058 1044 1118 manifestari
1099 1060 1433 1120 veraciter
1488 1061 1720 1121 voluit.
1778 1062 2200 1138 Quapropter
2233 1062 2293 1122 si
2328 1063 2480 1139 quis
2515 1077 2636 1137 per
2667 1056 2714 1141 ¹)
2753 1061 3362 1137 supereminentem
3420 1065 3705 1120 mentem

622 1165 1111 1240 scripturarum
1156 1173 1223 1226 et
1256 1167 1690 1242 proprietatis
1739 1184 1924 1242 suae,
1976 1168 2237 1243 aliquid·
2280 1168 2378 1227 eis
2429 1168 2496 1227 in
2541 1167 3018 1227 contrarietate
3066 1166 3427 1242 addiderit,
3478 1168 3705 1243 poenis

621 1265 733 1325 hic
781 1266 1142 1344 descriptis
1192 1268 1541 1343 subjacere
1589 1269 1832 1345 dignus
1880 1272 2007 1345 est;
2061 1274 2176 1332 aut
2225 1272 2284 1330 si
2326 1272 2480 1347 quis
2530 1270 2783 1346 aliquid
2832 1269 2918 1329 ab
2965 1271 3066 1330 eis
3113 1286 3233 1346 per
3279 1270 3708 1331 contrarieta-

629 1377 764 1431 tem
815 1372 1193 1448 abstulerit,
1244 1373 1486 1448 dignus
1534 1380 1640 1433 est
1688 1380 1762 1434 ut
1805 1392 1842 1434 a
1890 1376 2156 1450 gaudiis
2207 1374 2315 1436 hic
2363 1375 2657 1435 ostensis
2705 1374 3027 1434 deleatur.
3075 1374 3156 1434 Et
3203 1374 3431 1435 audivi
3479 1390 3706 1435 vocem

622 1478 1076 1538 multitudinis
1111 1480 1179 1538 in
1227 1479 1690 1555 superioribus
1727 1481 2007 1540 secretis
2044 1481 2573 1555 respondentem:
2610 1480 2780 1554 Fiat,
2817 1480 3047 1554 Amen,
3082 1485 3150 1538 et
3182 1479 3280 1539 sic
3311 1478 3447 1540 fiat.
3480 1479 3561 1539 Et
3593 1480 3711 1540 ite-

624 1599 775 1642 rum
824 1583 1050 1642 audivi
1097 1599 1327 1643 vocem
1364 1584 1446 1642 de
1494 1584 1683 1643 coelo
1718 1583 1881 1643 mihi
1931 1585 2283 1645 dicentem:
2337 1585 2516 1645 Haec
2563 1585 2647 1644 de
2678 1585 2835 1644 viva
2881 1599 3046 1644 voce
3093 1584 3385 1644 viventis
3433 1589 3500 1643 et
3536 1584 3711 1644 inde-

622 1686 908 1746 ficientis
957 1687 1130 1746 lucis
1178 1688 1441 1763 prolata
1488 1690 1555 1747 et
1587 1687 1765 1746 dicta
1802 1691 1976 1763 sunt,
2013 1694 2081 1747 et
2114 1688 2334 1749 fidelia
2368 1694 2545 1763 sunt,
2582 1694 2649 1748 et
2683 1686 2901 1748 fidelis
2931 1686 3042 1747 his
3072 1687 3396 1762 attendat,
3432 1692 3499 1747 et
3533 1702 3612 1747 ea
3646 1689 3709 1747 in

625 1790 1019 1849 memoriam
1053 1789 1267 1849 bonae
1303 1790 1624 1849 scientiae
1658 1796 2033 1864 componat.

1359 2007 1746 2072 EXPLICIT
1794 2012 2039 2072 LIBER
2088 2012 2330 2074 VITAE
2379 2012 2864 2073 MERITORUM
2904 2011 2972 2091 2)

1081 2161 1211 2206 PER
1257 2161 1616 2207 SIMPLICEM
1681 2162 1996 2208 HOMINEM
2046 2162 2091 2206 A
2138 2162 2441 2208 VIVENTE
2491 2162 2664 2208 LUCE
2711 2162 3237 2210 REVELATORUM.

697 2380 738 2443 ¹)
765 2398 860 2452 per
885 2394 994 2433 om.
1027 2378 1092 2433 Α.
1129 2408 1193 2417 -
1216 2379 1262 2441 2)
1292 2378 1364 2432 W
1390 2377 1643 2440 brevius.
1672 2393 1734 2434 ac
1763 2393 1915 2432 more
1945 2383 2219 2433 veterum:
2251 2377 2501 2451 Explicit
2526 2380 2664 2435 liber
2688 2383 2833 2435 vitae
2853 2383 3164 2435 meritorum
3180 2380 3435 2450 feliciter.
