4036 6117
1188 494 1426 543 mean
1473 469 1975 545 compostum
2024 498 2469 549 Mssmcmm
3170 481 3298 545 479

262 601 343 662 De
367 604 662 662 ebrietate.
1890 613 1967 668 De
1997 614 2362 671 tortionibus.

267 685 348 747 De
376 686 614 747 vomitu.
1888 697 1967 752 De
1995 699 2301 756 vermibus,

265 776 346 833 De
377 778 774 847 indigestione.
1889 783 1969 838 De
1996 783 2313 841 lumbricis,

261 862 344 918 De
368 862 721 920 dissenteria.
1117 883 1124 890 “
1893 868 1971 922 De
2000 868 2298 938 pediculis.

263 947 346 1003 De
370 948 702 1019 emoptoica.
1891 953 1971 1007 De
1998 954 2235 1010 calculo.

261 1032 344 1088 De
370 1032 717 1089 abstinentia
747 1032 1069 1089 indiscreta.
1895 1037 1974 1092 De
2001 1039 2150 1106 gula.

263 1116 346 1172 De
371 1117 831 1189 apostematibus.
1897 1123 1979 1178 De
2008 1124 2297 1180 ulceribus
2326 1126 2526 1196 leprae.

261 1202 347 1257 De
375 1208 613 1259 tumore.
1897 1209 1976 1264 De
2008 1209 2178 1280 lepra.

267 1289 346 1344 De
373 1290 578 1346 ulcere.
1900 1294 1978 1349 De
2006 1294 2190 1364 leprae
2215 1294 2412 1363 signis.

265 1373 349 1428 De
378 1373 582 1430 scabie.
1898 1379 1978 1433 De
2003 1383 2184 1446 gutta.

267 1459 351 1514 De
377 1457 593 1514 icteria.
1901 1463 1980 1517 De
2008 1478 2304 1518 nervorum
2333 1462 2738 1519 contractione.

269 1545 350 1599 De
376 1542 651 1599 exercitio
675 1550 732 1600 et
758 1544 980 1600 animae
1011 1545 1211 1602 taedio.
1899 1548 1979 1602 De
2007 1547 2279 1603 febribus,

267 1631 351 1685 De
380 1630 480 1685 ira.
1901 1633 1980 1687 De
2006 1632 2271 1704 paralysi.

266 1716 351 1770 De
377 1714 593 1770 insania
622 1721 679 1770 et
711 1715 885 1770 lensia
914 1719 1053 1780 (sic).
1901 1717 1981 1772 De
2010 1714 2266 1772 febribus
2292 1722 2350 1771 et
2376 1715 2598 1771 criticis
2623 1715 2841 1772 diebus.

268 1799 355 1855 De
379 1799 669 1871 epilepsia.
1902 1803 1980 1858 De
2007 1806 2193 1858 acuta.

271 1883 356 1939 De
381 1884 693 1956 hydropisi.
1903 1891 1982 1945 De
2013 1888 2268 1946 febribus
2297 1887 2672 1959 interpolatis.

271 1972 356 2026 De
382 1970 695 2026 inflatione.
1903 1977 1981 2033 De
2006 1976 2177 2032 dieta.

1665 2221 1814 2282 LIB.
1868 2222 1975 2282 ΙΙΙ.

387 2449 478 2507 De
523 2445 893 2524 praedictis
941 2449 1162 2503 autem
1215 2442 1716 2520 infirmitatibus
1766 2445 2170 2523 subscriptae
2218 2447 2589 2506 medicinae
2637 2465 2676 2504 α
2726 2447 2859 2506 Deo
2908 2463 3310 2520 monstratae

694 2558 811 2611 aut
861 2553 1190 2612 hominem
1242 2548 1635 2626 liberabunt,
1686 2557 1798 2609 aut
1847 2554 1989 2627 ipso
2035 2554 2384 2625 morietur,
2436 2558 2547 2610 aut
2605 2553 2779 2611 Deus
2828 2575 2980 2615 eum

1488 2653 1767 2714 liberare
1817 2673 1952 2715 non
1999 2657 2163 2716 vult.

378 2868 470 2928 De
530 2868 929 2945 capillorum
990 2884 1169 2927 casu.
1222 2860 1268 2944 ¹)
1330 2866 1494 2925 Cum
1551 2867 1965 2927 adolescenti
2024 2866 2274 2926 homini
2321 2867 2457 2942 jam
2516 2869 2803 2943 primum
2864 2876 3082 2938 crines
3139 2887 3380 2950 cadere

300 2972 649 3049 incipiunt,
699 2972 780 3031 de
817 2972 1047 3031 arvina
1099 2972 1243 3030 ursi
1277 2977 1344 3030 et
1379 2972 1708 3030 modicum
1751 2972 2134 3033 favillarum
2179 2972 2259 3031 de
2296 2974 2559 3032 triticeo
2594 2979 2710 3036 aut
2742 2978 2822 3036 de
2871 2982 3176 3057 siligineo
3211 2999 3383 3054 stra-

289 3077 465 3137 mine
519 3076 873 3153 factarum,
911 3080 979 3136 et
1013 3076 1178 3136 haec
1214 3076 1416 3135 simul
1451 3078 1907 3151 commisceat,
1954 3082 2022 3135 et
2056 3078 2292 3136 deinde
2326 3094 2478 3137 cum
2516 3078 2643 3138 isto
2681 3086 2897 3141 totum
2947 3096 3148 3163 caput
3182 3110 3380 3158 suum

295 3186 593 3260 inungat,
621 3190 686 3243 et
718 3184 808 3244 ibi
835 3183 1194 3258 praecipue
1242 3182 1355 3241 ubi
1391 3182 1609 3241 crines
1638 3182 1703 3240 in
1738 3182 1956 3257 capite
1991 3198 2114 3241 suo
2150 3182 2424 3252 effluere
2469 3183 2811 3259 incipiunt.
2848 3188 3085 3251 Postea
3119 3195 3231 3256 diu
3268 3202 3383 3261 ah-

292 3290 540 3350 stineat
572 3305 666 3355 se.
718 3305 798 3348 ne
833 3294 1035 3363 caput
1069 3303 1265 3346 suum
1315 3286 1399 3346 ab
1437 3287 1565 3345 ista
1615 3288 1926 3345 unctione
1971 3287 2169 3346 lavet.
2220 3287 2299 3345 Et
2332 3287 2553 3346 crines
2588 3288 2733 3362 ejus
2782 3292 2898 3365 qui
2932 3298 3223 3359 nondum
3275 3321 3381 3364 ce·-

291 3393 597 3453 ciderunt
643 3408 763 3469 per
818 3392 1193 3451 unctionem
1235 3390 1429 3448 istam
1484 3390 1576 3448 ita
1633 3389 2102 3449 humectantur
2157 3395 2225 3449 et
2267 3388 2730 3449 confortantur
2777 3395 2952 3469 quod
3012 3415 3131 3473 per
3185 3404 3380 3484 longa

285 3506 587 3574 tempora
634 3515 764 3557 non
811 3497 1069 3557 cadent.
1118 3497 1199 3554 Et
1232 3495 1330 3554 sic
1380 3510 1579 3569 saepe
1633 3493 1855 3569 faciat,
1905 3501 1973 3554 et
2005 3511 2046 3555 a
2096 3496 2431 3601 lavatione
2479 3497 2721 3572 capitis
2766 3500 2870 3558 sui
2919 3517 2989 3561 se
3024 3505 3378 3573 abstineat.

289 3605 452 3664 Nam
488 3605 673 3664 calor
721 3604 993 3663 arvinae
1029 3603 1170 3662 ursi
1220 3605 1496 3661 naturae
1533 3601 1731 3677 hujus
1780 3608 1884 3660 est
1918 3603 2095 3679 quod
2144 3604 2473 3679 plurimos
2514 3606 2736 3666 crines
2784 3610 3151 3683 producere
3185 3617 3379 3692 solet;

289 3714 359 3769 et
393 3708 660 3769 favillae
691 3709 773 3768 de
823 3708 1084 3768 triticeo
1116 3710 1231 3767 aut
1278 3708 1584 3783 siligineo
1635 3708 1954 3767 stramine
2004 3709 2225 3769 crines
2260 3711 2659 3788 confortant,
2712 3731 2792 3774 ne
2825 3718 2958 3776 cito
2993 3721 3249 3783 cadant.
3298 3725 3381 3784 Et

292 3829 445 3873 cum
480 3814 643 3873 haec
677 3813 804 3873 sibi
838 3819 1446 3888 contemperantur,
1483 3819 1555 3872 ut
1586 3812 2003 3888 praedictum
2037 3821 2164 3889 est,
2201 3815 2420 3874 crines
2455 3816 2744 3876 hominis
2779 3823 2963 3880 tanto
2997 3822 3248 3885 diutius
3284 3844 3386 3886 re·-

297 3919 509 3978 tinent
541 3933 622 3978 ne
658 3917 918 3978 cadant.

370 4063 450 4119 De
479 4062 684 4136 capitis
710 4063 899 4120 dolore
924 4079 992 4118 ex
1021 4060 1370 4118 melancolia.
1918 4062 1998 4118 De
2026 4063 2316 4118 oculorum
2344 4064 2757 4123 attenuatione.

298 4151 378 4206 De
403 4150 671 4206 amentia.
1922 4149 1999 4204 De
2026 4149 2206 4205 oculis
2238 4150 2456 4218 griseis.

301 4238 380 4292 Dc
406 4236 744 4305 emigranea.
1921 4235 2001 4289 De
2027 4235 2206 4290 oeulis
2238 4235 2434 4304 igneiS.

303 4323 383 4378 De
408 4320 615 4393 capitis
641 4321 832 4376 dolore
858 4336 927 4375 ex
954 4316 1229 4374 stomachi
1259 4315 1601 4374 fumositate.
1924 4320 2001 4375 De
2028 4322 2209 4377 oculis
2233 4323 2441 4379 diversi
2470 4325 2693 4381 coloris.

303 4408 383 4463 De
409 4406 616 4478 capitis
640 4406 831 4462 dolore
856 4422 924 4462 ex
954 4404 1232 4473 flegmate.
1920 4407 2000 4462 De
2027 4408 2209 4462 oculis
2238 4408 2599 4466 turbulentis.

303 4493 381 4549 Ea
402 4509 546 4563 quae
568 4498 886 4563 sequuntur
899 4492 966 4547 ad
991 4490 1197 4546 vitium
1219 4489 1505 4563 pulmonis
1519 4494 1794 4562 spectant.
1920 4493 2000 4547 De
2028 4492 2209 4548 oculis
2235 4493 2433 4562 nigris.

303 4585 383 4640 De
409 4582 676 4638 amentia.
1922 4578 2003 4633 De
2029 4578 2319 4634 oculorum
2348 4579 2633 4648 albugine.

375 4804 419 4871 ¹)
447 4804 750 4875 Postquam
781 4801 839 4858 in
862 4801 1009 4858 libro
1035 4801 1061 4857 1
1086 4802 1154 4857 de
1191 4800 1387 4857 ordine
1413 4804 1800 4856 creaturarum
1895 4799 2066 4854 thodo
2095 4799 2171 4854 ita
2211 4806 2593 4871 exponuntur,
2627 4809 2692 4858 ut
2727 4804 2974 4875 primum
3013 4807 3392 4877 aegritudinis

308 4889 661 4962 disputatum
706 4889 838 4951 fuit,
879 4893 937 4943 et
974 4887 1030 4942 in
1059 4886 1205 4942 libro
1234 4886 1284 4941 ll
1313 4886 1381 4940 de
1408 4885 1656 4940 hominis
1683 4901 1802 4940 cor-
1891 4891 2115 4946 natura,
2155 4885 2288 4939 dein
2327 4888 2641 4944 medicinae
2679 4904 2874 4957 genus,
2906 4896 3258 4964 postmodum
3304 4914 3391 4954 sa-

307 4994 441 5049 pore
467 4982 524 5033 et
548 4978 672 5047 ejus
699 4974 1177 5044 aegritudinibus.
1209 4980 1358 5028 reeta
1391 4972 1523 5027 inde
1552 4972 1640 5027 via
1682 4987 1802 5044 per·
1893 4971 2142 5026 nationis
2165 4973 2309 5027 ratio
2350 4974 2642 5045 perspicue
2662 4975 2999 5039 declaretur.
3026 4982 3388 5048 quemadmo-

307 5063 464 5130 gitur
488 5061 553 5114 ad
585 5062 807 5115 morbos
837 5058 1134 5115 medicinis
1162 5059 1456 5119 sanandos;
1486 5077 1547 5115 ac
1578 5060 1800 5128 singula
1891 5057 2025 5112 dum
2055 5058 2247 5112 statim
2292 5058 2349 5113 in
2380 5059 2562 5130 primo
2598 5060 2871 5131 capitulo,
2900 5065 3144 5134 exempli
3184 5069 3389 5135 gratia.

307 5144 713 5201 medicamenta
753 5162 880 5200 cum
925 5145 1025 5199 hac
1067 5150 1332 5216 perpetua
1373 5151 1428 5199 et
1462 5152 1656 5213 arguta
1688 5161 1798 5200 mc·
1892 5145 2333 5200 demonstratur.
