<?xml version="1.0" encoding="UTF-8"?>
<!DOCTYPE html PUBLIC "-//W3C//DTD XHTML 1.0 Transitional//EN"
    "http://www.w3.org/TR/xhtml1/DTD/xhtml1-transitional.dtd">
<html xmlns="http://www.w3.org/1999/xhtml" xml:lang="en" lang="en">
 <head>
  <title>
</title>
<meta http-equiv="Content-Type" content="text/html;charset=utf-8" />
  <meta name='ocr-system' content='tesseract 3.04.00' />
  <meta name='ocr-capabilities' content='ocr_page ocr_carea ocr_par ocr_line ocrx_word'/>
</head>
<body>
  <div class='ocr_page' id='page_1' title='image "analectasacrasp05pitrgoog_0508.png"; bbox 0 0 4036 6117; ppageno 0'>
   <div class='ocr_carea' id='block_1_1' title="bbox 707 407 2533 474">
    <p class='ocr_par' dir='ltr' id='par_1_1' title="bbox 707 407 2533 474">
     <span class='ocr_line' id='line_1_1' title="bbox 707 407 2533 474; baseline -0.001 0"><span class='ocrx_word' id='word_1_1' title='bbox 707 407 834 474; x_wconf 68' lang='lat'><strong>440</strong></span> <span class='ocrx_word' id='word_1_2' title='bbox 1859 425 1908 468; x_wconf 86' lang='lat' dir='ltr'><strong>s.</strong></span> <span class='ocrx_word' id='word_1_3' title='bbox 1973 422 2533 472; x_wconf 70' lang='lat' dir='ltr'><strong>utLDEGARms</strong></span> 
     </span>
    </p>
   </div>
   <div class='ocr_carea' id='block_1_2' title="bbox 635 541 3352 917">
    <p class='ocr_par' dir='ltr' id='par_1_2' title="bbox 635 541 3352 830">
     <span class='ocr_line' id='line_1_2' title="bbox 635 541 3352 620; baseline -0 -16"><span class='ocrx_word' id='word_1_4' title='bbox 635 541 949 620; x_wconf 81' lang='lat' dir='ltr'><strong>Ingressa</strong></span> <span class='ocrx_word' id='word_1_5' title='bbox 986 545 1049 603; x_wconf 90' lang='lat' dir='ltr'><strong>in</strong></span> <span class='ocrx_word' id='word_1_6' title='bbox 1085 543 1490 616; x_wconf 80' lang='lat' dir='ltr'><strong>cubiculum,</strong></span> <span class='ocrx_word' id='word_1_7' title='bbox 2356 543 2438 602; x_wconf 86' lang='lat' dir='ltr'><strong>Ut</strong></span> <span class='ocrx_word' id='word_1_8' title='bbox 2476 549 2708 617; x_wconf 85' lang='lat' dir='ltr'><strong>mater,</strong></span> <span class='ocrx_word' id='word_1_9' title='bbox 2748 544 2998 604; x_wconf 79' lang='lat' dir='ltr'><strong>Christi</strong></span> <span class='ocrx_word' id='word_1_10' title='bbox 3033 544 3352 620; x_wconf 83' lang='lat' dir='ltr'><strong>parvulos</strong></span> 
     </span>
     <span class='ocr_line' id='line_1_3' title="bbox 721 645 3233 724; baseline -0.009 -13"><span class='ocrx_word' id='word_1_11' title='bbox 721 650 1002 711; x_wconf 85' lang='lat' dir='ltr'><strong>Sacrum</strong></span> <span class='ocrx_word' id='word_1_12' title='bbox 1036 649 1335 723; x_wconf 79' lang='lat' dir='ltr'><strong>percepit</strong></span> <span class='ocrx_word' id='word_1_13' title='bbox 1369 646 1697 718; x_wconf 89' lang='lat' dir='ltr'><strong>osculum,</strong></span> <span class='ocrx_word' id='word_1_14' title='bbox 2356 648 2548 705; x_wconf 77' lang='lat' dir='ltr'><strong>Fovit</strong></span> <span class='ocrx_word' id='word_1_15' title='bbox 2583 664 2701 724; x_wconf 70' lang='lat' dir='ltr'><strong>per</strong></span> <span class='ocrx_word' id='word_1_16' title='bbox 2732 645 2877 707; x_wconf 69' lang='lat' dir='ltr'><strong>dies</strong></span> <span class='ocrx_word' id='word_1_17' title='bbox 2913 648 3233 722; x_wconf 48' lang='lat' dir='ltr'><strong>singulog,</strong></span> 
     </span>
     <span class='ocr_line' id='line_1_4' title="bbox 730 750 2465 830; baseline -0.01 -15"><span class='ocrx_word' id='word_1_18' title='bbox 730 753 936 829; x_wconf 88' lang='lat' dir='ltr'><strong>Cujus</strong></span> <span class='ocrx_word' id='word_1_19' title='bbox 974 752 1099 812; x_wconf 86' lang='lat' dir='ltr'><strong>fuit</strong></span> <span class='ocrx_word' id='word_1_20' title='bbox 1132 750 1513 825; x_wconf 88' lang='lat' dir='ltr'><strong>conjunctio</strong></span> <span class='ocrx_word' id='word_1_21' title='bbox 2456 822 2465 830; x_wconf 35' lang='grc'><strong>.</strong></span> 
     </span>
    </p>

    <p class='ocr_par' dir='ltr' id='par_1_3' title="bbox 730 824 3288 917">
     <span class='ocr_line' id='line_1_5' title="bbox 730 824 3288 917; baseline -0.005 -21"><span class='ocrx_word' id='word_1_22' title='bbox 730 857 1083 917; x_wconf 61' lang='lat' dir='ltr'><strong>Castjtaffis</strong></span> <span class='ocrx_word' id='word_1_23' title='bbox 1119 855 1184 914; x_wconf 73' lang='lat' dir='ltr'><strong>jn</strong></span> <span class='ocrx_word' id='word_1_24' title='bbox 1220 855 1382 913; x_wconf 45' lang='lat'>5150·</span> <span class='ocrx_word' id='word_1_25' title='bbox 2268 824 2451 883; x_wconf 82' lang='lat' dir='ltr'><strong>Nunc</strong></span> <span class='ocrx_word' id='word_1_26' title='bbox 2486 832 2721 901; x_wconf 83' lang='lat' dir='ltr'><strong>potens</strong></span> <span class='ocrx_word' id='word_1_27' title='bbox 2756 829 2906 883; x_wconf 89' lang='lat' dir='ltr'><strong>ante</strong></span> <span class='ocrx_word' id='word_1_28' title='bbox 2942 824 3288 884; x_wconf 84' lang='lat' dir='ltr'><strong>Dominum</strong></span> 
     </span>
    </p>
   </div>
   <div class='ocr_carea' id='block_1_3' title="bbox 2355 928 3323 1107">
    <p class='ocr_par' dir='ltr' id='par_1_4' title="bbox 2355 928 3323 1107">
     <span class='ocr_line' id='line_1_6' title="bbox 2357 928 3307 1002; baseline 0.001 -17"><span class='ocrx_word' id='word_1_29' title='bbox 2357 928 2482 986; x_wconf 83' lang='lat' dir='ltr'><strong>Pro</strong></span> <span class='ocrx_word' id='word_1_30' title='bbox 2521 945 2679 1001; x_wconf 80' lang='lat' dir='ltr'><strong>pace</strong></span> <span class='ocrx_word' id='word_1_31' title='bbox 2718 937 2909 1002; x_wconf 80' lang='lat' dir='ltr'><strong>rogat</strong></span> <span class='ocrx_word' id='word_1_32' title='bbox 2944 928 3307 1001; x_wconf 85' lang='lat' dir='ltr'><strong>hominurn,</strong></span> 
     </span>
     <span class='ocr_line' id='line_1_7' title="bbox 2355 1031 3323 1107; baseline 0.002 -19"><span class='ocrx_word' id='word_1_33' title='bbox 2355 1031 2532 1100; x_wconf 85' lang='lat' dir='ltr'><strong>Quos</strong></span> <span class='ocrx_word' id='word_1_34' title='bbox 2569 1032 2736 1090; x_wconf 89' lang='lat' dir='ltr'><strong>coeli</strong></span> <span class='ocrx_word' id='word_1_35' title='bbox 2768 1032 3004 1107; x_wconf 80' lang='lat' dir='ltr'><strong>jungat</strong></span> <span class='ocrx_word' id='word_1_36' title='bbox 3038 1033 3323 1104; x_wconf 70' lang='lat' dir='ltr'><strong>civibu5‚</strong></span> 
     </span>
    </p>
   </div>
   <div class='ocr_carea' id='block_1_4' title="bbox 643 1097 3232 1210">
    <p class='ocr_par' dir='ltr' id='par_1_5' title="bbox 643 1097 3232 1210">
     <span class='ocr_line' id='line_1_8' title="bbox 643 1097 3232 1210; baseline 0.013 -46"><span class='ocrx_word' id='word_1_37' title='bbox 643 1103 812 1162; x_wconf 74' lang='lat' dir='ltr'><strong>Hinc</strong></span> <span class='ocrx_word' id='word_1_38' title='bbox 846 1117 999 1160; x_wconf 82' lang='lat' dir='ltr'><strong>cum</strong></span> <span class='ocrx_word' id='word_1_39' title='bbox 1031 1097 1497 1158; x_wconf 64' lang='lat' dir='ltr'><strong>benGVOIssntffl</strong></span> <span class='ocrx_word' id='word_1_40' title='bbox 2359 1135 2795 1210; x_wconf 84' lang='lat' dir='ltr'><strong>Sempiternis</strong></span> <span class='ocrx_word' id='word_1_41' title='bbox 2832 1139 2894 1196; x_wconf 92' lang='lat' dir='ltr'><strong>in</strong></span> <span class='ocrx_word' id='word_1_42' title='bbox 2931 1139 3232 1198; x_wconf 80' lang='lat' dir='ltr'><strong>aedibuS.</strong></span> 
     </span>
    </p>
   </div>
   <div class='ocr_carea' id='block_1_5' title="bbox 734 1202 1401 1280">
    <p class='ocr_par' dir='ltr' id='par_1_6' title="bbox 734 1202 1401 1280">
     <span class='ocr_line' id='line_1_9' title="bbox 734 1202 1401 1280; baseline -0.007 -16"><span class='ocrx_word' id='word_1_43' title='bbox 734 1206 1015 1280; x_wconf 86' lang='lat' dir='ltr'><strong>Repleta</strong></span> <span class='ocrx_word' id='word_1_44' title='bbox 1050 1202 1401 1276; x_wconf 83' lang='lat' dir='ltr'><strong>sapientia,</strong></span> 
     </span>
    </p>
   </div>
   <div class='ocr_carea' id='block_1_6' title="bbox 648 1303 3312 2261">
    <p class='ocr_par' dir='ltr' id='par_1_7' title="bbox 648 1303 3312 2261">
     <span class='ocr_line' id='line_1_10' title="bbox 732 1303 3312 1393; baseline -0.001 -13"><span class='ocrx_word' id='word_1_45' title='bbox 732 1308 1030 1368; x_wconf 69' lang='grc' dir='ltr'><strong>Αὲῑΐῑῧῖᾶ</strong></span> <span class='ocrx_word' id='word_1_46' title='bbox 1063 1306 1249 1381; x_wconf 64' lang='grc' dir='ltr'><strong>133οῑ8</strong></span> <span class='ocrx_word' id='word_1_47' title='bbox 1285 1303 1551 1363; x_wconf 63' lang='grc' dir='ltr'><strong>Ῡθθᾶθΐθ</strong></span> <span class='ocrx_word' id='word_1_48' title='bbox 2269 1318 2572 1376; x_wconf 74' lang='lat' dir='ltr'><strong>Praestet</strong></span> <span class='ocrx_word' id='word_1_49' title='bbox 2608 1317 2732 1376; x_wconf 87' lang='lat' dir='ltr'><strong>hoc</strong></span> <span class='ocrx_word' id='word_1_50' title='bbox 2769 1318 2961 1376; x_wconf 87' lang='lat' dir='ltr'><strong>nobis</strong></span> <span class='ocrx_word' id='word_1_51' title='bbox 2996 1318 3312 1393; x_wconf 79' lang='lat' dir='ltr'><strong>TrinitaS,</strong></span> 
     </span>
     <span class='ocr_line' id='line_1_11' title="bbox 735 1409 3198 1497; baseline 0.004 -27"><span class='ocrx_word' id='word_1_52' title='bbox 735 1413 807 1471; x_wconf 90' lang='lat' dir='ltr'><strong>In</strong></span> <span class='ocrx_word' id='word_1_53' title='bbox 843 1411 1196 1471; x_wconf 86' lang='lat' dir='ltr'><strong>charitatis</strong></span> <span class='ocrx_word' id='word_1_54' title='bbox 1230 1409 1527 1468; x_wconf 87' lang='lat' dir='ltr'><strong>vulnere.</strong></span> <span class='ocrx_word' id='word_1_55' title='bbox 2360 1419 2649 1497; x_wconf 82' lang='lat' dir='ltr'><strong>Simplex</strong></span> <span class='ocrx_word' id='word_1_56' title='bbox 2686 1426 2753 1480; x_wconf 91' lang='lat' dir='ltr'><strong>et</strong></span> <span class='ocrx_word' id='word_1_57' title='bbox 2787 1437 2915 1480; x_wconf 90' lang='lat' dir='ltr'><strong>una</strong></span> <span class='ocrx_word' id='word_1_58' title='bbox 2948 1420 3198 1493; x_wconf 76' lang='lat' dir='ltr'><strong>DeitaS‚</strong></span> 
     </span>
     <span class='ocr_line' id='line_1_12' title="bbox 2362 1523 3083 1599; baseline 0.003 -18"><span class='ocrx_word' id='word_1_59' title='bbox 2362 1523 2560 1583; x_wconf 87' lang='lat' dir='ltr'><strong>Pater</strong></span> <span class='ocrx_word' id='word_1_60' title='bbox 2593 1530 2658 1583; x_wconf 83' lang='lat' dir='ltr'><strong>et</strong></span> <span class='ocrx_word' id='word_1_61' title='bbox 2690 1525 3083 1599; x_wconf 85' lang='lat' dir='ltr'><strong>Unigenitus</strong></span> 
     </span>
     <span class='ocr_line' id='line_1_13' title="bbox 648 1623 3190 1705; baseline 0 -18"><span class='ocrx_word' id='word_1_62' title='bbox 648 1629 804 1688; x_wconf 89' lang='lat' dir='ltr'><strong>Inde</strong></span> <span class='ocrx_word' id='word_1_63' title='bbox 839 1627 1053 1702; x_wconf 88' lang='lat' dir='ltr'><strong>plenis</strong></span> <span class='ocrx_word' id='word_1_64' title='bbox 1091 1623 1411 1683; x_wconf 79' lang='lat' dir='ltr'><strong>uberibus</strong></span> <span class='ocrx_word' id='word_1_65' title='bbox 2363 1629 2442 1687; x_wconf 86' lang='lat' dir='ltr'><strong>Et</strong></span> <span class='ocrx_word' id='word_1_66' title='bbox 2475 1629 2761 1705; x_wconf 80' lang='lat' dir='ltr'><strong>Spiritus</strong></span> <span class='ocrx_word' id='word_1_67' title='bbox 2795 1629 3190 1688; x_wconf 79' lang='lat' dir='ltr'><strong>paraclitus,</strong></span> 
     </span>
     <span class='ocr_line' id='line_1_14' title="bbox 732 1724 2950 1794; baseline -0.005 -1"><span class='ocrx_word' id='word_1_68' title='bbox 732 1734 934 1793; x_wconf 84' lang='lat' dir='ltr'><strong>Dives</strong></span> <span class='ocrx_word' id='word_1_69' title='bbox 969 1728 1184 1790; x_wconf 85' lang='lat' dir='ltr'><strong>sacris</strong></span> <span class='ocrx_word' id='word_1_70' title='bbox 1220 1724 1636 1794; x_wconf 85' lang='lat' dir='ltr'><strong>muneribus,</strong></span> <span class='ocrx_word' id='word_1_71' title='bbox 2722 1734 2950 1792; x_wconf 75' lang='lat' dir='ltr'><strong>Amen,</strong></span> 
     </span>
     <span class='ocr_line' id='line_1_15' title="bbox 1910 2185 2479 2261; baseline 0.004 -4"><span class='ocrx_word' id='word_1_72' title='bbox 1910 2185 1982 2257; x_wconf 89' lang='lat' dir='ltr'>M</span> <span class='ocrx_word' id='word_1_73' title='bbox 2003 2185 2064 2258; x_wconf 94' lang='grc' dir='ltr'>Ο</span> <span class='ocrx_word' id='word_1_74' title='bbox 2084 2187 2151 2259; x_wconf 86' lang='lat' dir='ltr'>N</span> <span class='ocrx_word' id='word_1_75' title='bbox 2176 2187 2211 2259; x_wconf 94' lang='lat' dir='ltr'>I</span> <span class='ocrx_word' id='word_1_76' title='bbox 2232 2187 2293 2259; x_wconf 91' lang='lat' dir='ltr'>T</span> <span class='ocrx_word' id='word_1_77' title='bbox 2314 2188 2384 2261; x_wconf 90' lang='lat' dir='ltr'>U</span> <span class='ocrx_word' id='word_1_78' title='bbox 2405 2188 2479 2259; x_wconf 90' lang='lat' dir='ltr'>M</span> 
     </span>
    </p>
   </div>
   <div class='ocr_carea' id='block_1_7' title="bbox 655 2439 3739 3255">
    <p class='ocr_par' dir='ltr' id='par_1_8' title="bbox 655 2439 3739 3255">
     <span class='ocr_line' id='line_1_16' title="bbox 655 2439 3737 2536; baseline -0.011 -18"><span class='ocrx_word' id='word_1_79' title='bbox 655 2460 1119 2536; x_wconf 77' lang='lat' dir='ltr'><strong>Opportunum</strong></span> <span class='ocrx_word' id='word_1_80' title='bbox 1144 2454 1284 2508; x_wconf 80' lang='lat' dir='ltr'><strong>erat</strong></span> <span class='ocrx_word' id='word_1_81' title='bbox 1323 2447 1544 2503; x_wconf 85' lang='lat' dir='ltr'><strong>statim</strong></span> <span class='ocrx_word' id='word_1_82' title='bbox 1579 2441 1865 2516; x_wconf 82' lang='lat' dir='ltr'><strong>adjicere</strong></span> <span class='ocrx_word' id='word_1_83' title='bbox 1918 2440 2353 2515; x_wconf 81' lang='lat' dir='ltr'><strong>appendicem</strong></span> <span class='ocrx_word' id='word_1_84' title='bbox 2403 2439 2483 2497; x_wconf 88' lang='lat' dir='ltr'><strong>ad</strong></span> <span class='ocrx_word' id='word_1_85' title='bbox 2536 2439 2799 2499; x_wconf 81' lang='lat' dir='ltr'><strong>litteras</strong></span> <span class='ocrx_word' id='word_1_86' title='bbox 2849 2442 3296 2520; x_wconf 74' lang='lat' dir='ltr'><strong>Hildeqardis,</strong></span> <span class='ocrx_word' id='word_1_87' title='bbox 3349 2462 3565 2520; x_wconf 68' lang='lat' dir='ltr'><strong>supra</strong></span> <span class='ocrx_word' id='word_1_88' title='bbox 3602 2459 3737 2520; x_wconf 69' lang='lat' dir='ltr'><strong>pro.</strong></span> 
     </span>
     <span class='ocr_line' id='line_1_17' title="bbox 744 2544 3730 2633; baseline -0.007 -12"><span class='ocrx_word' id='word_1_89' title='bbox 744 2565 1016 2620; x_wconf 81' lang='lat' dir='ltr'><strong>missam</strong></span> <span class='ocrx_word' id='word_1_90' title='bbox 1046 2576 1110 2633; x_wconf 84' lang='lat' dir='ltr'><strong>p.</strong></span> <span class='ocrx_word' id='word_1_91' title='bbox 1148 2547 1300 2613; x_wconf 84' lang='lat'><em>431.</em></span> <span class='ocrx_word' id='word_1_92' title='bbox 1335 2550 1462 2610; x_wconf 81' lang='lat' dir='ltr'><strong>Sed</strong></span> <span class='ocrx_word' id='word_1_93' title='bbox 1496 2552 1806 2607; x_wconf 78' lang='lat' dir='ltr'><strong>currente</strong></span> <span class='ocrx_word' id='word_1_94' title='bbox 1835 2544 2067 2619; x_wconf 81' lang='lat' dir='ltr'><strong>praelo</strong></span> <span class='ocrx_word' id='word_1_95' title='bbox 2104 2546 2322 2614; x_wconf 78' lang='lat' dir='ltr'><strong>citius,</strong></span> <span class='ocrx_word' id='word_1_96' title='bbox 2366 2549 2671 2620; x_wconf 81' lang='lat' dir='ltr'><strong>typorum</strong></span> <span class='ocrx_word' id='word_1_97' title='bbox 2702 2549 2865 2619; x_wconf 88' lang='lat' dir='ltr'><strong>rota,</strong></span> <span class='ocrx_word' id='word_1_98' title='bbox 2898 2549 3084 2622; x_wconf 81' lang='lat' dir='ltr'><strong>quasi</strong></span> <span class='ocrx_word' id='word_1_99' title='bbox 3109 2565 3329 2605; x_wconf 82' lang='lat' dir='ltr'><strong>morae</strong></span> <span class='ocrx_word' id='word_1_100' title='bbox 3360 2549 3730 2624; x_wconf 70' lang='lat' dir='ltr'><strong>impatiens,</strong></span> 
     </span>
     <span class='ocr_line' id='line_1_18' title="bbox 749 2649 3737 2735; baseline -0.006 -9"><span class='ocrx_word' id='word_1_101' title='bbox 749 2667 834 2725; x_wconf 88' lang='lat' dir='ltr'><strong>ad</strong></span> <span class='ocrx_word' id='word_1_102' title='bbox 871 2658 1292 2735; x_wconf 75' lang='lat' dir='ltr'><strong>Hildeqardis</strong></span> <span class='ocrx_word' id='word_1_103' title='bbox 1329 2655 1627 2714; x_wconf 82' lang='lat' dir='ltr'><strong>carmina</strong></span> <span class='ocrx_word' id='word_1_104' title='bbox 1677 2667 1855 2708; x_wconf 79' lang='lat' dir='ltr'><strong>coeco</strong></span> <span class='ocrx_word' id='word_1_105' title='bbox 1891 2650 2145 2723; x_wconf 77' lang='lat' dir='ltr'><strong>impetu</strong></span> <span class='ocrx_word' id='word_1_106' title='bbox 2178 2649 2579 2722; x_wconf 78' lang='lat' dir='ltr'><strong>properavit.</strong></span> <span class='ocrx_word' id='word_1_107' title='bbox 2633 2649 2770 2708; x_wconf 78' lang='lat' dir='ltr'><strong>Nec</strong></span> <span class='ocrx_word' id='word_1_108' title='bbox 2798 2652 3001 2726; x_wconf 75' lang='lat' dir='ltr'><strong>piqet:</strong></span> <span class='ocrx_word' id='word_1_109' title='bbox 3038 2653 3380 2728; x_wconf 75' lang='lat' dir='ltr'><strong>appendix</strong></span> <span class='ocrx_word' id='word_1_110' title='bbox 3414 2656 3601 2711; x_wconf 80' lang='lat' dir='ltr'><strong>enim</strong></span> <span class='ocrx_word' id='word_1_111' title='bbox 3634 2667 3737 2727; x_wconf 79' lang='lat' dir='ltr'><strong>quo</strong></span> 
     </span>
     <span class='ocr_line' id='line_1_19' title="bbox 749 2735 3739 2839; baseline -0.007 -10"><span class='ocrx_word' id='word_1_112' title='bbox 749 2769 1028 2839; x_wconf 82' lang='lat' dir='ltr'><strong>tardior,</strong></span> <span class='ocrx_word' id='word_1_113' title='bbox 1066 2781 1137 2821; x_wconf 86' lang='lat' dir='ltr'><strong>eo</strong></span> <span class='ocrx_word' id='word_1_114' title='bbox 1170 2760 1431 2820; x_wconf 76' lang='lat' dir='ltr'><strong>uberior</strong></span> <span class='ocrx_word' id='word_1_115' title='bbox 1462 2758 1700 2834; x_wconf 76' lang='lat' dir='ltr'><strong>futura</strong></span> <span class='ocrx_word' id='word_1_116' title='bbox 1733 2759 1848 2810; x_wconf 83' lang='lat' dir='ltr'><strong>est.</strong></span> <span class='ocrx_word' id='word_1_117' title='bbox 1889 2735 2173 2809; x_wconf 76' lang='lat' dir='ltr'><strong>Interim</strong></span> <span class='ocrx_word' id='word_1_118' title='bbox 2208 2754 2382 2809; x_wconf 62' lang='lat' dir='ltr'><strong>lianc</strong></span> <span class='ocrx_word' id='word_1_119' title='bbox 2418 2751 2633 2809; x_wconf 80' lang='lat' dir='ltr'><strong>locum</strong></span> <span class='ocrx_word' id='word_1_120' title='bbox 2669 2771 2945 2813; x_wconf 81' lang='lat' dir='ltr'><strong>vacuum</strong></span> <span class='ocrx_word' id='word_1_121' title='bbox 2976 2756 3134 2832; x_wconf 79' lang='lat' dir='ltr'><strong>plus</strong></span> <span class='ocrx_word' id='word_1_122' title='bbox 3178 2759 3401 2814; x_wconf 77' lang='lat' dir='ltr'><strong>minus</strong></span> <span class='ocrx_word' id='word_1_123' title='bbox 3453 2765 3607 2832; x_wconf 79' lang='lat' dir='ltr'><strong>apte</strong></span> <span class='ocrx_word' id='word_1_124' title='bbox 3638 2757 3739 2812; x_wconf 79' lang='lat' dir='ltr'><strong>im·</strong></span> 
     </span>
     <span class='ocr_line' id='line_1_20' title="bbox 744 2853 3733 2949; baseline -0.006 -18"><span class='ocrx_word' id='word_1_125' title='bbox 744 2873 978 2949; x_wconf 80' lang='lat' dir='ltr'><strong>pleant</strong></span> <span class='ocrx_word' id='word_1_126' title='bbox 1011 2864 1347 2934; x_wconf 83' lang='lat' dir='ltr'><strong>versiculi,</strong></span> <span class='ocrx_word' id='word_1_127' title='bbox 1384 2877 1541 2937; x_wconf 81' lang='lat' dir='ltr'><strong>quos</strong></span> <span class='ocrx_word' id='word_1_128' title='bbox 1575 2859 1654 2916; x_wconf 87' lang='lat' dir='ltr'><strong>de</strong></span> <span class='ocrx_word' id='word_1_129' title='bbox 1695 2857 1808 2916; x_wconf 83' lang='lat' dir='ltr'><strong>SS.</strong></span> <span class='ocrx_word' id='word_1_130' title='bbox 1849 2853 2210 2914; x_wconf 82' lang='lat' dir='ltr'><strong>Benedicto</strong></span> <span class='ocrx_word' id='word_1_131' title='bbox 2244 2859 2305 2911; x_wconf 86' lang='lat' dir='ltr'><strong>et</strong></span> <span class='ocrx_word' id='word_1_132' title='bbox 2347 2855 2575 2913; x_wconf 76' lang='lat' dir='ltr'><strong>Mauro</strong></span> <span class='ocrx_word' id='word_1_133' title='bbox 2613 2854 2965 2916; x_wconf 81' lang='lat' dir='ltr'><strong>Guibertus</strong></span> <span class='ocrx_word' id='word_1_134' title='bbox 3014 2860 3276 2937; x_wconf 82' lang='lat' dir='ltr'><strong>effudit,</strong></span> <span class='ocrx_word' id='word_1_135' title='bbox 3305 2863 3433 2919; x_wconf 82' lang='lat' dir='ltr'><strong>huc</strong></span> <span class='ocrx_word' id='word_1_136' title='bbox 3472 2875 3619 2917; x_wconf 80' lang='lat' dir='ltr'><strong>vero</strong></span> <span class='ocrx_word' id='word_1_137' title='bbox 3647 2858 3733 2914; x_wconf 79' lang='lat' dir='ltr'><strong>in-</strong></span> 
     </span>
     <span class='ocr_line' id='line_1_21' title="bbox 755 2960 3734 3047; baseline -0.009 -11"><span class='ocrx_word' id='word_1_138' title='bbox 755 2983 959 3036; x_wconf 84' lang='lat' dir='ltr'><strong>sertos</strong></span> <span class='ocrx_word' id='word_1_139' title='bbox 1016 2975 1221 3033; x_wconf 80' lang='lat' dir='ltr'><strong>veluti</strong></span> <span class='ocrx_word' id='word_1_140' title='bbox 1269 2971 1584 3047; x_wconf 73' lang='grc' dir='ltr'>μνημόσυνα</span> <span class='ocrx_word' id='word_1_141' title='bbox 1633 2963 2079 3023; x_wconf 81' lang='lat' dir='ltr'><strong>saecularium</strong></span> <span class='ocrx_word' id='word_1_142' title='bbox 2133 2960 2196 3020; x_wconf 88' lang='lat' dir='ltr'><strong>S.</strong></span> <span class='ocrx_word' id='word_1_143' title='bbox 2236 2961 2667 3021; x_wconf 76' lang='lat' dir='ltr'><strong>patriarchae</strong></span> <span class='ocrx_word' id='word_1_144' title='bbox 2714 2966 3065 3040; x_wconf 79' lang='lat' dir='ltr'><strong>festorum,</strong></span> <span class='ocrx_word' id='word_1_145' title='bbox 3117 2970 3188 3026; x_wconf 82' lang='lat' dir='ltr'><strong>in</strong></span> <span class='ocrx_word' id='word_1_146' title='bbox 3247 2968 3637 3027; x_wconf 67' lang='lat' dir='ltr'><strong>Pentecoste</strong></span> <span class='ocrx_word' id='word_1_147' title='bbox 3686 2982 3734 3020; x_wconf 70' lang='lat' dir='ltr'><strong>a,</strong></span> 
     </span>
     <span class='ocr_line' id='line_1_22' title="bbox 762 3063 3737 3146; baseline -0.013 -4"><span class='ocrx_word' id='word_1_148' title='bbox 762 3071 1429 3146; x_wconf 76' lang='lat' dir='ltr'><strong>CID.DCCC.LXXX,</strong></span> <span class='ocrx_word' id='word_1_149' title='bbox 1467 3072 1624 3129; x_wconf 81' lang='lat' dir='ltr'><strong>dum</strong></span> <span class='ocrx_word' id='word_1_150' title='bbox 1651 3073 1809 3130; x_wconf 85' lang='lat' dir='ltr'><strong>haec</strong></span> <span class='ocrx_word' id='word_1_151' title='bbox 1835 3069 1905 3125; x_wconf 90' lang='lat' dir='ltr'><strong>in</strong></span> <span class='ocrx_word' id='word_1_152' title='bbox 1927 3065 2161 3141; x_wconf 80' lang='lat' dir='ltr'><strong>praelo</strong></span> <span class='ocrx_word' id='word_1_153' title='bbox 2198 3063 2541 3140; x_wconf 82' lang='lat' dir='ltr'><strong>sudarent,</strong></span> <span class='ocrx_word' id='word_1_154' title='bbox 2571 3073 3133 3131; x_wconf 58' lang='lat' dir='ltr'><strong>concurrentium,</strong></span> <span class='ocrx_word' id='word_1_155' title='bbox 3166 3074 3375 3133; x_wconf 61' lang='lat' dir='ltr'><strong>poeta</strong></span> <span class='ocrx_word' id='word_1_156' title='bbox 3397 3089 3554 3129; x_wconf 62' lang='lat' dir='ltr'><em>vero</em></span> <span class='ocrx_word' id='word_1_157' title='bbox 3579 3089 3637 3128; x_wconf 66' lang='lat'><strong>33</strong></span> <span class='ocrx_word' id='word_1_158' title='bbox 3668 3066 3737 3123; x_wconf 67' lang='lat' dir='ltr'><strong>ad</strong></span> 
     </span>
     <span class='ocr_line' id='line_1_23' title="bbox 758 3168 3452 3255; baseline -0.009 -8"><span class='ocrx_word' id='word_1_159' title='bbox 758 3187 1126 3247; x_wconf 77' lang='lat' dir='ltr'><strong>Martinam</strong></span> <span class='ocrx_word' id='word_1_160' title='bbox 1159 3181 1411 3255; x_wconf 72' lang='lat' dir='ltr'><strong>diriqit,</strong></span> <span class='ocrx_word' id='word_1_161' title='bbox 1450 3177 1610 3234; x_wconf 83' lang='lat' dir='ltr'><strong>dum</strong></span> <span class='ocrx_word' id='word_1_162' title='bbox 1645 3170 1785 3245; x_wconf 79' lang='lat' dir='ltr'><strong>ejus</strong></span> <span class='ocrx_word' id='word_1_163' title='bbox 1821 3171 2107 3250; x_wconf 62' lang='lat' dir='ltr'><strong>cultores</strong></span> <span class='ocrx_word' id='word_1_164' title='bbox 2139 3168 2505 3227; x_wconf 83' lang='lat' dir='ltr'><strong>introducit</strong></span> <span class='ocrx_word' id='word_1_165' title='bbox 2544 3173 2982 3233; x_wconf 82' lang='lat' dir='ltr'><strong>Benedictum</strong></span> <span class='ocrx_word' id='word_1_166' title='bbox 3019 3183 3082 3235; x_wconf 81' lang='lat' dir='ltr'><strong>et</strong></span> <span class='ocrx_word' id='word_1_167' title='bbox 3119 3177 3452 3236; x_wconf 52' lang='lat' dir='ltr'><strong>Mam-mm</strong></span> 
     </span>
    </p>
   </div>
   <div class='ocr_carea' id='block_1_8' title="bbox 675 3433 3211 5072">
    <p class='ocr_par' dir='ltr' id='par_1_9' title="bbox 675 3433 3211 5072">
     <span class='ocr_line' id='line_1_24' title="bbox 1187 3433 3025 3510; baseline -0.002 -10"><span class='ocrx_word' id='word_1_168' title='bbox 1187 3438 1625 3500; x_wconf 75' lang='lat' dir='ltr'><strong>BENEDICI&#39;US</strong></span> <span class='ocrx_word' id='word_1_169' title='bbox 2363 3433 2671 3494; x_wconf 80' lang='lat' dir='ltr'><strong>Scolastica</strong></span> <span class='ocrx_word' id='word_1_170' title='bbox 2693 3440 2811 3510; x_wconf 81' lang='lat' dir='ltr'><strong>jam</strong></span> <span class='ocrx_word' id='word_1_171' title='bbox 2839 3456 3025 3497; x_wconf 87' lang='lat' dir='ltr'><strong>sorore</strong></span> 
     </span>
     <span class='ocr_line' id='line_1_25' title="bbox 2368 3517 2991 3597; baseline 0.018 -25"><span class='ocrx_word' id='word_1_172' title='bbox 2368 3517 2583 3576; x_wconf 82' lang='lat' dir='ltr'><strong>[bidem</strong></span> <span class='ocrx_word' id='word_1_173' title='bbox 2609 3523 2720 3579; x_wconf 80' lang='lat' dir='ltr'><strong>sita</strong></span> <span class='ocrx_word' id='word_1_174' title='bbox 2748 3526 2991 3597; x_wconf 74' lang='lat' dir='ltr'><strong>virgine,</strong></span> 
     </span>
     <span class='ocr_line' id='line_1_26' title="bbox 675 3611 1301 3682; baseline -0.01 -11"><span class='ocrx_word' id='word_1_175' title='bbox 675 3618 703 3671; x_wconf 78' lang='lat'>1</span> <span class='ocrx_word' id='word_1_176' title='bbox 746 3632 803 3671; x_wconf 88' lang='lat' dir='ltr'><strong>se</strong></span> <span class='ocrx_word' id='word_1_177' title='bbox 830 3616 996 3670; x_wconf 83' lang='lat' dir='ltr'><strong>Pater</strong></span> <span class='ocrx_word' id='word_1_178' title='bbox 1020 3611 1301 3682; x_wconf 80' lang='lat' dir='ltr'><strong>egregius,</strong></span> 
     </span>
     <span class='ocr_line' id='line_1_27' title="bbox 709 3632 3181 3770; baseline -0.005 -13"><span class='ocrx_word' id='word_1_179' title='bbox 709 3632 882 3758; x_wconf 74' lang='lat' dir='ltr'><strong>pTam</strong></span> <span class='ocrx_word' id='word_1_180' title='bbox 909 3698 1088 3770; x_wconf 84' lang='lat' dir='ltr'><strong>gratia</strong></span> <span class='ocrx_word' id='word_1_181' title='bbox 1115 3694 1454 3753; x_wconf 80' lang='lat' dir='ltr'><strong>Benedictus</strong></span> <span class='ocrx_word' id='word_1_182' title='bbox 2880 3657 3181 3717; x_wconf 65' lang='lat' dir='ltr'>MAURUS</span> 
     </span>
     <span class='ocr_line' id='line_1_28' title="bbox 747 3781 3028 3856; baseline -0.002 -14"><span class='ocrx_word' id='word_1_183' title='bbox 747 3790 931 3856; x_wconf 82' lang='lat' dir='ltr'><strong>Quam</strong></span> <span class='ocrx_word' id='word_1_184' title='bbox 958 3784 1209 3847; x_wconf 86' lang='lat' dir='ltr'><strong>nomine,</strong></span> <span class='ocrx_word' id='word_1_185' title='bbox 1239 3782 1426 3838; x_wconf 84' lang='lat' dir='ltr'><strong>schola</strong></span> <span class='ocrx_word' id='word_1_186' title='bbox 1453 3790 1697 3836; x_wconf 89' lang='lat' dir='ltr'><strong>morum.</strong></span> <span class='ocrx_word' id='word_1_187' title='bbox 2265 3781 2401 3836; x_wconf 83' lang='lat' dir='ltr'><strong>Nam</strong></span> <span class='ocrx_word' id='word_1_188' title='bbox 2430 3791 2487 3840; x_wconf 84' lang='lat' dir='ltr'><strong>et</strong></span> <span class='ocrx_word' id='word_1_189' title='bbox 2516 3787 2711 3844; x_wconf 79' lang='lat' dir='ltr'><strong>vivens</strong></span> <span class='ocrx_word' id='word_1_190' title='bbox 2736 3790 3028 3847; x_wconf 74' lang='lat' dir='ltr'><strong>carissimo</strong></span> 
     </span>
     <span class='ocr_line' id='line_1_29' title="bbox 745 3868 2984 3949; baseline 0.001 -18"><span class='ocrx_word' id='word_1_191' title='bbox 745 3874 1058 3944; x_wconf 81' lang='lat' dir='ltr'><strong>Legislator</strong></span> <span class='ocrx_word' id='word_1_192' title='bbox 1084 3868 1512 3927; x_wconf 83' lang='lat' dir='ltr'><strong>monachorum,</strong></span> <span class='ocrx_word' id='word_1_193' title='bbox 2336 3871 2502 3927; x_wconf 82' lang='lat' dir='ltr'><strong>Pater</strong></span> <span class='ocrx_word' id='word_1_194' title='bbox 2528 3873 2676 3929; x_wconf 85' lang='lat' dir='ltr'><strong>idem</strong></span> <span class='ocrx_word' id='word_1_195' title='bbox 2702 3875 2984 3949; x_wconf 86' lang='lat' dir='ltr'><strong>discipulo</strong></span> 
     </span>
     <span class='ocr_line' id='line_1_30' title="bbox 751 3952 3205 4025; baseline -0 -7"><span class='ocrx_word' id='word_1_196' title='bbox 751 3963 873 4018; x_wconf 79' lang='lat' dir='ltr'><strong>Lux</strong></span> <span class='ocrx_word' id='word_1_197' title='bbox 897 3974 1214 4022; x_wconf 87' lang='lat' dir='ltr'><strong>coecorum,</strong></span> <span class='ocrx_word' id='word_1_198' title='bbox 1241 3958 1356 4012; x_wconf 88' lang='lat' dir='ltr'><strong>dux</strong></span> <span class='ocrx_word' id='word_1_199' title='bbox 1383 3952 1734 4012; x_wconf 81' lang='lat' dir='ltr'><strong>claudorum.</strong></span> <span class='ocrx_word' id='word_1_200' title='bbox 2334 3957 2486 4024; x_wconf 85' lang='lat' dir='ltr'><strong>Quas</strong></span> <span class='ocrx_word' id='word_1_201' title='bbox 2512 3959 2779 4025; x_wconf 83' lang='lat' dir='ltr'><strong>habebat,</strong></span> <span class='ocrx_word' id='word_1_202' title='bbox 2805 3962 3024 4025; x_wconf 84' lang='lat' dir='ltr'><strong>Mauro,</strong></span> <span class='ocrx_word' id='word_1_203' title='bbox 3053 3961 3121 4017; x_wconf 89' lang='lat' dir='ltr'><strong>de</strong></span> <span class='ocrx_word' id='word_1_204' title='bbox 3151 3965 3205 4016; x_wconf 80' lang='lat' dir='ltr'><strong>te</strong></span> 
     </span>
     <span class='ocr_line' id='line_1_31' title="bbox 749 4044 2934 4119; baseline 0 -15"><span class='ocrx_word' id='word_1_205' title='bbox 749 4050 860 4104; x_wconf 86' lang='lat' dir='ltr'><strong>Tot</strong></span> <span class='ocrx_word' id='word_1_206' title='bbox 887 4048 1068 4103; x_wconf 79' lang='lat' dir='ltr'><strong>millia</strong></span> <span class='ocrx_word' id='word_1_207' title='bbox 1098 4049 1453 4119; x_wconf 80' lang='lat' dir='ltr'><strong>peccatorum</strong></span> <span class='ocrx_word' id='word_1_208' title='bbox 2334 4044 2474 4100; x_wconf 89' lang='lat' dir='ltr'><strong>Cum</strong></span> <span class='ocrx_word' id='word_1_209' title='bbox 2503 4046 2633 4102; x_wconf 86' lang='lat' dir='ltr'><strong>aliis</strong></span> <span class='ocrx_word' id='word_1_210' title='bbox 2658 4047 2934 4104; x_wconf 83' lang='lat' dir='ltr'><strong>direxisse</strong></span> 
     </span>
     <span class='ocr_line' id='line_1_32' title="bbox 750 4126 3014 4205; baseline -0.001 -14"><span class='ocrx_word' id='word_1_211' title='bbox 750 4137 863 4204; x_wconf 89' lang='lat' dir='ltr'><strong>Qui</strong></span> <span class='ocrx_word' id='word_1_212' title='bbox 889 4134 1148 4192; x_wconf 80' lang='lat' dir='ltr'><strong>doctriua</strong></span> <span class='ocrx_word' id='word_1_213' title='bbox 1174 4146 1302 4189; x_wconf 89' lang='lat' dir='ltr'><strong>cum</strong></span> <span class='ocrx_word' id='word_1_214' title='bbox 1329 4126 1554 4184; x_wconf 83' lang='lat' dir='ltr'><strong>meritis</strong></span> <span class='ocrx_word' id='word_1_215' title='bbox 2338 4131 2695 4188; x_wconf 81' lang='lat' dir='ltr'><strong>Describitur</strong></span> <span class='ocrx_word' id='word_1_216' title='bbox 2720 4134 3014 4205; x_wconf 84' lang='lat' dir='ltr'><strong>reliquias,</strong></span> 
     </span>
     <span class='ocr_line' id='line_1_33' title="bbox 749 4216 3170 4290; baseline -0.001 -12"><span class='ocrx_word' id='word_1_217' title='bbox 749 4224 867 4279; x_wconf 82' lang='lat' dir='ltr'><strong>Sua</strong></span> <span class='ocrx_word' id='word_1_218' title='bbox 893 4223 1071 4277; x_wconf 81' lang='lat' dir='ltr'><strong>salvat</strong></span> <span class='ocrx_word' id='word_1_219' title='bbox 1097 4225 1155 4275; x_wconf 89' lang='lat' dir='ltr'><strong>et</strong></span> <span class='ocrx_word' id='word_1_220' title='bbox 1181 4216 1479 4290; x_wconf 82' lang='lat' dir='ltr'><strong>exemplis,</strong></span> <span class='ocrx_word' id='word_1_221' title='bbox 2335 4217 2523 4284; x_wconf 90' lang='lat' dir='ltr'><strong>Quum</strong></span> <span class='ocrx_word' id='word_1_222' title='bbox 2555 4219 2822 4275; x_wconf 84' lang='lat' dir='ltr'><strong>transiret</strong></span> <span class='ocrx_word' id='word_1_223' title='bbox 2848 4220 2910 4275; x_wconf 90' lang='lat' dir='ltr'><strong>in</strong></span> <span class='ocrx_word' id='word_1_224' title='bbox 2933 4220 3170 4283; x_wconf 80' lang='lat' dir='ltr'><strong>Gallias.</strong></span> 
     </span>
     <span class='ocr_line' id='line_1_34' title="bbox 753 4301 3040 4377; baseline 0 -15"><span class='ocrx_word' id='word_1_225' title='bbox 753 4307 869 4362; x_wconf 86' lang='lat' dir='ltr'><strong>lste</strong></span> <span class='ocrx_word' id='word_1_226' title='bbox 897 4311 1089 4361; x_wconf 84' lang='lat' dir='ltr'><strong>tantus</strong></span> <span class='ocrx_word' id='word_1_227' title='bbox 1115 4303 1207 4377; x_wconf 85' lang='lat' dir='ltr'><strong>pie</strong></span> <span class='ocrx_word' id='word_1_228' title='bbox 1238 4310 1391 4359; x_wconf 85' lang='lat' dir='ltr'><strong>tuam</strong></span> <span class='ocrx_word' id='word_1_229' title='bbox 2336 4301 2477 4373; x_wconf 88' lang='lat' dir='ltr'><strong>Ejus</strong></span> <span class='ocrx_word' id='word_1_230' title='bbox 2504 4309 2646 4358; x_wconf 86' lang='lat' dir='ltr'><strong>nutu</strong></span> <span class='ocrx_word' id='word_1_231' title='bbox 2673 4305 3040 4362; x_wconf 84' lang='lat' dir='ltr'><strong>construendi</strong></span> 
     </span>
     <span class='ocr_line' id='line_1_35' title="bbox 755 4389 3019 4451; baseline 0 -5"><span class='ocrx_word' id='word_1_232' title='bbox 755 4391 1022 4446; x_wconf 85' lang='lat' dir='ltr'><strong>Excoluit</strong></span> <span class='ocrx_word' id='word_1_233' title='bbox 1048 4390 1400 4451; x_wconf 85' lang='lat' dir='ltr'><strong>memoriam,</strong></span> <span class='ocrx_word' id='word_1_234' title='bbox 2343 4389 2450 4443; x_wconf 88' lang='lat' dir='ltr'><strong>Pro</strong></span> <span class='ocrx_word' id='word_1_235' title='bbox 2476 4405 2642 4445; x_wconf 81' lang='lat' dir='ltr'><strong>causa</strong></span> <span class='ocrx_word' id='word_1_236' title='bbox 2669 4390 3019 4447; x_wconf 79' lang='lat' dir='ltr'><strong>monasterii:</strong></span> 
     </span>
     <span class='ocr_line' id='line_1_36' title="bbox 759 4475 3211 4542; baseline -0.001 -8"><span class='ocrx_word' id='word_1_237' title='bbox 759 4479 831 4534; x_wconf 84' lang='lat' dir='ltr'><strong>Et</strong></span> <span class='ocrx_word' id='word_1_238' title='bbox 860 4479 920 4533; x_wconf 88' lang='lat' dir='ltr'><strong>iu</strong></span> <span class='ocrx_word' id='word_1_239' title='bbox 947 4495 1047 4534; x_wconf 90' lang='lat' dir='ltr'><strong>suo</strong></span> <span class='ocrx_word' id='word_1_240' title='bbox 1077 4477 1185 4532; x_wconf 83' lang='lat' dir='ltr'><strong>tibi</strong></span> <span class='ocrx_word' id='word_1_241' title='bbox 1213 4488 1497 4532; x_wconf 90' lang='lat' dir='ltr'><strong>summum</strong></span> <span class='ocrx_word' id='word_1_242' title='bbox 2340 4475 2452 4542; x_wconf 88' lang='lat' dir='ltr'><strong>Qui</strong></span> <span class='ocrx_word' id='word_1_243' title='bbox 2482 4493 2550 4532; x_wconf 87' lang='lat' dir='ltr'><strong>ue</strong></span> <span class='ocrx_word' id='word_1_244' title='bbox 2577 4477 2664 4533; x_wconf 71' lang='lat' dir='ltr'><strong>vel</strong></span> <span class='ocrx_word' id='word_1_245' title='bbox 2692 4477 2826 4534; x_wconf 86' lang='lat' dir='ltr'><strong>hinc</strong></span> <span class='ocrx_word' id='word_1_246' title='bbox 2854 4476 3211 4534; x_wconf 81' lang='lat' dir='ltr'><strong>sanctissimo</strong></span> 
     </span>
     <span class='ocr_line' id='line_1_37' title="bbox 753 4561 3070 4635; baseline -0 -15"><span class='ocrx_word' id='word_1_247' title='bbox 753 4563 987 4620; x_wconf 83' lang='lat' dir='ltr'><strong>Cassino</strong></span> <span class='ocrx_word' id='word_1_248' title='bbox 1013 4563 1182 4619; x_wconf 85' lang='lat' dir='ltr'><strong>cessit</strong></span> <span class='ocrx_word' id='word_1_249' title='bbox 1209 4561 1436 4617; x_wconf 83' lang='lat' dir='ltr'><strong>solium:</strong></span> <span class='ocrx_word' id='word_1_250' title='bbox 2340 4563 2696 4635; x_wconf 83' lang='lat' dir='ltr'><strong>Discreparet</strong></span> <span class='ocrx_word' id='word_1_251' title='bbox 2721 4579 2750 4617; x_wconf 83' lang='lat' dir='ltr'><strong>a</strong></span> <span class='ocrx_word' id='word_1_252' title='bbox 2778 4564 3070 4633; x_wconf 82' lang='lat' dir='ltr'><strong>magistro,</strong></span> 
     </span>
     <span class='ocr_line' id='line_1_38' title="bbox 756 4650 3197 4724; baseline -0.002 -15"><span class='ocrx_word' id='word_1_253' title='bbox 756 4653 1050 4709; x_wconf 82' lang='lat' dir='ltr'><strong>Adventus</strong></span> <span class='ocrx_word' id='word_1_254' title='bbox 1078 4652 1263 4724; x_wconf 89' lang='lat' dir='ltr'><strong>primo</strong></span> <span class='ocrx_word' id='word_1_255' title='bbox 1292 4657 1538 4722; x_wconf 85' lang='lat' dir='ltr'><strong>tempore</strong></span> <span class='ocrx_word' id='word_1_256' title='bbox 2339 4650 2635 4720; x_wconf 89' lang='lat' dir='ltr'><strong>Templum</strong></span> <span class='ocrx_word' id='word_1_257' title='bbox 2664 4656 2720 4706; x_wconf 85' lang='lat' dir='ltr'><strong>et</strong></span> <span class='ocrx_word' id='word_1_258' title='bbox 2748 4651 2866 4722; x_wconf 90' lang='lat' dir='ltr'><strong>ipse</strong></span> <span class='ocrx_word' id='word_1_259' title='bbox 2895 4650 3197 4715; x_wconf 80' lang='lat' dir='ltr'><strong>fabricans,</strong></span> 
     </span>
     <span class='ocr_line' id='line_1_39' title="bbox 755 4734 3019 4805; baseline -0.003 -7"><span class='ocrx_word' id='word_1_260' title='bbox 755 4741 884 4804; x_wconf 87' lang='lat' dir='ltr'><strong>Sui,</strong></span> <span class='ocrx_word' id='word_1_261' title='bbox 916 4747 1013 4795; x_wconf 87' lang='lat' dir='ltr'><strong>tuo</strong></span> <span class='ocrx_word' id='word_1_262' title='bbox 1039 4741 1145 4795; x_wconf 89' lang='lat' dir='ltr'><strong>sub</strong></span> <span class='ocrx_word' id='word_1_263' title='bbox 1171 4740 1404 4800; x_wconf 86' lang='lat' dir='ltr'><strong>honore,</strong></span> <span class='ocrx_word' id='word_1_264' title='bbox 2342 4734 2581 4805; x_wconf 82' lang='lat' dir='ltr'><strong>Jurique</strong></span> <span class='ocrx_word' id='word_1_265' title='bbox 2608 4740 2706 4791; x_wconf 90' lang='lat' dir='ltr'><strong>tuo</strong></span> <span class='ocrx_word' id='word_1_266' title='bbox 2732 4734 3019 4799; x_wconf 74' lang='lat' dir='ltr'><strong>dedicanS.</strong></span> 
     </span>
     <span class='ocr_line' id='line_1_40' title="bbox 760 4822 3107 4894; baseline -0.003 -11"><span class='ocrx_word' id='word_1_267' title='bbox 760 4829 829 4883; x_wconf 73' lang='lat' dir='ltr'><strong>{n</strong></span> <span class='ocrx_word' id='word_1_268' title='bbox 854 4842 981 4881; x_wconf 84' lang='lat' dir='ltr'><strong>area</strong></span> <span class='ocrx_word' id='word_1_269' title='bbox 1010 4825 1221 4882; x_wconf 84' lang='lat' dir='ltr'><strong>montis</strong></span> <span class='ocrx_word' id='word_1_270' title='bbox 1247 4838 1448 4879; x_wconf 78' lang='lat' dir='ltr'><strong>novam</strong></span> <span class='ocrx_word' id='word_1_271' title='bbox 2346 4823 2493 4875; x_wconf 80' lang='lat' dir='ltr'><strong>Ante</strong></span> <span class='ocrx_word' id='word_1_272' title='bbox 2522 4827 2761 4877; x_wconf 86' lang='lat' dir='ltr'><strong>mortem</strong></span> <span class='ocrx_word' id='word_1_273' title='bbox 2789 4822 3107 4894; x_wconf 85' lang='lat' dir='ltr'><strong>septennio,</strong></span> 
     </span>
     <span class='ocr_line' id='line_1_41' title="bbox 754 4909 3026 4978; baseline -0.004 -7"><span class='ocrx_word' id='word_1_274' title='bbox 754 4915 1124 4971; x_wconf 85' lang='lat' dir='ltr'><strong>Constituens</strong></span> <span class='ocrx_word' id='word_1_275' title='bbox 1152 4912 1467 4974; x_wconf 83' lang='lat' dir='ltr'><strong>basilicam,</strong></span> <span class='ocrx_word' id='word_1_276' title='bbox 2347 4909 2676 4964; x_wconf 84' lang='lat' dir='ltr'><strong>Successore</strong></span> <span class='ocrx_word' id='word_1_277' title='bbox 2702 4909 3026 4978; x_wconf 77' lang='lat' dir='ltr'><strong>subrogate.</strong></span> 
     </span>
     <span class='ocr_line' id='line_1_42' title="bbox 760 4997 3045 5072; baseline -0.004 -15"><span class='ocrx_word' id='word_1_278' title='bbox 760 5002 829 5057; x_wconf 79' lang='lat' dir='ltr'><strong>ln</strong></span> <span class='ocrx_word' id='word_1_279' title='bbox 857 5017 967 5072; x_wconf 82' lang='lat' dir='ltr'><strong>qua</strong></span> <span class='ocrx_word' id='word_1_280' title='bbox 998 5002 1223 5056; x_wconf 80' lang='lat' dir='ltr'><strong>tandem</strong></span> <span class='ocrx_word' id='word_1_281' title='bbox 1252 5005 1309 5055; x_wconf 85' lang='lat' dir='ltr'><strong>et</strong></span> <span class='ocrx_word' id='word_1_282' title='bbox 1335 5000 1583 5071; x_wconf 81' lang='lat' dir='ltr'><strong>seipsum</strong></span> <span class='ocrx_word' id='word_1_283' title='bbox 2335 4999 2399 5052; x_wconf 88' lang='lat' dir='ltr'><strong>In</strong></span> <span class='ocrx_word' id='word_1_284' title='bbox 2440 4998 2633 5053; x_wconf 84' lang='lat' dir='ltr'><strong>eodem</strong></span> <span class='ocrx_word' id='word_1_285' title='bbox 2660 5001 2745 5052; x_wconf 81' lang='lat' dir='ltr'><strong>est</strong></span> <span class='ocrx_word' id='word_1_286' title='bbox 2772 4997 3045 5057; x_wconf 84' lang='lat' dir='ltr'><strong>reclusus,</strong></span> 
     </span>
    </p>
   </div>
   <div class='ocr_carea' id='block_1_9' title="bbox 760 5083 3199 5160">
    <p class='ocr_par' dir='ltr' id='par_1_10' title="bbox 760 5083 3199 5160">
     <span class='ocr_line' id='line_1_43' title="bbox 760 5083 3199 5160; baseline -0.004 -13"><span class='ocrx_word' id='word_1_287' title='bbox 760 5087 976 5160; x_wconf 83' lang='lat' dir='ltr'><strong>Deponi</strong></span> <span class='ocrx_word' id='word_1_288' title='bbox 1008 5086 1144 5143; x_wconf 81' lang='lat' dir='ltr'><strong>fecit</strong></span> <span class='ocrx_word' id='word_1_289' title='bbox 1172 5094 1481 5147; x_wconf 84' lang='lat' dir='ltr'><strong>mortuum,</strong></span> <span class='ocrx_word' id='word_1_290' title='bbox 2052 5155 2055 5158; x_wconf 10' lang='grc' dir='ltr'><em>Α</em></span> <span class='ocrx_word' id='word_1_291' title='bbox 2352 5088 2422 5144; x_wconf 82' lang='lat' dir='ltr'><strong>Et</strong></span> <span class='ocrx_word' id='word_1_292' title='bbox 2450 5090 2575 5159; x_wconf 84' lang='lat' dir='ltr'><strong>post</strong></span> <span class='ocrx_word' id='word_1_293' title='bbox 2600 5089 2839 5142; x_wconf 83' lang='lat' dir='ltr'><strong>mortem</strong></span> <span class='ocrx_word' id='word_1_294' title='bbox 2870 5083 3199 5138; x_wconf 83' lang='lat' dir='ltr'><strong>tumulatus.</strong></span> 
     </span>
    </p>
   </div>
   <div class='ocr_carea' id='block_1_10' title="bbox 3936 2248 3942 2946">
    <p class='ocr_par' dir='ltr' id='par_1_11' title="bbox 3936 2248 3942 2946">
     <span class='ocr_line' id='line_1_44' title="bbox 3936 2248 3942 2946; baseline 0 0"><span class='ocrx_word' id='word_1_295' title='bbox 3936 2248 3942 2946; x_wconf 95' lang='lat' dir='ltr'><strong> </strong></span> 
     </span>
    </p>
   </div>
   <div class='ocr_carea' id='block_1_11' title="bbox 3935 3366 3942 4473">
    <p class='ocr_par' dir='ltr' id='par_1_12' title="bbox 3935 3366 3942 4473">
     <span class='ocr_line' id='line_1_45' title="bbox 3935 3366 3942 4473; baseline 0 0"><span class='ocrx_word' id='word_1_296' title='bbox 3935 3366 3942 4473; x_wconf 95' lang='lat' dir='ltr'><strong> </strong></span> 
     </span>
    </p>
   </div>
  </div>
 </body>
</html>
