4036 6117
1389 553 1620 600 Lmen
1668 550 1867 598 vrrAE
1920 548 2410 597 nemronuu.
2462 548 2519 592 r.
2572 547 2634 590 v.
3361 527 3487 587 189

1961 761 2066 819 xl.

1460 974 1875 1049 Responsum
1923 969 2219 1030 coelestis
2270 969 2539 1028 Gaudii.

554 1163 659 1226 16.
696 1164 822 1224 Sed
868 1163 949 1223 de
998 1163 1345 1240 praedicta
1393 1162 1661 1223 turbida
1709 1162 1882 1222 nube
1931 1160 2161 1221 audivi
2212 1175 2442 1220 vocem
2493 1159 2617 1218 hoc
2681 1171 3072 1233 responsum
3122 1155 3220 1215 illi
3261 1154 3548 1215 dantem:

478 1289 510 1329 α
547 1270 598 1329 Ο
632 1285 831 1329 coeca
877 1274 946 1328 et
979 1267 1205 1342 surda,
1243 1273 1318 1328 tu
1348 1266 1568 1326 nescis
1603 1265 1761 1341 quid
1798 1266 1970 1327 intra
2002 1268 2068 1325 te
2102 1264 2419 1341 loqueris.
2452 1262 2630 1322 Deus
2673 1262 3007 1322 hominem
3041 1258 3332 1319 lucidum
3366 1273 3553 1318 crea-

466 1388 500 1430 >
536 1373 655 1446 vit,
694 1371 810 1432 sed
858 1378 1133 1448 propter
1164 1370 1810 1447 praevaricationem
1858 1384 2050 1429 suam
2086 1367 2373 1444 Serpens
2423 1367 2611 1427 illum
2659 1367 2726 1425 in
2767 1364 2942 1424 hunc
2975 1362 3195 1423 lacum
3237 1360 3550 1420 miseriae

467 1492 499 1531 ι
538 1475 820 1536 seduxit.
869 1475 1055 1535 Nunc
1103 1475 1316 1535 solem
1362 1480 1431 1534 et
1478 1473 1704 1533 lunam
1751 1478 1819 1532 et
1867 1473 2101 1533 stellas
2148 1479 2216 1532 et
2263 1488 2527 1532 omnem
2575 1476 2884 1530 ornatum
2932 1466 3297 1527 viriditatis
3332 1470 3550 1523 terrae

466 1591 498 1630 »
539 1574 815 1650 inspice,
842 1582 909 1635 et
943 1576 1317 1650 considera,
1346 1581 1661 1652 quantam
1691 1576 2211 1651 prosperitatem
2236 1572 2410 1633 Deus
2445 1572 2696 1633 homini
2732 1586 2885 1630 cum
2919 1571 3055 1631 illis
3094 1568 3232 1642 dat,
3270 1582 3420 1626 cum
3455 1568 3551 1625 ta-

465 1695 499 1737 >
538 1696 689 1740 men
724 1679 921 1740 homo
973 1681 1039 1739 in
1080 1680 1291 1739 multa
1340 1680 1717 1739 temeritate
1766 1681 2000 1740 contra
2047 1678 2256 1738 Deum
2303 1684 2553 1753 peccet.
2600 1677 2696 1736 Tu
2747 1673 3166 1734 fraudulenta
3212 1676 3280 1730 et
3312 1668 3548 1729 dolosa

463 1800 495 1839 ι
533 1786 601 1843 et
636 1784 838 1858 impia
886 1798 983 1858 eS,
1037 1797 1432 1858 semperque
1481 1782 1848 1858 gehennam
1900 1783 1966 1842 in
2020 1781 2262 1841 fiducia
2310 1784 2425 1841 tua
2459 1780 2687 1854 habeS,
2738 1794 2861 1838 nec
2906 1777 3063 1851 scis,
3114 1790 3238 1834 nec
3286 1773 3546 1847 cogitas

465 1903 498 1943 ι»
538 1894 710 1963 quae
759 1887 943 1947 salus
977 1904 1016 1946 a
1046 1885 1180 1947 Deo
1231 1888 1339 1947 sit.
1378 1887 1537 1959 Quis
1572 1887 1695 1947 tibi
1741 1886 1856 1946 dat
1889 1902 1966 1946 ea
2014 1902 2187 1963 quae
2237 1887 2303 1945 in
2345 1884 2451 1944 his
2501 1883 2742 1943 lucidis
2791 1886 2858 1943 et
2896 1881 3091 1942 bonis
3141 1878 3370 1952 habes,
3421 1876 3552 1936 nisi

464 2007 496 2047 ι
536 1989 746 2050 Deus?
781 1990 944 2051 Cum
979 1990 1124 2051 dies
1159 1991 1240 2051 ad
1275 1996 1341 2051 te
1375 1992 1612 2066 currit,
1651 1992 1868 2066 ipsum
1902 1986 1947 2070 ¹)
1982 1993 2246 2050 noctem
2279 1989 2608 2063 nominas;
2643 1994 2710 2048 et
2758 2003 2909 2047 cum
2944 1986 3129 2046 salus
3172 1983 3295 2043 tibi
3334 1980 3545 2053 adest,

463 2111 495 2150 »
535 2094 749 2168 ipsam
795 2094 968 2155 dicis
1016 2110 1168 2155 esse
1216 2093 1778 2169 maledictionem;
1824 2100 1892 2154 et
1939 2110 2092 2154 cum
2141 2109 2372 2154 omnes
2406 2108 2650 2154 causae
2685 2095 2753 2152 et
2794 2107 2901 2151 res
2935 2092 3090 2151 tuae
3122 2088 3335 2149 bonae
3370 2089 3546 2158 sunt,

466 2214 498 2254 ι
537 2211 652 2258 eas
684 2198 900 2259 malas
933 2215 1082 2259 esse
1118 2199 1311 2260 dicis.
1344 2198 1526 2258 Unde
1559 2198 1948 2275 gehennalis
1980 2198 2077 2258 esi
2124 2216 2156 2256 1>

550 2299 654 2361 17.
696 2320 728 2360 α
764 2301 901 2378 Ego
951 2308 1173 2362 autem
1223 2303 1483 2362 coelum
1532 2302 1768 2377 habe0,
1804 2318 1956 2361 cum
2003 2302 2230 2362 omnia
2278 2318 2450 2380 quae
2497 2303 2676 2364 Deus
2708 2303 2986 2377 creavit,
3025 2302 3204 2360 recte
3238 2297 3544 2375 inspici0,

465 2421 500 2462 ι
538 2404 715 2480 quod
751 2406 824 2465 tu
870 2407 1180 2466 nocivum
1206 2407 1532 2467 nominee.
1566 2406 1614 2466 F
1620 2408 1797 2467 lores
1831 2421 2100 2483 quoque
2150 2422 2457 2466 rosarum
2490 2410 2557 2467 et
2588 2407 2886 2467 liliorum
2924 2412 2993 2464 et
3024 2420 3285 2464 omnem
3317 2401 3549 2462 viridi-

466 2525 498 2564 »
538 2510 741 2568 tatem
794 2509 860 2568 in
892 2509 1113 2570 sinum
1147 2525 1369 2569 meum
1417 2510 1658 2570 leniter
1693 2510 1961 2587 colligo,
1995 2526 2148 2571 cum
2196 2511 2417 2572 omnia
2450 2526 2653 2587 opera
2685 2509 2802 2569 Dei
2838 2507 3058 2583 laudo,
3096 2509 3163 2567 in
3197 2506 3442 2583 quibus
3475 2512 3548 2566 tu

462 2628 494 2667 ι
532 2611 832 2672 dolorem
878 2611 1134 2673 doloris
1181 2613 1265 2673 ad
1300 2619 1364 2673 te
1413 2614 1704 2690 colligi5‚
1740 2630 1892 2675 cum
1944 2616 2009 2674 in
2044 2615 2355 2675 omnibus
2403 2614 2719 2690 operibus
2753 2614 2888 2674 tuis
2922 2613 3139 2674 tristis
3179 2628 3273 2672 es.
3309 2611 3406 2672 Tu
3438 2625 3550 2687 ge-

466 2731 498 2771 )
538 2712 935 2775 hennalibus
985 2706 1337 2791 spiritibus
1372 2716 1618 2777 similis
1650 2732 1748 2792 eS,
1788 2717 1903 2793 qui
1934 2733 2055 2794 per
2088 2719 2307 2778 omnia
2340 2733 2544 2794 opera
2576 2734 2698 2779 sua
2728 2716 2940 2776 Deum
2988 2730 3250 2791 semper
3281 2718 3546 2790 negant.

464 2831 498 2873 ι
537 2814 643 2875 Sic
667 2831 790 2891 ego
817 2833 948 2877 non
984 2816 1179 2892 facim
1217 2818 1334 2878 sed
1362 2819 1583 2879 omnia
1617 2835 1819 2896 opera
1855 2835 2001 2880 mea
2033 2819 2168 2881 Deo
2203 2822 2450 2895 tribue,
2488 2821 2802 2896 quoniam
2844 2820 2912 2878 in
2944 2818 3234 2895 quadam
3267 2818 3549 2879 tristitia

464 2936 498 2978 ι
535 2920 793 2982 laetitia
840 2925 965 2998 est,
1017 2929 1085 2983 et
1135 2923 1202 2982 in
1250 2924 1535 2999 quodam
1586 2925 1828 3001 gaudio
1877 2926 2319 3002 prosperitas;
2372 2943 2502 2986 non
2542 2932 2646 2986 est
2691 2933 2765 2987 ut
2805 2924 2948 2985 dies
2992 2929 3059 2984 et
3109 2930 3179 2984 ut
3213 2940 3338 2983 nox
3371 2928 3546 2983 sunt.

467 3043 502 3085 ι
533 3025 703 3108 ¹Nam
752 3025 1306 3104 quemadmodum
1355 3025 1532 3087 Deus
1580 3027 1757 3088 diem
1795 3034 1863 3088 et
1910 3031 2174 3089 noctem
2223 3029 2593 3104 constituit,
2645 3030 2744 3089 sic
2790 3027 2993 3089 etiam
3035 3032 3224 3103 gesta
3256 3025 3547 3086 hominis

467 3149 500 3189 s
541 3135 715 3190 sunt.
768 3130 933 3191 Cum
981 3132 1162 3191 enim
1210 3131 1495 3192 avaritia
1544 3137 1843 3192 castrum
1893 3149 2091 3193 suum
2140 3133 2469 3208 aedificat,
2510 3133 2687 3192 Deus
2738 3129 2901 3190 illud
2950 3131 3083 3190 cito
3131 3129 3438 3202 destruit3
3482 3131 3550 3189 et

467 3252 499 3292 ι
536 3249 690 3294 curn
721 3249 879 3294 caro
913 3235 1261 3295 lasciviam
1292 3233 1654 3309 desiderat,
1683 3234 1857 3296 Deus
1892 3236 2077 3297 illam
2114 3236 2561 3296 conculcando
2596 3235 2905 3311 percutit3
2951 3235 3018 3292 et
3052 3248 3204 3291 cum
3235 3231 3549 3307 voluptas

466 3356 500 3397 ›
539 3339 763 3398 carnis
800 3338 868 3398 in
898 3354 1069 3398 vana
1104 3338 1319 3414 gloria
1353 3354 1590 3415 gyrum
1624 3340 1793 3399 coeli
1827 3340 2114 3399 circuire
2138 3340 2313 3414 vult,
2347 3338 2523 3399 Deus
2561 3340 2743 3398 illam
2775 3336 3209 3413 percutiendo
3240 3334 3547 3412 dissipat.

471 3464 503 3504 ι
542 3445 726 3518 Quod
769 3446 1022 3522 justum
1058 3449 1125 3508 et
1173 3452 1432 3507 rectum
1464 3452 1590 3507 est.
1618 3447 1783 3507 Nam
1818 3448 2073 3524 inspice
2120 3448 2515 3525 qualitatem
2547 3447 2897 3506 volucrum
2930 3445 3123 3519 coeli,
3166 3449 3236 3504 et
3268 3443 3555 3520 qualita-

466 3566 500 3607 ›
540 3555 675 3610 tem
706 3551 1154 3624 pessimorum
1186 3551 1515 3611 vermium
1548 3557 1791 3626 terrae,
1820 3553 2133 3629 quoniam
2169 3558 2238 3612 et
2269 3552 2469 3613 utiles
2502 3557 2569 3611 et
2616 3551 2884 3612 inutiles
2918 3555 3095 3625 sunt,
3131 3551 3440 3626 quamvis
3475 3566 3548 3609 se

467 3669 500 3709 »
541 3653 826 3713 invicem
872 3652 1212 3714 devorent.
1255 3652 1306 3733 ²)
1341 3653 1448 3714 Sic
1479 3657 1892 3732 prosperitas
1927 3659 2130 3733 atque
2162 3656 2541 3716 adversitas
2575 3655 2828 3715 saeculi
2875 3655 3048 3714 sunt.
3092 3654 3232 3714 Non
3280 3655 3545 3714 omnino

467 3775 499 3815 ι
537 3757 945 3834 abjiciendae
972 3763 1149 3833 sunt,
1173 3757 1290 3818 sed
1315 3758 1509 3819 utilia
1537 3759 1823 3834 inutilia,
1858 3765 1926 3820 et
1958 3760 2223 3821 inutilia
2255 3761 2447 3820 utilia
2480 3765 2788 3835 purgant,
2826 3759 3003 3819 sicut
3041 3774 3281 3819 aurum
3314 3759 3382 3818 in
3416 3757 3548 3818 for-

467 3877 502 3918 »
539 3875 700 3920 nace
735 3859 1075 3935 probatur.
1113 3862 1210 3920 Tu
1241 3865 1467 3920 autem
1500 3863 1675 3936 parti
1706 3855 1756 3940 ³)
1794 3863 2126 3924 inutilium
2177 3864 2540 3938 consentiS,
2591 3861 2768 3939 quod
2801 3877 2923 3938 ego
2972 3878 3103 3921 non
3153 3861 3346 3921 faci0.
3380 3861 3545 3921 Nam

468 3979 502 4020 2
543 3962 734 4024 utilia
766 3966 833 4025 et
866 3964 1128 4023 inutilia
1161 3964 1261 4023 sic
1292 3970 1627 4041 computo,
1657 3965 2218 4041 quemadmodum
2251 3965 2428 4026 Deus
2459 3982 2539 4026 ea
2571 3966 2939 4026 constituit.
2980 3964 3216 4026 Anima
3257 3964 3540 4038 coelum,

471 4083 503 4122 ι
541 4080 697 4126 caro
731 4072 979 4127 terram
1030 4069 1340 4142 testatur,
1375 4073 1444 4127 et
1475 4083 1631 4127 caro
1664 4070 1957 4129 animam
1990 4068 2252 4145 affligit,
2289 4069 2509 4129 anima
2544 4075 2765 4129 autem
2814 4083 3083 4128 carnem
3123 4067 3541 4145 constringit.

470 4188 502 4227 »
543 4169 719 4231 Unde
754 4171 959 4232 stulta
993 4176 1062 4230 et
1092 4186 1315 4247 coeca,
1353 4171 1511 4248 quid
1549 4172 1872 4249 loquaris,
1910 4173 2281 4235 considera.
2320 4193 2352 4231 s

555 4271 659 4334 18.
692 4272 773 4333 Et
803 4289 959 4334 ecce
992 4289 1218 4334 coram
1251 4275 1554 4351 praefato
1586 4277 1733 4336 viro
1782 4292 2030 4338 aeneus
2066 4276 2288 4352 fustiS,
2324 4278 2401 4338 ut.
2433 4277 2633 4338 fustis
2672 4277 3095 4353 percussoris
3136 4283 3263 4352 est,
3301 4278 3544 4354 abysso

469 4376 704 4437 infixus
752 4376 1139 4452 apparebat,
1191 4379 1305 4454 qui
1341 4378 1465 4438 hac
1513 4381 1579 4439 et
1610 4379 1789 4455 illac,
1835 4381 2030 4458 quasi
2079 4380 2162 4442 ad
2198 4381 2727 4458 percutiendum,
2765 4382 3180 4453 movebatur.
3213 4382 3292 4442 Et
3325 4389 3545 4444 motus
3608 4395 3615 4403 ·

467 4478 611 4555 ejus
645 4497 878 4541 sonum
917 4482 1014 4541 sic
1047 4481 1378 4543 dicentem
1414 4482 1751 4544 reddebat:

1946 4680 2079 4742 XII.

1621 4876 1835 4938 Sonus
1899 4879 2095 4938 aenei
2143 4876 2203 4939 F
2200 4880 2386 4940 ustis.

558 5077 664 5140 19.
704 5098 737 5139 ι
774 5079 826 5140 Ο
851 5081 1201 5143 irrisiones
1224 5079 1648 5162 perditionis,
1683 5098 1855 5162 quae
1880 5083 2014 5147 Deo
2048 5103 2170 5150 vos
2204 5089 2566 5169 opponitis,
2601 5088 2906 5155 volentes
2939 5087 3205 5150 culmen
3234 5084 3547 5147 ascende—

541 5231 583 5298 ¹)
612 5231 876 5305 ipsamA.
905 5234 994 5292 W.
1027 5236 1162 5305 -²)
1190 5235 1451 5296 devoram
1475 5236 1542 5297 Α.
1575 5269 1641 5280 -
1665 5236 1892 5312 ⁸)paraec
1915 5238 2010 5298 W.
