4036 6117
725 374 856 436 470
1841 393 1894 440 s.
1945 394 2507 441 ntnnssoaams.

654 510 995 588 pentinam
1043 510 1498 571 ebullitionem
1548 517 1615 571 et
1663 514 2111 588 periculosam
2165 516 2665 576 inundationem
2723 531 3051 591 aquarum
3100 517 3475 595 aliquando
3523 517 3719 578 educit

652 617 720 674 et
768 614 976 674 mittit
1028 615 1090 674 in
1139 623 1417 685 terram,
1468 623 1534 674 et
1585 617 1732 676 inde
1782 625 2223 694 tempestates
2288 627 2443 679 sunt
2492 622 2559 679 et
2606 619 2879 680 nubium
2946 622 3276 698 diruptio:
3344 623 3536 682 velut
3595 638 3717 681 cnm

656 717 790 779 olla
837 717 922 779 ad
973 734 1284 793 magnum
1334 719 1552 794 ignem
1602 721 1846 795 posita,
1900 726 2172 799 repente
2219 724 2455 784 ebullit
2504 730 2571 782 ct
2621 739 2927 799 spumam
2976 726 3179 800 ejicit.
3215 725 3294 785 Et
3332 725 3463 784 hae
3513 731 3724 801 tempe·

659 831 873 884 states
924 827 1320 900 saepissimo
1357 828 1769 902 contingunt,
1824 832 1939 888 aut
1972 836 2247 905 propter
2295 830 2661 905 praeterita
2712 831 2886 890 mala
2922 847 3040 905 per
3083 831 3415 906 judicium
3452 831 3589 903 Dei,
3634 837 3725 888 aut

658 934 933 1005 propter
975 928 1116 1004 jam
1171 934 1555 1007 perpetrata
1608 933 1782 990 mala
1831 949 2037 1007 opera
2088 933 2466 1009 hominum,
2520 941 2637 994 aut
2695 940 2969 1011 propter
3015 936 3112 994 sic
3167 933 3608 1010 significanda
3652 932 3729 992 fu·

660 1037 815 1091 tura
861 1034 1162 1107 pericula
1211 1036 1313 1094 vel
1350 1035 1700 1110 bellorum,
1740 1037 1844 1096 vel
1883 1036 2103 1112 famiS,
2142 1039 2250 1097 vel
2285 1039 2675 1099 subitaneae
2713 1039 2972 1112 mortis3
3011 1040 3168 1114 quia
3210 1039 3560 1115 quaelibet
3604 1053 3729 1112 ope-

661 1152 738 1196 ra
784 1142 1016 1195 nostra
1070 1141 1351 1212 tangunt
1398 1140 1764 1214 elementa,
1825 1147 1892 1200 et
1939 1141 2091 1200 inde
2156 1143 2667 1216 concutiuntur,
2732 1143 2892 1217 quia
2939 1143 3141 1202 etiarn
3190 1158 3345 1202 cum
3408 1140 3728 1200 elementis

659 1246 1041 1301 versantur.
1078 1241 1240 1301 Cum
1286 1245 1508 1303 autem
1559 1246 1774 1304 minor
1807 1247 1992 1304 calor
2039 1253 2105 1306 et
2142 1245 2368 1305 fervor
2402 1246 2575 1320 ignis
2613 1248 2678 1306 in
2728 1245 3000 1306 aethere
3030 1253 3155 1321 est,
3212 1248 3547 1307 minorem
3577 1245 3733 1304 ebul-

663 1346 966 1406 litionem
1022 1353 1090 1406 et
1138 1348 1635 1409 inundationem
1685 1367 2012 1425 aquarum
2070 1352 2355 1423 emittit,
2409 1352 2590 1410 velut
2637 1352 2842 1412 etiam
2891 1353 3115 1428 aliqua
3171 1353 3331 1425 olla,
3386 1350 3499 1410 cui
3549 1350 3733 1409 minor

612 1510 621 1519 ,
657 1451 836 1526 ignis
878 1453 1267 1528 suppositus
1301 1459 1427 1528 est,
1480 1471 1650 1530 quae
1704 1455 1852 1515 inde
1905 1471 2181 1530 parvam
2215 1455 2678 1515 ebullitionem
2706 1458 2770 1516 et
2820 1472 3127 1531 spumam
3175 1457 3385 1532 ejicit.
3430 1456 3595 1515 Cum
3639 1469 3728 1510 ve-

668 1572 744 1614 ro
793 1572 908 1615 aer
942 1558 1007 1616 in
1058 1557 1205 1630 igne
1255 1561 1320 1617 et
1367 1575 1540 1634 aqua
1593 1562 2005 1636 temperatus
2056 1565 2182 1633 est,
2238 1575 2512 1619 suavem
2565 1560 2957 1633 temperiem
3006 1559 3277 1634 emittit,
3332 1562 3407 1619 et
3456 1564 3529 1617 ut
3561 1560 3731 1616 etiam

665 1662 800 1721 olla
836 1662 918 1721 ad
941 1664 1394 1737 temperatum
1432 1663 1645 1738 ignem
1698 1664 1939 1739 posita,
1992 1665 2293 1724 suaviter
2340 1666 2534 1724 calet.
2587 1663 2710 1723 Sed
2754 1681 2906 1723 cum
2955 1666 3057 1724 sol
3107 1681 3385 1724 sursum
3435 1663 3730 1735 ascendit,

671 1764 766 1827 ita
817 1769 887 1826 ut
939 1767 1108 1842 ignis
1158 1766 1304 1841 ejus
1355 1768 1416 1825 in
1468 1768 1889 1827 altitudinem
1939 1768 2109 1827 coeli
2162 1768 2427 1828 fortiter
2473 1768 2745 1844 ardeat,
2806 1774 2963 1828 tunc
3009 1769 3213 1827 etiam
3264 1768 3601 1828 interdum
3646 1782 3737 1824 aer

671 1870 896 1931 siccus
944 1874 1011 1930 et
1067 1871 1297 1930 aridus
1349 1871 1428 1930 de
1486 1873 1723 1931 ardore
1773 1873 1937 1932 solis
1985 1879 2114 1947 est,
2167 1876 2367 1950 atque
2419 1874 2591 1947 ignis
2649 1872 2947 1949 ejusdem
2998 1874 3164 1933 solis
3215 1873 3443 1947 ignem
3494 1867 3736 1930 tonitrui

674 1975 1005 2034 interdum
1043 1976 1276 2051 tangit.

765 2082 859 2139 De
910 2083 1222 2140 tonitruo.
1261 2082 1423 2141 Nam
1476 2084 1541 2142 in
1592 2084 1886 2143 tonitruo
1933 2083 2277 2158 J'udicialis
2332 2083 2502 2158 ignis
2550 2087 2617 2142 et
2669 2082 2882 2155 frigus
2929 2088 2996 2141 et
3046 2081 3220 2142 fetor
3260 2087 3395 2149 est.
3449 2080 3572 2140 Sed
3615 2095 3737 2139 cum

672 2184 1034 2260 aliquando
1085 2186 1258 2260 ignis
1310 2187 1587 2247 tonitrui
1635 2187 1718 2246 ab
1754 2187 1901 2262 igne
1954 2187 2121 2246 solis
2172 2189 2511 2263 tangitur,
2553 2193 2708 2247 tunc
2760 2187 2870 2245 ille
2918 2192 3293 2246 commotus
3352 2187 3738 2261 aliquantum

679 2290 946 2367 fulgura
982 2293 1240 2352 modice
1274 2294 1541 2354 emittit.

765 2397 858 2456 De
907 2397 1196 2474 fulqure.
1232 2397 1310 2457 Et
1348 2397 1603 2457 modice
1653 2398 2180 2472 submurmurat,
2233 2403 2301 2457 et
2350 2399 2450 2458 sic
2506 2404 2750 2473 cessat,
2806 2398 2989 2458 velut
3037 2397 3235 2458 homo
3270 2398 3391 2472 qui
3446 2394 3739 2456 interdum

677 2502 745 2563 in
779 2502 948 2560 iram
989 2508 1232 2575 motus,
1270 2518 1417 2562 earn
1453 2502 1534 2562 ad
1571 2502 1942 2578 perfectum
1977 2520 2106 2562 non
2140 2502 2347 2576 ducit,
2386 2502 2501 2562 sed
2536 2501 3037 2577 comprimendo
3071 2501 3444 2577 conpescit;
3483 2500 3741 2576 aliquau-

668 2604 758 2666 do
794 2610 1014 2665 autem
1064 2606 1144 2665 de
1179 2607 1381 2666 nimio
1432 2606 1670 2666 ardore
1721 2607 1883 2666 solis
1922 2608 2095 2681 ignis
2149 2607 2426 2667 tonitrui
2487 2609 2971 2680 commovetur,
3023 2608 3090 2665 et
3123 2605 3190 2664 in
3239 2621 3556 2680 magnam
3601 2617 3743 2662 com·

679 2708 1037 2769 motionem
1093 2708 1395 2783 ducitur,
1457 2711 1548 2770 ita
1597 2717 1673 2770 ut
1733 2710 1932 2770 fortia
1981 2716 2051 2771 et
2107 2711 2492 2787 periculosa
2545 2709 2811 2785 fulgura
2874 2710 3158 2784 emittat,
3194 2716 3261 2767 et
3308 2725 3552 2769 vocem
3591 2722 3743 2766 suam

685 2810 953 2873 fortiter
998 2813 1282 2886 exaltet,
1343 2815 1527 2874 velut
1575 2814 1771 2874 homo
1823 2815 1938 2890 qui
1992 2814 2257 2874 fortiter
2307 2817 2370 2874 in
2423 2815 2592 2874 iram
2642 2819 2897 2887 motuS,
2949 2829 3095 2872 eam
3146 2813 3536 2888 periculoso
3582 2823 3743 2886 opere

680 2916 962 2994 perficit.
999 2917 1076 2977 Et
1111 2924 1267 2978 tunc
1315 2921 1514 2979 etiam
1553 2921 1884 2981 interdum
1920 2923 2231 2997 superior
2283 2922 2457 2996 ignis
2507 2920 2784 2980 tonitrui
2833 2921 2917 2980 ab
2953 2921 3102 2995 igne
3152 2920 3319 2979 solis
3371 2923 3615 2991 tactuS,
3660 2917 3744 2975 fri·

679 3041 808 3103 gus
857 3025 1033 3103 quod
1088 3027 1152 3087 in
1190 3028 1478 3088 tonitruo
1528 3034 1653 3104 est,
1709 3029 1773 3088 in
1810 3045 2012 3089 unum
2066 3029 2280 3089 locum
2335 3027 2713 3088 coadunare
2758 3025 2941 3101 facit,
2994 3026 3562 3103 quemadmodum
3606 3039 3743 3098 aqua

673 3131 959 3207 glaciem
1011 3133 1077 3191 in
1128 3148 1323 3192 unum
1383 3133 1603 3193 locum
1654 3141 2054 3209 congregat,
2116 3138 2184 3192 et
2234 3132 2444 3207 frigus
2497 3132 2656 3191 illud
2714 3132 3107 3207 grandinem
3162 3131 3246 3191 ad
3296 3132 3517 3191 nubes
3564 3128 3739 3194 ducit,

681 3240 751 3295 et
784 3235 991 3295 nubes
1028 3251 1175 3294 eam
1212 3236 1612 3313 suscipiunt,
1651 3242 1718 3296 et
1750 3237 2166 3313 dispergunt,
2203 3242 2270 3295 et
2304 3237 2381 3295 ad
2420 3242 2665 3294 terram
2704 3236 3037 3295 emittunt.

777 3340 871 3400 De
918 3341 1263 3416 yrandz’ne.
1316 3340 1477 3399 Nam
1529 3340 1784 3416 grando
1834 3346 1940 3400 est
1991 3341 2175 3398 velut
2226 3340 2462 3399 oculus
2514 3340 2815 3400 tonitrui:
2871 3338 2987 3398 sed
3039 3354 3191 3397 cum
3243 3337 3343 3397 sol
3400 3340 3469 3397 in
3518 3337 3748 3396 descen-

688 3458 770 3502 su
824 3444 889 3501 in
943 3442 1160 3501 hieme
1208 3450 1348 3517 est,
1412 3444 1624 3518 ignem
1686 3461 1879 3504 suum
1932 3443 2014 3503 ad
2072 3444 2491 3504 altitudinem
2550 3444 2721 3504 coeli
2770 3459 2898 3502 non
2956 3442 3393 3516 transmittit,
3458 3448 3527 3501 et
3574 3438 3748 3512 magis

687 3546 816 3605 sub
850 3548 1030 3605 terra
1065 3562 1265 3622 quam
1302 3564 1504 3623 supra
1540 3554 1790 3607 terram
1827 3548 2041 3624 ardet,
2081 3554 2146 3607 et
2180 3562 2353 3607 nunc
2387 3549 2456 3609 in
2489 3548 2841 3608 altitudine
2876 3548 3046 3608 coeli
3080 3562 3211 3605 non
3248 3545 3487 3606 fervet.

781 3650 874 3710 De
922 3654 1130 3727 aquis,
1183 3651 1362 3710 Unde
1412 3668 1624 3728 aquae
1675 3669 1846 3729 quae
1891 3654 1958 3712 in
2008 3653 2480 3729 superioribus
2532 3658 2723 3726 sunt,
2775 3651 2962 3711 velut
3009 3652 3287 3725 pulvere
3337 3664 3651 3726 aspersae
3688 3646 3748 3702 de

696 3757 944 3833 frigore
981 3757 1164 3832 fiunt,
1205 3765 1270 3818 et
1306 3760 1523 3818 nivem
1560 3761 1891 3820 emittunt.

782 3863 878 3923 De
907 3862 1160 3938 pluvia.
1212 3860 1337 3920 Sed
1372 3878 1524 3921 cum
1575 3868 1807 3939 postea
1846 3864 1910 3921 in
1943 3865 2236 3922 calorem
2288 3876 2531 3922 suaves
2568 3868 2745 3934 sunt,
2795 3861 3093 3937 pluviam
3143 3860 3484 3933 emittunt,
3536 3863 3746 3917 etcum

693 3969 796 4030 sol
855 3969 1184 4028 interdum
1233 3985 1353 4028 nec
1402 3970 1680 4028 nimium
1730 3970 2047 4043 calorem,
2099 3984 2219 4029 nec
2268 3969 2550 4028 nimium
2600 3968 2813 4043 frigus
2864 3967 3180 4042 ostendit,
3236 3974 3395 4026 tunc
3446 3967 3637 4025 etiam
3680 3962 3749 4020 in-

693 4074 954 4134 terdum
991 4089 1264 4132 suavem
1305 4075 1597 4148 pluviam
1633 4076 1903 4147 emittit,
1956 4074 2518 4149 quemadmodum
2560 4074 2775 4143 homo,
2814 4089 2966 4131 cum
3003 4070 3363 4147 aliquando
3403 4073 3617 4131 laetus
3646 4070 3744 4134 est,

696 4180 1029 4254 lacrymas
1060 4181 1466 4239 multociens
1499 4195 1659 4255 prae
1694 4180 1936 4255 gaudio
1974 4180 2209 4240 fundit.

789 4284 882 4343 De
931 4286 1162 4344 ventis.
1200 4285 1497 4355 Quatuor
1543 4286 1748 4343 etiam
1783 4284 2162 4343 cardinales
2212 4286 2391 4343 venti
2429 4284 2554 4344 suh
2603 4285 2749 4343 sole
2787 4290 2854 4342 et
2890 4298 3094 4357 super
3126 4284 3339 4341 solem
3373 4282 3751 4359 firmamento

697 4391 963 4464 adsunt,
1015 4396 1082 4448 et
1119 4390 1280 4448 illud
1329 4390 1698 4458 continent,
1751 4405 1828 4449 ac
1878 4396 2094 4449 toturn
2129 4389 2383 4461 orbem,
2439 4389 2697 4448 scilicet
2737 4388 2819 4447 de
2871 4387 3174 4448 inferiori
3223 4392 3415 4462 parte
3467 4376 3748 4459 usquead

699 4494 1116 4570 superiorem
1179 4500 1439 4568 partem
1491 4494 1912 4567 firmamenti,
1966 4494 2145 4553 sicut
2200 4508 2352 4552 cum
2425 4493 2630 4569 pallio
2687 4492 3110 4552 circumdant
3190 4489 3557 4551 orientalis
3612 4482 3750 4543 enim

698 4606 941 4661 ventus
975 4615 1194 4660 aerem
1232 4602 1682 4675 amplectitur,
1719 4607 1787 4660 et
1821 4601 2302 4660 suavissimum
2340 4615 2560 4659 rorem
2607 4614 2811 4676 super
2846 4599 3034 4660 arida
3071 4599 3298 4659 mittit.
3335 4599 3583 4658 Ventus
3613 4591 3749 4653 enim

699 4704 1079 4767 Occidentis
1129 4704 1484 4764 fluentibus
1532 4704 1822 4764 nubibus
1856 4720 1927 4764 se
1961 4704 2305 4778 admiscet,
2349 4706 2433 4763 ‘ut
2466 4720 2677 4779 aquas
2726 4704 3079 4778 sustineat,
3116 4719 3199 4763 ne
3246 4700 3611 4778 erumpant.
3655 4697 3752 4755 Au-

704 4812 934 4872 stralis
970 4826 1126 4870 vero
1166 4816 1402 4868 ventus
1440 4812 1655 4885 ignem
1694 4812 1760 4869 in
1797 4811 2299 4886 magistratione
2335 4824 2455 4869 sua
2492 4812 2765 4886 retinet,
2802 4818 2870 4871 et
2902 4826 3055 4871 eum
3089 4811 3422 4888 prohibet,
3459 4828 3540 4871 ne
3572 4806 3751 4868 omnia

704 4915 1076 4975 comburat.
1133 4914 1380 4972 Ventus
1415 4928 1684 4989 quoque
1732 4915 2279 4988 septentrionalis
2313 4915 2685 4973 exteriores
2740 4916 3051 4975 tenebras
3088 4917 3362 4990 retinet,
3413 4931 3495 4975 ne
3529 4910 3749 4973 modum

707 5041 899 5083 suurn
938 5024 1275 5083 excedant.
1312 5023 1432 5082 Isti
1468 5027 1758 5098 quatuor
1793 5022 1971 5079 venti
2026 5020 2171 5079 alae
2222 5019 2561 5095 potentiae
2600 5019 2714 5078 Dei
2768 5026 2940 5081 sunt.
2979 5021 3098 5091 Qui
3145 5036 3297 5080 cum
3341 5022 3539 5080 simul
3575 5026 3751 5075 move-
