4036 6117
1343 485 1805 534 Emsromaun
1857 483 2036 531 Nova
2086 481 2331 530 snmus.
3104 449 3115 460 '
3186 453 3316 516 567

294 616 576 693 Serpens
626 612 927 673 eamdem
977 610 1462 684 malignitatem
1512 606 1785 667 efflavit.
1824 606 1934 666 Sol
1985 610 2206 665 autem
2260 602 2402 679 (fol.
2456 600 2612 678 110)
2663 599 2843 659 diem
2894 596 3387 656 benivolentiae

299 724 658 795 illuminat,
710 735 884 796 quae
922 717 1122 776 etiam
1179 716 1241 774 in
1280 716 1573 775 tenebris
1625 714 1778 772 luna
1815 728 1942 772 non
1977 717 2183 770 caret.
2223 708 2512 784 Spiritus
2547 706 2829 765 Sanctus
2864 703 3215 764 abstrahat
3250 720 3287 763 a
3320 709 3387 763 te

297 829 516 886 omnia
583 826 745 885 vitia
804 822 1282 897 malignitatis»,
1336 828 1401 878 et
1454 819 1655 878 faciat
1704 818 1768 877 in
1822 823 1885 876 te
1945 822 2016 874 ut
2075 815 2168 874 sis
2219 813 2282 872 in
2342 812 2638 871 amicitia
2694 811 3128 870 dulcissimae
3187 815 3391 885 atque

297 930 804 990 amantissimae
853 925 1230 998 charitatiS,
1268 940 1438 1000 quae
1491 924 1936 982 fortissimum
1984 935 2255 980 cervum
2307 917 2515 993 cepit,
2567 919 2634 975 et
2668 914 3132 990 symphoniam
3188 928 3394 990 super

297 1051 529 1093 omnes
564 1035 789 1093 coelos
822 1031 1027 1104 dedit,
1064 1034 1130 1090 et
1164 1030 1229 1089 in
1266 1030 1634 1088 thalamum
1660 1028 1955 1087 omnium
1993 1023 2466 1099 mysteriorum
2506 1022 2683 1095 regis
2721 1021 3017 1095 intravit,
3047 1027 3114 1080 et
3149 1021 3213 1079 in
3248 1035 3394 1095 spe-

299 1140 448 1196 culo
486 1136 831 1195 cherubini
867 1151 1018 1194 curn
1053 1134 1360 1192 omnibus
1396 1131 1808 1190 ornamentis
1839 1146 1908 1189 se
1942 1128 2255 1188 ostendit.

1711 1325 1976 1385 CXLIII.

1571 1480 1646 1539 N.
1705 1528 1714 1538 .
1771 1527 1782 1539 .

376 1631 694 1686 Praelatum
720 1630 1021 1701 quemdam
1053 1628 1294 1684 inertem
1322 1625 1719 1699 expergefacit.

397 1771 736 1856 Circulum
794 1771 958 1829 solis
1009 1769 1239 1839 habes,
1291 1770 1357 1826 et
1406 1767 1589 1825 illum
1655 1764 2037 1842 frequenter
2094 1763 2333 1838 tangiS.
2372 1764 2586 1834 Quare
2622 1764 2875 1824 dormis
2934 1784 3050 1841 per
3108 1771 3399 1832 taedium

309 1874 768 1951 ignorantiae,
821 1874 1015 1949 quasi
1067 1888 1198 1931 non
1247 1872 1364 1945 siS,
1416 1870 1483 1928 e't
1535 1869 1727 1945 quasi
1788 1875 1850 1928 te
1903 1883 2171 1927 movere
2221 1884 2351 1926 non
2401 1869 2647 1942 possiS‚
2699 1885 2819 1944 per
2869 1870 3403 1934 vicissitudinem

313 1981 788 2055 tempestatum
848 1975 1208 2051 aquarum‘.>
1258 1973 1531 2045 Quando
1591 1979 1654 2031 te
1713 1972 2014 2042 vocavit,
2078 1970 2335 2030 fatuum
2386 1976 2450 2029 te
2506 1987 2657 2029 esse
2716 1973 2948 2034 noluit.
3003 1974 3084 2034 Et
3136 1976 3403 2053 iterum,

309 2098 462 2141 cum
512 2080 718 2141 verba
768 2078 1138 2155 sapientiae
1187 2076 1517 2147 audieriS,
1572 2074 1904 2133 interdum
1956 2090 2116 2148 prae
2166 2073 2408 2149 gaudio
2444 2073 2642 2148 ludis,
2695 2082 2763 2135 et
2797 2076 3285 2153 aliquantulum
3335 2081 3404 2139 in

311 2186 624 2246 nebulam
659 2183 969 2242 verteris,
1007 2181 1114 2241 Sic
1148 2198 1276 2240 non
1313 2180 1422 2239 sit.
1460 2177 1585 2238 Sed
1623 2177 1687 2236 in
1720 2177 2095 2237 stabilitate
2129 2183 2195 2235 et
2230 2174 2479 2236 honore
2514 2177 2791 2237 aedifica
2839 2177 3110 2239 domum
3147 2182 3409 2257 sapien·-

313 2293 473 2364 tiae,
511 2297 584 2350 ut
621 2291 868 2350 milites
912 2289 1033 2348 tibi
1069 2304 1198 2347 non
1232 2287 1475 2346 dicant:
1528 2284 1823 2343 Plurima
1855 2287 1922 2343 et
1955 2283 2245 2357 plurima
2288 2289 2482 2357 pater
2515 2283 2669 2343 huic
2704 2282 2838 2345 filio
2872 2287 3074 2347 dedit.
3112 2289 3233 2348 Ubi
3270 2305 3409 2350 mo-

313 2397 400 2456 do
437 2397 552 2455 illa
605 2393 793 2454 sunt‘?
839 2393 1024 2453 Nunc
1071 2393 1137 2451 in
1176 2391 1422 2450 multas
1473 2404 1799 2447 cavernas
1851 2388 2014 2446 solis
2064 2382 2110 2464 ¹)
2149 2388 2396 2463 aspice,
2449 2395 2515 2446 et
2548 2404 2626 2447 ea
2681 2391 2742 2447 in
2791 2391 2940 2450 sinu
2989 2398 3105 2453 tuo
3154 2394 3433 2470 diligen-

319 2502 457 2560 tius
507 2500 767 2573 collige.
825 2497 1087 2572 Virgam
1137 2511 1401 2572 quoque
1453 2495 1517 2552 in
1569 2509 1767 2552 manu
1820 2500 1933 2553 tua
1982 2494 2342 2566 vigilanter
2391 2499 2457 2552 et
2507 2501 2779 2554 strenue
2830 2503 3012 2569 tene,
3065 2504 3132 2557 et
3164 2515 3292 2559 non
3344 2500 3411 2559 in

313 2601 784 2673 amaritudine,
838 2600 1056 2658 sedin
1106 2600 1335 2658 multis
1387 2596 1955 2656 miserationibus
2005 2595 2192 2655 Nunc
2246 2596 2309 2654 in
2360 2602 2706 2656 aeternum
2759 2599 2975 2674 vives,
3030 2600 3412 2676 quia-Deus

321 2710 385 2767 in
423 2722 545 2766 sua
583 2706 912 2781 legatione
951 2711 1012 2762 te
1050 2701 1340 2761 habebit.

401 3153 694 3215 Sacerdoti
725 3154 867 3211 sacri
897 3154 1150 3208 muneris
1177 3152 1336 3207 dotes
1364 3152 1424 3208 in
1455 3152 1630 3207 veteri
1659 3158 1715 3208 et
1743 3168 1888 3208 novo
1916 3153 2137 3209 foedere
2162 3161 2431 3209 recenset.

421 3300 492 3358 In
528 3314 763 3356 serena
802 3298 947 3356 luce
984 3296 1146 3355 haec
1183 3297 1391 3355 verba
1426 3295 1561 3354 vidi
1593 3304 1658 3354 et
1693 3295 1940 3355 audivi:
1977 3295 2218 3355 Sancta
2253 3314 2417 3356 vasa
2470 3299 2529 3355 in
2570 3299 3001 3360 tabernaculo
3050 3301 3312 3364 Domini
3349 3306 3417 3365 in

333 3407 548 3480 prima
601 3404 984 3462 ostensione
1019 3403 1209 3478 Legis
1259 3401 1623 3461 secundum
1666 3418 1934 3460 carnem
1968 3403 2189 3477 posita
2232 3407 2440 3463 erant.
2480 3403 2622 3481 (fol.
2662 3406 2816 3476 111)
2854 3407 3097 3469 Postea
3134 3409 3417 3472 formam

337 3512 719 3571 sanctitatis
767 3510 942 3569 Deus
996 3511 1055 3568 in
1106 3509 1316 3568 ariete
1366 3507 1747 3583 complevit,
1801 3509 1974 3567 sicut
2026 3526 2138 3569 ros
2172 3510 2253 3568 de
2287 3512 2471 3570 coelo
2508 3528 2711 3586 super
2744 3529 3017 3586 gramen
3049 3516 3418 3590 descendit,

338 3617 496 3691 quia
530 3616 749 3675 omnis
795 3614 1107 3673 viriditas
1142 3614 1470 3689 spiritalis
1507 3613 1700 3672 homo
1734 3609 1784 3689 ²)
1822 3613 1887 3672 in
1919 3613 2139 3673 forma
2173 3614 2460 3687 videtur,
2507 3622 2570 3675 et
2611 3618 2812 3678 verba
2845 3619 2992 3694 ejus
3023 3620 3105 3679 de
3143 3621 3426 3697 inspira-

339 3722 521 3779 tione
570 3720 832 3779 animae
868 3717 1249 3777 audiuntur.
1301 3717 1370 3776 In
1407 3717 1915 3776 circumcisione
1949 3718 2127 3777 enim
2162 3719 2385 3777 carnis
2426 3718 2599 3778 Deus
2635 3724 2927 3798 serpenti
2963 3723 3424 3785 confusionem

339 3821 551 3890 dedit,
600 3836 682 3880 ac
713 3825 949 3896 postea
996 3819 1062 3878 in
1096 3820 1460 3895 semetipso
1495 3819 1715 3879 omnia
1752 3822 2197 3880 consecravit.
2235 3820 2414 3881 Haec
2450 3822 2628 3896 audi,
2667 3840 2703 3882 o
2739 3824 3080 3899 sacerdoS,
3118 3827 3209 3885 ita
3245 3826 3423 3903 quod

347 3929 412 3983 in
448 3927 512 3984 te
559 3924 650 3983 sit
684 3924 965 3983 castitas
1011 3928 1079 3981 et
1114 3922 1549 3995 continentia,
1600 3922 1758 3998 quia
1791 3922 1875 3981 ad
1926 3939 2045 3983 vos
2092 3923 2258 3984 dicit
2304 3923 2648 4000 propbeta:
2707 3928 2830 3998 Qui
2880 3936 3032 3987 sunt
3067 3931 3157 4003 hi,
3207 3933 3427 4006 quint

343 4026 547 4086 nubes
594 4028 841 4100 volant,
880 4035 939 4084 et
993 4029 1181 4102 quasi
1216 4026 1545 4086 columbae
1596 4027 1680 4083 ad
1711 4029 2037 4102 fenestras
2082 4031 2268 4087 suas?
2298 4021 2347 4104 ⁸)
2384 4029 2559 4088 Deus
2593 4038 2812 4089 aulem
2849 4032 3429 4094 circumcisionem

351 4131 411 4189 in
449 4146 649 4190 carne
701 4131 984 4206 primum
1024 4131 1339 4205 signavit,
1393 4138 1625 4204 postea
1665 4131 1726 4188 in
1776 4130 2022 4205 Spiritu
2060 4130 2299 4191 Sancto
2345 4132 2679 4207 justitiam
2720 4134 3051 4197 formavit.
3089 4139 3219 4199 Cor
3251 4141 3426 4199 enim

350 4239 531 4294 tuum
585 4236 812 4310 aliqua
845 4235 1015 4292 mole
1067 4250 1459 4310 oppressum
1496 4242 1621 4304 est,
1677 4238 1738 4293 te
1773 4237 1973 4293 etiam
2028 4235 2175 4309 plus
2210 4238 2631 4298 desiderante
2681 4257 2879 4316 quam
2928 4243 3247 4318 operibus
3298 4247 3431 4305 tuis

351 4339 432 4397 ad
473 4339 657 4397 illum
694 4339 1067 4397 anhelante.
1105 4339 1290 4398 Nunc
1323 4338 1405 4396 ail
1439 4354 1671 4396 verum
1709 4339 1928 4398 lumen
1962 4341 2215 4415 aspice,
2254 4344 2317 4400 et
2354 4341 2609 4416 virgam
2650 4343 2932 4404 ferream
2973 4347 3036 4404 in
3085 4364 3283 4408 manu
3319 4355 3434 4409 tua

348 4459 496 4501 cum
535 4443 667 4503 Deo
702 4443 1110 4502 confidenter
1143 4450 1354 4519 porta.

427 4875 714 4932 feminam
744 4876 921 4932 levem
949 4881 1007 4932 et
1035 4875 1279 4948 tepidam
1308 4876 1761 4935 commonefacit.

448 5011 645 5070 Video
685 5019 746 5071 te
787 5014 844 5070 in
882 5014 1105 5089 aliqua
1141 5015 1510 5074 mobilitate
1547 5017 1833 5076 similem
1883 5018 2218 5093 arundini,
2256 5028 2322 5080 et
2376 5021 2435 5081 in
2472 5024 2831 5098 gravedine
2881 5025 3056 5084 sicut
3092 5025 3437 5101 plumbum

432 5181 474 5246 ¹)
501 5181 606 5235 Sed
632 5202 892 5238 cavernas
920 5185 1070 5247 solis.
1099 5184 1292 5255 ecquis
1317 5192 1479 5240 antea
1512 5184 1870 5256 indigitavit?
1897 5221 1957 5228 —
1988 5193 2033 5258 2)
2064 5190 2125 5244 lu
2153 5192 2273 5248 cod.
2304 5197 2380 5248 ric
2405 5195 2575 5249 homo.
2610 5224 2676 5233 —
2703 5194 2746 5263 ³)
2778 5194 2849 5251 15.
2882 5195 3001 5258 Lx,
3029 5202 3081 5253 8.
