4036 6117
698 448 827 508 544
1853 462 1903 507 S.
1960 462 2499 509 ninnzoAnms

2007 680 2361 743 Lxxxvn.

1398 894 1898 972 Conqreyationi
1931 895 2010 953 de
2052 894 2397 957 Cruchdal.
2433 892 2480 975 ¹)
2510 896 2950 975 Hildeyardis.

709 1100 1038 1242 Par-abolem
1077 1096 1148 1151 de
1184 1095 1383 1152 arbore
1421 1095 1540 1159 tici.
1580 1096 1648 1151 ad
1689 1099 1870 1152 instar
1900 1097 2221 1167 Evangelii.
2251 1098 2373 1156 fuse
2397 1099 2656 1172 exponit.
2685 1099 2754 1155 ad
2781 1099 3002 1157 fructus
3029 1100 3179 1155 vitoe
3206 1098 3511 1169 religiosae
3534 1097 3735 1157 dacri-

640 1189 753 1244 ben
792 1202 874 1242 os.

725 1327 951 1389 Prima
1000 1323 1356 1402 plantatio,
1407 1340 1580 1402 quae
1631 1325 1698 1384 in
1745 1325 1962 1402 prima
2012 1325 2239 1386 radice
2292 1325 2478 1386 Jesse
2535 1327 2793 1403 floruit,
2852 1327 2934 1388 ad
2984 1326 3248 1387 turbam
3298 1327 3507 1387 istam
3558 1325 3734 1386 dicit:

636 1430 959 1493 Arborem
990 1429 1095 1488 fici
1133 1427 1426 1488 habebat
1450 1428 1746 1504 quidam,
1784 1429 2155 1504 plantatam
2187 1430 2253 1489 in
2282 1431 2475 1489 vinea
2503 1447 2642 1491 sua.
2672 1431 3238 1503 Quemadmodum
3267 1432 3443 1490 enirn
3475 1430 3740 1490 benedi-

636 1537 771 1599 ctio
820 1533 1300 1611 multiplicavit
1333 1532 1834 1621 benedictiones
1868 1535 2116 1593 nobilis
2151 1536 2496 1609 germinis,
2536 1537 2635 1596 sic
2670 1539 2874 1597 etiam
2919 1537 3096 1597 Deus
3134 1539 3197 1596 iu
3234 1549 3478 1612 magno
3518 1536 3737 1597 studio

638 1650 708 1706 et
742 1645 809 1704 in
840 1642 1302 1704 benedictione
1332 1638 1475 1717 (fol.
1516 1639 1628 1717 77)
1659 1657 1781 1699 sua
1815 1641 2145 1716 plantavit
2181 1642 2486 1718 spiritale
2514 1659 2787 1718 germen
2823 1643 2887 1703 in
2923 1643 3115 1703 vinea
3141 1642 3454 1702 Sabaoth.
3492 1641 3577 1700 Et
3604 1655 3742 1715 ger-

637 1763 790 1810 men
824 1747 985 1807 illud
1020 1746 1215 1805 dulce
1248 1747 1316 1804 et
1348 1759 1554 1805 suave
1589 1760 1709 1821 per
1745 1752 2018 1804 ventum
2057 1747 2440 1805 sanctitatis
2469 1746 2615 1819 fuit,
2646 1755 2848 1824 atque
2884 1747 3059 1807 sicut
3098 1747 3326 1807 solium
3364 1745 3499 1816 fici,
3532 1745 3601 1804 in
3636 1744 3741 1803 bo·

638 1869 723 1914 no
759 1866 1029 1912 rumore
1066 1850 1131 1909 in
1165 1847 1584 1909 latitudinem
1622 1849 1854 1908 crevit.
1883 1849 2008 1909 Sed
2044 1849 2257 1909 bonus
2294 1865 2524 1911 rumor
2555 1851 2811 1927 absque
2846 1850 3065 1911 fructu
3103 1867 3231 1911 non
3260 1850 3590 1927 proderit,
3620 1848 3742 1907 nisi

636 1970 910 2034 pomum
945 1954 1012 2013 in
1045 1959 1246 2028 gustu
1279 1951 1699 2012 obedientiae
1735 1959 2077 2029 appareat,
2130 1953 2395 2029 quando
2440 1956 2642 2015 arbor
2676 1955 2781 2014 sici
2816 1970 2965 2014 cum
3017 1954 3476 2014 sollicitudine
3527 1959 3741 2011 custo-

638 2057 879 2119 dienda
913 2062 1041 2130 est,
1079 2071 1159 2114 ne
1195 2067 1479 2115 arescat.
1530 2054 1607 2115 Et
1643 2054 1901 2114 fructus
1949 2056 2098 2131 ejus
2135 2058 2422 2130 primum
2473 2074 2745 2116 amarus
2779 2065 2907 2131 est,
2957 2064 3025 2116 et
3059 2063 3295 2132 postea
3343 2056 3593 2114 dulcis,
3644 2052 3742 2112 Sic

640 2166 843 2226 etiam
881 2162 1210 2238 spiritalis
1259 2160 1400 2220 vita
1433 2177 1583 2219 cum
1620 2162 1829 2219 multa
1866 2161 2320 2220 sollicitudine
2354 2162 2791 2222 custodienda
2825 2166 2951 2232 est,
2989 2178 3068 2221 ne
3104 2161 3320 2221 hiems
3357 2159 3570 2220 taedii
3603 2172 3741 2217 earn

641 2272 712 2331 in
745 2272 965 2328 mente
1003 2264 1292 2324 hominis
1339 2263 1595 2322 aridam
1637 2262 1858 2323 saciat.
1908 2264 1987 2322 Et
2026 2264 2211 2323 initio
2259 2266 2321 2323 in
2358 2264 2586 2324 labore
2620 2282 2847 2324 amara
2884 2272 3019 2339 est,
3065 2266 3223 2341 quia
3258 2263 3737 2339 proprietatem

639 2380 710 2436 et
739 2373 1155 2448 voluptatem
1189 2370 1412 2430 carnis
1447 2371 1515 2428 et
1548 2370 1812 2427 caetera
1847 2369 2093 2428 similia
2129 2370 2463 2445 prohibet,
2502 2370 2615 2429 sed
2654 2376 3075 2445 contemptus
3111 2369 3337 2430 mundi
3372 2367 3573 2427 valde
3608 2366 3742 2424 dul·

641 2480 742 2539 cis
773 2483 842 2537 et
877 2474 1109 2535 suavis
1156 2479 1289 2543 est,
1325 2473 1590 2549 quando
1634 2474 2065 2532 sanctissima
2109 2476 2329 2533 anima
2367 2474 2430 2533 in
2468 2476 2894 2535 sanctitatem
2932 2490 3003 2533 se
3041 2474 3362 2549 implicat,
3400 2472 3523 2532 sed
3561 2485 3743 2547 prae-

644 2579 1014 2643 cavendum
1064 2584 1190 2651 est,
1229 2592 1309 2636 ne
1358 2576 1545 2635 arida
1590 2577 1722 2636 fiat.
1761 2576 1884 2635 Sed
1929 2584 1995 2636 et
2039 2577 2214 2635 idem
2252 2576 2450 2637 homo
2486 2578 2598 2653 qui
2639 2578 3045 2652 praedictam
3084 2577 3389 2636 arborem
3428 2574 3739 2644 habebat,

643 2685 848 2746 etiam
899 2682 1150 2741 fontem
1188 2680 1455 2755 habuit,
1507 2680 1587 2739 de
1623 2696 1753 2755 quo
1791 2681 1979 2739 multi
2020 2681 2220 2740 rivuli
2257 2681 2641 2741 effluebant.
2676 2682 2756 2740 Et
2790 2681 3151 2740 horribiles
3186 2686 3252 2739 et
3288 2679 3482 2738 valde
3520 2678 3743 2751 nigrae

645 2806 726 2851 ac
761 2789 1100 2867 pessimae
1148 2788 1406 2847 bestiae
1440 2792 1788 2860 venerunt,
1842 2792 1909 2845 et
1946 2785 2165 2845 facere
2218 2788 2534 2847 volebant
2569 2804 2647 2846 ne
2683 2787 2831 2847 fons
2866 2788 2979 2847 ille
3013 2788 3269 2846 flueret.
3304 2785 3383 2845 Et
3416 2784 3745 2861 quaedam

644 2912 728 2956 ex
763 2894 931 2970 ipsis
981 2893 1048 2953 in
1081 2910 1199 2953 ora
1249 2908 1372 2953 sua
1408 2892 1670 2951 fistulas
1719 2898 2115 2967 posuerunt,
2155 2893 2221 2951 et
2267 2892 2441 2952 aliae
2477 2891 2865 2965 arundineS,
2917 2907 2996 2950 ac
3031 2891 3203 2950 aliae
3240 2889 3458 2964 folleS‚
3498 2894 3571 2950 et
3604 2903 3747 2948 con-

648 3007 755 3060 tra
804 2998 1112 3058 eumdem
1149 2997 1396 3058 fontem
1449 2998 1667 3072 ignem
1703 2995 2121 3055 efflaverunt.
2172 2996 2357 3057 Nunc
2400 3002 2622 3055 autem
2661 2997 2975 3072 antiquus
3010 2996 3116 3055 vir
3148 3001 3235 3069 te,
3274 3011 3312 3054 o
3345 2994 3573 3078 turba,
3615 2991 3745 3051 son·

649 3113 787 3168 tem
832 3105 1081 3179 eduxit,
1136 3105 1216 3163 de
1266 3120 1398 3179 quo
1449 3103 1647 3163 rivuli
1699 3102 2084 3162 sanctitatis
2132 3101 2453 3177 effluunt3
2506 3101 2624 3161 sed
2673 3103 3036 3162 horribiles
3087 3102 3152 3160 in
3187 3102 3640 3176 perversitate
3683 3099 3745 3157 et

648 3206 846 3271 valde
894 3207 1149 3283 nigrae,
1185 3207 1542 3266 candorem
1597 3207 2014 3265 innocentiae
2069 3205 2433 3280 fugienteS‚
2487 3222 2564 3264 ac
2600 3206 2935 3282 pessimae
2985 3206 3242 3265 bestiae
3293 3202 3743 3281 spiritualium

647 3313 970 3374 vitiorum
1022 3313 1086 3371 in
1123 3312 1543 3387 malignitate
1589 3311 1897 3384 veniunt,
1952 3310 2175 3369 facere
2225 3311 2551 3382 volentes,
2590 3317 2655 3369 te
2704 3310 3054 3385 movendo,
3093 3325 3173 3370 ne
3208 3311 3543 3370 sanctitas
3575 3309 3655 3367 de
3687 3310 3741 3367 te

648 3413 987 3493 procedat.
1015 3414 1094 3474 Et
1127 3414 1458 3489 quaedam
1493 3414 1558 3472 in
1592 3429 1709 3474 ora
1745 3413 2146 3488 inceptionis
2181 3428 2346 3472 suae
2382 3413 2645 3473 fistulas
2682 3414 3141 3489 squalidorum
3181 3427 3441 3471 morum
3474 3414 3739 3486 ponunt,

647 3521 721 3580 et
767 3517 938 3578 aliae
988 3518 1349 3578 arundines
1402 3518 1466 3576 in
1495 3518 1814 3576 inanitate
1865 3517 2069 3576 taedii
2119 3517 2441 3575 bonorum
2479 3533 2781 3592 operum,
2820 3532 2897 3576 ac
2932 3517 3105 3576 aliae
3143 3515 3333 3574 folles
3369 3515 3436 3572 in
3471 3512 3744 3572 inflatio-

649 3638 734 3685 ne
769 3622 1217 3697 arrogantiae,
1269 3623 1337 3681 et
1370 3621 1697 3680 adversus
1746 3627 1812 3681 te
1849 3621 2065 3695 ignem
2115 3620 2368 3694 efflant,
2405 3621 2563 3680 dum
2601 3621 2852 3680 multus
2895 3621 3098 3679 timor
3147 3619 3467 3678 mentium
3522 3630 3744 3676 eorum

653 3728 723 3789 in
756 3727 1020 3804 magnis
1069 3726 1403 3786 molestiis
1437 3726 1748 3800 erigitur,
1802 3726 1894 3784 ita
1929 3725 2106 3801 quod
2155 3726 2362 3785 vitam
2399 3742 2572 3803 quae
2623 3727 2687 3784 in
2721 3725 2856 3785 Deo
2901 3731 3029 3800 est,
3077 3741 3196 3801 pro
3233 3739 3450 3800 poena
3485 3723 3742 3783 habent.

650 3832 734 3894 Et
766 3830 933 3892 haec
981 3832 1205 3892 omnia
1238 3836 1394 3891 sunt
1443 3830 1805 3890 horribiles
1839 3830 2122 3904 bestiae,
2176 3846 2349 3905 quae
2384 3847 2528 3903 νοε,
2581 3847 2619 3889 o
2654 3830 2830 3890 filiae
2880 3830 3324 3898 Hierusalem,
3363 3829 3596 3888 aridas
3643 3843 3744 3886 vo-

654 3938 803 3998 lunt
850 3934 1094 4008 facere,
1130 3942 1201 3996 et
1244 3935 1327 3994 de
1375 3936 1508 3995 vita
1558 3935 2110 4012 desperare‘Sed
2162 3936 2480 4012 antiquus
2529 3935 2666 4010 vir,
2717 3935 2832 4011 qui
2882 3935 3191 3994 arborem
3241 3933 3347 3993 tici
3398 3931 3741 4008 plantavit,

653 4039 947 4101 fructum
995 4039 1293 4115 ejusdem
1331 4040 1593 4100 arboris
1644 4040 1709 4099 in
1742 4039 2037 4098 diversis
2072 4039 2393 4126 operibus
2428 4038 2832 4111 considerat,
2870 4040 2940 4097 et
2973 4038 3232 4114 virgam
3268 4051 3467 4095 manu
3505 4052 3631 4095 sua
3662 4040 3745 4092 te·

653 4148 788 4219 net,
839 4144 997 4203 dum
1033 4159 1154 4220 per
1202 4144 1444 4203 merita
1481 4150 1868 4203 sanctarum
1918 4144 2317 4217 animarum,
2369 4158 2543 4219 quae
2581 4140 2725 4220 (fol.
2772 4141 2884 4221 78)
2920 4141 3131 4202 Deum
3183 4140 3572 4216 frequenter
3618 4152 3744 4197 am-

653 4249 1154 4325 plectebantur,
1208 4265 1247 4308 a
1280 4248 1477 4308 vobis
1513 4248 1693 4310 ,vitia
1726 4246 2124 4308 abstrahere
2159 4247 2329 4321 vult,
2366 4253 2434 4306 et
2465 4263 2590 4306 vos
2627 4248 2692 4306 in
2727 4262 2928 4306 manu
2960 4262 3084 4306 sua
3118 4252 3364 4305 tenere.
3400 4245 3571 4305 Nam
3602 4255 3743 4302 cum

653 4358 1016 4430 praecepta
1063 4355 1336 4414 sanctae
1382 4353 1678 4428 Regulae
1726 4359 1795 4413 et
1829 4352 2253 4413 obedientiae
2301 4354 2504 4427 atque
2554 4351 2769 4411 bonae
2817 4350 3361 4424 consuetudinis,
3413 4364 3589 4426 quae
3637 4359 3744 4422 per

657 4457 975 4533 antiquos
1023 4463 1289 4517 sanctos
1339 4457 1560 4534 posita
1609 4462 1796 4532 sunt,
1858 4458 1926 4516 in
1974 4457 2168 4516 vobis
2217 4462 2556 4530 arescunt,
2616 4457 2724 4515 vir
2772 4456 2885 4515 ille
2932 4454 3100 4515 dicit
3148 4455 3231 4515 ad
3279 4456 3614 4515 cultorem
3659 4452 3746 4510 vi-

655 4576 845 4636 neae,
882 4560 1144 4621 scilicet
1177 4561 1256 4621 ad
1292 4568 1651 4637 praecepta
1683 4561 2102 4638 disciplinae:
2142 4561 2304 4622 Ecce
2338 4563 2504 4621 anni
2539 4567 2676 4620 tres
2710 4567 2888 4636 sunt,
2926 4581 3011 4620 eae
3047 4578 3174 4638 quo
3207 4563 3396 4620 venio
3428 4573 3741 4636 quaerens

732 4801 777 4866 ¹)
828 4800 985 4857 Duae
1044 4803 1274 4855 exstant
1325 4796 1386 4853 in
1436 4795 1562 4852 edd.
1614 4794 1887 4868 epistolae
1935 4794 2060 4850 clx
2110 4799 2169 4850 et
2257 4793 2457 4857 sectae,
2498 4793 2721 4865 opinor,
2748 4792 2960 4864 quibus
2997 4790 3365 4861 Hildegardis
3406 4786 3625 4845 affatim
3667 4802 3741 4841 re·

657 4889 894 4951 cxvu.
944 4903 1089 4958 quae
1147 4884 1312 4942 facile
1368 4885 1731 4941 habebuntur
1774 4882 2026 4954 ejusdem
2073 4882 2167 4937 ab·
2256 4880 2529 4952 spondere
2565 4879 2737 4950 juvit.
2781 4879 2866 4934 Ad
2907 4879 3159 4933 camdem
3198 4891 3425 4947 quoque
3470 4875 3742 4947 pertinere

660 4971 1416 5036 batissaeCrouchdalcnsiS‚
1439 4971 1530 5027 cui
1562 4971 1754 5039 ignoto
1777 4966 1993 5024 nomini
2021 4984 2172 5039 prae·
2257 4973 2491 5021 autumo
2516 4970 2575 5019 et
2608 4965 2751 5020 hanc
2791 4979 2991 5018 novam
3031 4965 3353 5033 epistolam,
3392 4960 3485 5017 cui
3528 4959 3613 5016 uti
3643 4964 3739 5013 ter-

662 5060 863 5133 flgitur
887 5061 945 5117 H
968 5060 1024 5115 in
1055 5059 1263 5131 priore,
1291 5057 1341 5113 A
1363 5058 1421 5112 in
1443 5055 1755 5127 posteriore
1780 5054 2043 5127 epistola.
2073 5053 2168 5108 sed
2263 5051 2372 5107 tiae
2403 5050 2606 5106 tertius
2632 5065 2835 5111 annus,
2877 5049 2934 5104 in
2956 5049 3217 5122 parabola
3254 5047 3345 5102 tici
3388 5043 3741 5114 infrugifera

666 5148 836 5206 binae
862 5148 934 5202 ab
958 5145 1150 5201 eadem
1181 5159 1362 5216 penna
1405 5147 1639 5198 venusta
1676 5146 1733 5196 et
1760 5139 2003 5208 eleganti
2047 5155 2170 5209 pro·
2260 5143 2511 5197 notatus,
2541 5134 2799 5207 aspiciet.
