4036 6117
625 475 629 480 ’
745 484 838 543 98
1908 501 1956 544 s.
2013 495 2555 547 ninnecAnois

2113 721 2347 782 LXXV.

1549 913 1714 971 Item
1764 916 1832 972 in
1888 913 2127 973 Genesi
2160 909 2205 992 ¹)
2256 913 2342 974 ad
2391 911 2691 975 eamdem
2745 934 2902 975 rem.

767 1123 871 1184 89.
923 1123 1084 1195 Quis
1133 1129 1388 1197 auctor,
1443 1128 1559 1182 aut
1605 1137 1779 1198 quae
1827 1128 2134 1198 potestas
2181 1129 2270 1197 te,
2324 1124 2438 1198 qui
2488 1124 2733 1183 similis
2768 1124 2982 1184 nostri
3015 1139 3114 1198 οε,
3150 1123 3232 1183 ad
3268 1118 3392 1183 hoc
3426 1121 3791 1184 constituit
3862 1173 3872 1185 .

674 1231 850 1306 quod
898 1229 1111 1289 nostri
1159 1228 1548 1300 domineriS,
1600 1228 1786 1285 velut
1819 1225 2124 1286 homines
2160 1244 2289 1286 non
2326 1228 2574 1287 simus?
2606 1234 2671 1288 et
2708 1229 2881 1304 quod
2919 1227 3249 1304 dijudices
3280 1244 3483 1303 opera
3517 1235 3784 1302 nostra,

672 1333 869 1409 quasi
914 1331 1091 1391 Deus
1140 1333 1280 1392 sis‘?
1326 1338 1442 1392 aut
1491 1348 1661 1407 quae
1695 1333 1916 1391 virtus
1967 1332 2088 1390 tibi
2139 1332 2264 1391 hoc
2313 1332 2682 1392 dominium
2730 1333 2945 1408 dedit,
2982 1334 3160 1410 quod
3193 1350 3314 1394 nos
3350 1335 3527 1394 sicut
3563 1341 3787 1395 rotam

673 1439 962 1497 circuire
991 1437 1192 1498 facis?
1218 1438 1348 1497 Vos
1382 1452 1668 1513 namque
1702 1437 1814 1512 qui
1853 1436 2047 1496 nobis
2082 1452 2398 1512 praeesse
2429 1438 2668 1507 vultis,
2702 1444 2769 1496 et
2802 1440 2918 1514 qui
2948 1455 3074 1498 vos
3107 1440 3473 1514 magistros
3505 1446 3787 1499 nostros

671 1555 824 1600 esse
871 1542 1119 1615 dicitiS,
1171 1557 1294 1600 nos
1343 1557 1589 1601 curvos
1636 1547 1704 1600 et
1752 1541 1984 1600 tardos
2033 1541 2438 1615 nominatis;
2491 1547 2560 1601 et
2594 1557 2675 1601 ne
2708 1543 3192 1603 contendamus
3217 1544 3495 1619 jubetiS,
3532 1560 3612 1603 ac
3647 1546 3786 1605 alia

673 1644 880 1703 multa
930 1645 1122 1703 nobis
1175 1644 1537 1718 imponitiS,
1590 1659 1760 1721 quae
1807 1660 1931 1703 vos
1980 1651 2253 1720 portare
2304 1646 2662 1719 recusatis;
2700 1662 2777 1705 ac
2825 1647 3030 1705 etiam
3079 1665 3116 1705 a
3152 1648 3468 1722 plurimis
3506 1663 3635 1707 nos
3671 1647 3787 1705 de-

675 1748 926 1806 clinare
975 1749 1403 1824 praecipitia„
1454 1763 1626 1824 quae
1674 1764 1798 1806 vos
1849 1754 1984 1806 tam
2037 1748 2323 1807 latenter
2354 1764 2556 1824 quam
2591 1755 2822 1824 aperte
2873 1748 3117 1808 facitis,
3156 1750 3553 1826 Hujusmodi
3600 1751 3788 1809 enim

679 1854 1018 1912 contentio
1070 1852 1284 1927 legem
1332 1858 1397 1911 et
1434 1853 1800 1926 magistros
1832 1851 1913 1911 de
1950 1868 2023 1911 se
2055 1852 2354 1927 expellit,
2392 1869 2469 1912 ac
2497 1852 2750 1928 judicia
2784 1853 2953 1928 legis
2987 1838 3115 1912 non
3149 1860 3353 1927 recte,
3391 1853 3506 1912 sed
3543 1870 3787 1913 secun-

667 1957 826 2016 dum
876 1958 1288 2017 voluntatem
1336 1963 1403 2016 et
1451 1962 1856 2031 potestatem
1906 1956 2293 2031 ponentium
2347 1972 2506 2015 esse
2555 1958 2924 2017 constituta
2957 1957 3142 2017 dicit.
3195 1957 3321 2017 Sed
3369 1960 3485 2034 qui
3518 1960 3789 2017 animas

671 2079 830 2120 suas
858 2062 1123 2122 salvare
1156 2061 1409 2134 volunt,
1442 2043 1981 2127 contentionibus
2015 2061 2171 2120 istis
2203 2076 2337 2119 non
2374 2061 2713 2135 insistant,
2754 2061 2873 2120 sed
2904 2062 3135 2121 verbis
3167 2068 3233 2121 et
3270 2062 3469 2123 factis
3500 2064 3787 2139 pacifice

673 2165 1001 2239 incedant,
1053 2181 1130 2223 ac
1180 2166 1419 2224 bonam
1457 2163 1865 2224 voluntatem
1902 2164 1983 2222 ad
2020 2180 2222 2238 opera
2266 2163 2573 2238 justitiae
2610 2163 2921 2223 habeant.
2960 2164 3137 2223 Haec
3173 2171 3396 2224 autem
3438 2165 3519 2224 de
3553 2168 3790 2242 poeni-

673 2269 956 2326 tentium
1004 2267 1357 2326 animabus
1406 2266 1771 2341 purgandis
1820 2273 1887 2324 et
1937 2266 2284 2325 salvandis
2318 2265 2500 2325 dicta
2537 2273 2713 2341 sunt,
2750 2273 2816 2325 et
2852 2266 3072 2326 fidelia
3107 2273 3287 2342 sunt;
3322 2274 3389 2328 et
3422 2269 3645 2329 fidelis
3681 2270 3791 2330 his

673 2371 995 2445 attendat,
1031 2378 1095 2429 et
1131 2385 1209 2428 ea
1240 2371 1302 2428 in
1339 2371 1730 2428 memoriam
1763 2370 1975 2429 bonae
2010 2369 2334 2428 scientiae
2368 2375 2746 2446 componat.

760 2474 871 2535 90.
921 2473 1043 2532 Sed
1095 2474 1266 2533 alios
1295 2473 1695 2549 >praedictae
1744 2473 2194 2533 multitudinis
2243 2474 2524 2549 spiritus
2577 2473 2737 2547 vidi,
2787 2475 2901 2549 qui
2935 2491 3172 2535 omnes
3218 2477 3510 2535 clamant
3559 2476 3790 2538 dicen-

671 2585 918 2638 centes:
960 2596 992 2636 «
1030 2577 1163 2636 Nos
1197 2577 1402 2637 alium
1434 2576 1642 2637 Deum
1676 2579 2009 2651 nolumuS,
2046 2583 2314 2652 praeter
2348 2578 2559 2652 illum,
2597 2579 2711 2653 qui
2745 2578 3014 2638 Lucifer
3046 2585 3171 2640 est.
3211 2580 3361 2655 Ipse
3395 2583 3575 2641 enim
3623 2599 3787 2643 con-

678 2703 708 2740 »
750 2689 852 2743 tra
906 2684 1091 2743 illum
1141 2683 1254 2758 qui
1305 2698 1378 2740 se
1425 2681 1631 2741 Deum
1666 2698 1817 2741 esse
1850 2682 2038 2756 dicit,
2076 2682 2475 2758 quandoque
2508 2682 2850 2757 pugnabit.
2894 2703 2922 2740 ιο
2963 2685 3082 2743 Isti
3118 2686 3449 2759 plurimas
3496 2685 3787 2747 infelici·

673 2791 850 2845 tates
899 2785 1286 2844 hominibus
1336 2792 1736 2860 proponunt,
1787 2792 1854 2844 et
1903 2785 2081 2862 quod
2133 2801 2203 2843 se
2256 2786 2319 2843 in
2371 2785 2762 2844 infelicitate
2812 2795 3006 2846 natos
3053 2789 3461 2864 existiment,
3497 2791 3602 2849 eis
3636 2808 3791 2867 per-

663 2889 981 2948 suadent.

2088 3097 2352 3159 LXXVI.

1751 3308 1844 3368 De
1889 3311 2120 3386 poenis
2170 3309 2695 3385 desperantium.

762 3516 870 3575 91.
920 3516 999 3575 Et
1048 3516 1180 3575 vidi
1235 3515 1485 3574 fossam
1535 3516 1786 3574 multae
1834 3515 2211 3575 latitudinis
2244 3522 2310 3574 et
2346 3498 2847 3591 profunditatiS‚
2890 3518 2953 3575 in
2988 3533 3119 3593 qua
3154 3519 3563 3597 sulphureus
3600 3525 3783 3601 ignis

672 3628 740 3680 ct
787 3620 1038 3680 diversi
1090 3633 1357 3678 vermes
1404 3625 1618 3678 erant.
1669 3619 1742 3677 In
1789 3618 1915 3677 hac
1949 3635 2211 3678 ammae
2250 3621 2513 3679 illorum
2549 3620 3026 3695 puniebantur,
3064 3624 3178 3699 qui
3212 3624 3369 3684 dum
3406 3628 3469 3686 in
3503 3632 3783 3691 saeculo

676 3716 984 3799 fuissent,
1041 3724 1104 3782 in
1154 3723 1362 3781 Deum
1413 3724 1700 3799 pleniter
1733 3738 1864 3781 non
1896 3722 2336 3795 confidebant,
2375 3723 2493 3781 sed
2525 3740 2787 3783 omnem
2820 3725 3295 3788 adversitatem
3329 3747 3501 3806 quae
3531 3734 3633 3791 eis
3667 3750 3785 3793 oc-

672 3831 968 3898 curerat,
999 3826 1377 3886 infelicitati
1414 3830 1696 3884 naturae
1732 3840 1894 3884 suae
1932 3826 2380 3900 imponebant.
2417 3826 2583 3897 Quia
2616 3827 2791 3886 enim
2829 3829 2893 3887 in
2924 3828 3131 3889 Deum
3165 3849 3294 3891 non
3328 3836 3777 3915 confidebant,

675 3935 737 3992 in
785 3932 1018 3992 eadem
1067 3930 1252 3990 fossa
1300 3934 1513 3989 erant.
1565 3929 1643 3988 Et
1691 3930 1849 4004 quia
1899 3929 1965 3987 in
2005 3928 2376 3988 diffidentia
2414 3930 2545 3989 ista
2578 3932 2888 4007 nequiter
2922 3942 3390 4010 peccaverant,
3430 3937 3604 3998 idem
3639 3944 3782 4001 sul-

670 4037 968 4113 phureus
1018 4035 1190 4110 ignis
1237 4046 1356 4092 eos
1390 4030 1646 4093 urebat.
1681 4033 1761 4091 Et
1794 4034 1953 4108 quia
1986 4033 2436 4092 adversitates
2471 4035 2599 4094 sibi
2639 4043 3074 4097 occurrentes
3110 4048 3384 4116 propter
3421 4043 3782 4106 infelicita-

671 4148 804 4202 tem
831 4146 1109 4201 naturae
1136 4154 1297 4198 suae
1326 4139 1454 4198 sibi
1485 4137 1723 4197 adesse
1753 4137 2204 4212 affirmabant,
2229 4137 2633 4197 afflictiones
2657 4140 2986 4199 vermium
3016 4142 3299 4202 istorum
3327 4147 3774 4210 sustinebant.

2072 4361 2365 4421 Lxxvn.

1195 4557 1498 4629 Qualiter
1547 4554 1724 4613 idem
1767 4560 2114 4631 peccatum
2157 4557 2559 4631 poenitendo
2608 4559 2902 4617 homines
2951 4559 3241 4619 deleant.

757 4767 864 4826 92.
917 4765 992 4823 Et
1042 4764 1177 4823 vidi
1226 4770 1292 4821 et
1345 4762 1636 4821 intellexi
1689 4760 1871 4819 haec.
1910 4760 1989 4819 Et
2022 4761 2103 4819 de
2138 4760 2481 4836 praedicta
2518 4763 2783 4822 vivente
2819 4764 2964 4823 luce
2999 4781 3234 4825 vocem
3269 4766 3433 4827 haec
3468 4769 3630 4829 mihi
3668 4770 3769 4831 di-

673 4874 932 4927 centem
961 4869 1202 4926 iterum
1236 4864 1483 4924 audivi:
1518 4861 1568 4940 ²)
1609 4863 1787 4921 Haec
1822 4879 1991 4937 quae
2027 4863 2239 4937 videS,
2276 4880 2437 4924 vera
2474 4872 2658 4941 sunt,
2702 4872 2770 4926 et
2804 4873 2875 4927 ut
2908 4883 2986 4927 ea
3017 4869 3230 4943 vides,
3284 4871 3375 4930 ita
3424 4880 3600 4932 sunt.
3638 4874 3774 4934 Ho-

671 4973 884 5031 mines
929 4977 1152 5029 autem
1202 4971 1259 5028 si
1311 4968 1613 5043 spiritu5‚
1670 4966 2130 5026 infelicitatem
2174 4968 2302 5027 sibi
2352 4978 2821 5046 proponenteS,
2873 4973 3257 5035 desiderant
3302 4990 3647 5053 superare,
3699 4986 3769 5039 et

748 5142 788 5205 ¹)
820 5140 998 5192 lmmo
1029 5137 1087 5192 in
1117 5136 1331 5199 Exodo,
1367 5142 1429 5191 ut
1457 5150 1640 5205 supra.
1675 5166 1734 5173 —
1760 5135 1805 5201 ²)
1847 5138 2041 5189 ilerum
2079 5150 2188 5189 om.
2223 5133 2289 5189 Α.
