4036 6117
678 495 766 557 tta:-
1843 514 1894 559 s.
1947 513 2488 562 n1Ln13GAnots

2027 738 2273 800 CVIIII.

1466 948 1893 1008 Poenitentia
1939 948 2020 1005 de
2069 949 2421 1009 homicidio
2469 968 2554 1008 eae
2601 952 2857 1027 furore.

702 1151 853 1213 127.
903 1152 1027 1225 Qui
1074 1154 1252 1215 enim
1299 1170 1419 1231 per
1479 1155 1773 1216 furorem
1825 1156 1964 1216 irae
2031 1157 2321 1217 animam
2370 1156 2661 1217 hominis
2711 1156 2794 1217 de
2842 1170 3124 1234 corpore
3173 1172 3297 1216 suo
3342 1154 3578 1232 eJecit,
3646 1156 3714 1216 si

608 1254 736 1316 hoc
784 1257 851 1316 in
898 1273 972 1316 so
1018 1257 1255 1334 punire
1307 1260 1635 1336 voluerit,
1702 1275 1783 1319 ne
1831 1259 2174 1336 praefatos
2238 1262 2580 1321 cruciatus
2632 1261 2915 1336 sentiat,
2981 1275 3102 1337 per
3150 1260 3347 1336 longa
3403 1265 3712 1333 tempora

612 1360 1001 1422 constrictis
1044 1361 1318 1438 jejuniis
1351 1380 1423 1423 se
1474 1369 1787 1439 maceret,
1838 1370 1904 1422 et
1938 1363 2222 1440 flagellis
2273 1381 2347 1424 se
2394 1365 2703 1442 castiget,
2755 1369 2957 1440 atque
3004 1362 3384 1424 claritatem
3431 1360 3719 1423 luminis.

609 1478 731 1540 per
778 1464 1047 1541 aliquod
1117 1472 1382 1543 tempus
1429 1465 1703 1541 devitet,
1756 1468 2072 1544 quoniam
2146 1484 2369 1528 aerem
2417 1468 2630 1529 effuso
2681 1468 3005 1543 sanguine
3078 1465 3394 1542 foedavit3
3444 1470 3512 1524 et
3581 1461 3718 1522 hoc

610 1584 763 1629 cum
805 1569 1057 1646 judicio
1090 1571 1220 1631 sibi
1267 1571 1714 1648 praesidentis
1747 1572 2047 1633 doctoris
2088 1573 2439 1650 compleat.

2100 1781 2222 1842 CX.

1448 1992 1873 2052 Poenitentiu
1918 1991 1998 2050 de
2048 1992 2396 2051 homicidio
2443 2009 2526 2051 ex
2575 1993 2878 2051 avaritia.

708 2194 858 2259 128.
909 2196 1032 2258 Sed
1068 2199 1182 2275 qui
1217 2198 1367 2276 igne
1415 2198 1742 2260 avaritiae
1792 2215 2142 2275 accensuS,
2195 2200 2486 2259 animam
2518 2203 2587 2259 et
2635 2215 2880 2275 corpus
2928 2194 3220 2258 hominis
3270 2192 3718 2271 separaverit,

615 2302 676 2361 si
710 2301 1097 2378 supradicta
1145 2309 1477 2365 tormenta
1513 2304 1660 2380 ejus
1708 2302 2046 2364 declinare
2093 2303 2452 2379 desiderat,
2505 2304 2710 2363 etiam
2756 2307 2824 2363 et
2858 2303 3002 2379 ipse
3049 2300 3415 2363 constricta
3458 2297 3716 2375 jeJ‘unia

620 2420 775 2465 cum
810 2404 1156 2465 acerrimis
1195 2407 1479 2483 flagellis
1511 2423 1631 2483 per
1662 2411 2005 2484 protracta
2041 2415 2342 2485 tempora
2384 2407 2837 2483 aggrediatur,
2874 2422 2951 2467 ac
2986 2403 3325 2467 consortia
3374 2402 3720 2463 hominum

617 2507 949 2584 devitanS,
989 2508 1363 2571 solitariam
1394 2512 1606 2571 vitam
1634 2505 1681 2590 ¹)
1719 2513 1786 2572 in
1820 2512 1991 2574 silva
2043 2528 2163 2589 per
2197 2511 2467 2590 aliquod
2502 2518 2765 2589 ternpus
2798 2510 3102 2587 arripiat,
3139 2515 3207 2571 et
3248 2507 3376 2569 hoc
3424 2522 3576 2568 cum
3611 2519 3724 2565 ae-

622 2611 881 2688 quitate
908 2612 1212 2690 justitiae
1249 2612 1468 2674 faciat.

2093 2721 2247 2781 CXI.

1394 2929 1819 2990 Poenitentia
1865 2930 1945 2990 de
1993 2930 2342 2991 homicidio
2389 2949 2473 2990 eoe
2519 2931 2932 2991 necessitate.

715 3131 867 3196 129.
903 3134 1027 3207 Qui
1074 3152 1235 3197 vero
1284 3137 1620 3199 hominem
1653 3140 2174 3216 praecipitanter
2220 3139 2486 3215 occidit,
2532 3138 2949 3200 voluntatem
2986 3136 3169 3198 illius
3202 3130 3730 3211 praeveniendo,

624 3239 783 3315 quia
808 3244 1001 3316 putat
1028 3255 1101 3300 se
1127 3241 1209 3301 ab
1246 3242 1357 3302 illo
1388 3243 1451 3302 in
1486 3248 1770 3303 mortem
1801 3243 2096 3320 deposci,
2129 3241 2180 3323 ²)
2212 3243 2270 3304 si
2302 3259 2551 3319 poenas
2577 3241 2877 3319 ejusdem
2909 3240 3137 3301 delicti
3170 3239 3252 3299 de
3278 3254 3351 3298 se
3385 3236 3725 3298 studuerit
3793 3272 3804 3282 -

623 3349 959 3420 excutere,
1010 3345 1213 3406 etiam
1257 3346 1530 3424 jejuniis
1579 3364 1651 3407 se
1700 3348 2008 3425 castiget,
2061 3348 2426 3408 secundum
2474 3347 2650 3425 quod
2685 3353 2942 3407 rectum
2969 3344 3295 3423 judicium
3328 3348 3396 3402 et
3426 3340 3727 3418 qualitas

623 3448 926 3525 ejusdem
957 3464 1276 3512 excessus
1312 3452 1440 3513 sibi
1475 3453 1924 3529 proposuerit,
1959 3453 2300 3530 prioribus
2334 3452 2750 3530 aliquantum
2780 3445 2832 3530 ⁸)
2867 3448 2975 3510 his
3007 3450 3158 3525 plus
3193 3446 3549 3509 alleviatiS.

2081 3661 2266 3724 CXII.

1408 3873 1834 3933 Poenitentia
1877 3872 1957 3932 de
2005 3872 2355 3933 homicidio
2401 3890 2485 3932 eae
2533 3872 2930 3948 iquorantia.

721 4075 871 4138 130.
923 4076 1107 4150 Quod
1157 4077 1216 4137 si
1256 4084 1323 4138 et
1370 4078 1480 4138 ille
1521 4079 1637 4155 qui
1669 4079 2005 4140 hominem
2041 4080 2424 4156 ignoranter
2458 4079 2524 4138 in
2557 4083 2841 4139 mortem
2874 4076 3059 4137 misit
3092 4074 3433 4151 praefatos
3467 4070 3728 4132 crucia-

631 4186 743 4242 tus
790 4182 1237 4259 abhorruerit,
1289 4189 1357 4243 et
1404 4183 1504 4243 eis
1538 4183 1777 4244 abesse
1823 4185 2183 4261 optaverit,
2222 4183 2496 4260 jejunia,
2535 4182 2652 4242 sed
2687 4187 2911 4241 tamen
2946 4179 3250 4241 breviata
3282 4183 3350 4237 et
3380 4175 3723 4249 alleviata,

628 4284 993 4345 secundum
1044 4287 1376 4364 justitiam
1432 4285 1563 4348 sibi
1617 4294 1992 4365 componat,
2052 4289 2367 4364 quoniam
2422 4286 2734 4369 noluntas
2789 4285 2936 4362 ejus
2992 4283 3208 4344 eidem
3263 4286 3539 4359 peccato
3588 4294 3726 4338 non

632 4387 871 4448 astitit.

2071 4494 2288 4556 CXIII.

1449 4703 1875 4766 Poenitentia
1921 4705 2001 4764 de
2050 4703 2400 4765 homicidio
2446 4724 2531 4765 eae
2577 4703 2904 4783 veneficio,

726 4905 878 4969 131.
930 4910 1048 4970 Ille
1078 4905 1126 4989 ⁴)
1168 4917 1393 4972 autem
1442 4914 1557 4990 qui
1606 4911 1939 4973 hominem
1974 4913 2296 4972 veneficio
2331 4915 2474 4973 sive
2509 4911 2639 4973 alio
2676 4910 2900 4987 aliquo
2935 4908 3131 4970 modo
3182 4909 3328 4996 sine
3365 4905 3732 4970 emissione

631 5014 979 5089 sanguinis
1031 5016 1094 5074 in
1143 5022 1426 5076 mortem
1475 5017 1682 5092 misit,
1736 5018 1793 5077 si
1826 5018 2194 5077 tormentis
2243 5017 2544 5094 ejusdem
2593 5014 2938 5078 commissi
2988 5030 3060 5074 se
3101 5014 3361 5090 eripere
3403 5013 3720 5086 voluerit,

712 5177 754 5248 ¹)
783 5185 928 5237 viam
953 5182 1044 5239 W.
1074 5215 1138 5223 ——
1157 5186 1202 5253 2)
1230 5185 1426 5255 deponi
1448 5183 1518 5249 Α,
1543 5184 1634 5241 W.
1660 5182 1748 5242 An
1770 5185 1942 5259 probe
1969 5184 2329 5242 emendatum
2346 5186 2374 5239 ἱ)
2401 5216 2467 5225 --
2492 5182 2536 5252 ³)
2563 5181 2978 5254 aliquantulum
3000 5178 3070 5241 A.
3103 5211 3172 5222 —
3195 5179 3240 5250 ⁴)
3266 5178 3373 5238 Iste
3396 5180 3464 5236 Α.
