4036 6117
1444 466 1868 514 EXPOSITIO
1916 466 2573 513 nvANGEmonuM.
3357 450 3490 509 309

464 580 606 638 tum
639 581 952 658 ostendit,
989 589 1049 641 et
1085 585 1176 643 ait
1211 584 1339 659 illi,
1378 585 1476 644 sic
1509 585 1758 645 dicens:
1797 587 2030 663 Effeta,
2069 585 2239 662 quod
2273 589 2365 642 est
2402 585 2749 660 adaperi-re
2799 602 2829 640 c<
2862 583 3173 658 quoniam
3210 582 3557 641 remittun-

460 687 571 741 tur
620 684 743 743 tibi
773 691 1070 762 peccata,
1098 682 1142 765 ¹)
1182 706 1214 744 n
1254 689 1410 763 quia
1445 689 1527 748 ad
1561 705 1666 747 me
1700 689 1977 758 clamaS,
2013 694 2081 747 et
2114 703 2219 746 me
2252 688 2624 762 cognoscis

547 790 630 848 Et
679 793 903 850 statim
936 798 1204 869 apertae
1255 799 1408 852 sunt
1442 812 1638 852 aures
1688 790 1852 866 ejus,
1890 792 2048 867 quia
2082 807 2311 851 omnes
2356 791 2590 851 sordes
2634 792 2894 851 animae
2928 792 3110 850 illius
3160 791 3554 864 abstergun-

458 895 587 967 tur,
640 896 953 970 quoniam
999 896 1207 955 Deum
1255 897 1534 971 audivit,
1586 902 1648 955 et
1697 897 1990 956 solutum
2036 903 2133 955 est
2164 897 2509 956 vinculum
2558 898 2821 972 linquae
2872 893 3036 970 ejuS,
3074 894 3189 954 ubi
3239 892 3550 969 implexio
3633 942 3639 946 .

459 997 674 1057 malae
724 999 1228 1059 consuetudinis
1279 1000 1362 1061 ab
1413 1000 1526 1059 illo
1560 999 1883 1073 aufertur,
1941 1000 2035 1059 ita
2068 1005 2142 1058 ut
2188 1016 2403 1059 novus
2439 999 2635 1059 homo
2684 999 2819 1073 fiat,
2857 1005 2918 1057 et
2956 997 3345 1075 loquebatur
3371 1002 3549 1056 recte

457 1101 738 1160 dicendo
768 1102 1103 1178 justitiam
1134 1102 1274 1163 Dei.

545 1204 627 1264 Et
655 1209 993 1284 praecepit
1029 1208 1191 1281 illis,
1238 1226 1320 1266 ne
1356 1210 1462 1267 cui
1496 1208 1816 1284 dicerent,
1855 1209 2014 1283 quia
2046 1208 2223 1268 Deus
2254 1225 2388 1268 non
2421 1209 2564 1268 vult
2599 1209 2672 1268 ut
2701 1206 2979 1268 Diabolo
3010 1221 3131 1283 per
3165 1204 3550 1282 superbiam

452 1307 724 1383 aliquod
774 1325 1171 1384 responsum
1203 1311 1337 1385 det,
1390 1312 1548 1387 quid
1583 1312 1665 1371 de
1714 1328 1786 1372 se
1823 1313 2073 1373 factum
2124 1313 2236 1384 sit,
2276 1314 2369 1373 ita
2417 1313 2478 1372 si
2511 1313 2783 1372 diceret:
2821 1312 3012 1371 Modo
3048 1314 3323 1371 sanctus
3374 1324 3547 1369 sum.

454 1410 712 1505 Quanto
759 1419 984 1473 autern
1017 1417 1111 1473 eis
1152 1415 1596 1493 praecipiebat
1636 1433 1707 1475 se
1756 1416 2138 1492 humiliare,
2178 1423 2362 1476 tanto
2408 1419 2616 1494 maqis
2656 1418 2813 1494 plus
2855 1414 3367 1493 praedicabant,
3416 1428 3549 1472 non

454 1517 520 1575 in
545 1518 882 1593 superbia,
919 1520 1035 1578 sed
1071 1520 1138 1579 in
1171 1519 1569 1596 humilitate,
1607 1521 1925 1596 gaudium
1960 1522 2224 1582 animae
2269 1522 2450 1581 illius
2485 1522 2565 1581 de
2600 1521 2794 1581 laude
2829 1521 2896 1580 in
2923 1520 3213 1589 laudem,
3263 1517 3344 1576 de
3388 1532 3550 1592 gau-

451 1624 562 1684 dio
598 1626 662 1684 in
696 1626 1037 1701 gaudium,
1074 1634 1136 1686 et
1171 1645 1243 1686 eo
1276 1628 1565 1704 amplius
1599 1627 2140 1702 admirabantur,
2179 1629 2340 1703 quia
2371 1627 2610 1687 domus
2643 1626 2758 1685 Dei
2796 1627 2861 1684 in
2896 1626 3009 1685 illo
3046 1629 3343 1699 paratur,
3374 1637 3550 1681 sem-

450 1743 569 1800 per
606 1728 927 1788 miracula
967 1729 1240 1806 faciens„
1278 1713 1602 1791 dieentes?
1637 1733 1820 1792 Bene
1855 1734 2081 1791 omnia
2110 1733 2294 1809 fecit,
2325 1731 2579 1807 justum
2614 1729 2695 1788 de
2730 1721 3222 1810 injusto,’·illum
3255 1725 3336 1784 de
3371 1724 3546 1783 malo

450 1830 534 1889 ad
569 1831 813 1891 bonum
862 1834 1335 1909 convertendo,
1375 1841 1438 1894 et
1481 1836 1712 1895 surdos
1746 1837 1905 1913 fecit
1940 1836 2178 1895 audire
2214 1841 2275 1894 et
2310 1841 2524 1894 mutos
2560 1835 2760 1911 loqui,
2798 1832 2958 1908 quia
2991 1830 3167 1891 Deus
3204 1830 3390 1889 illum
3432 1842 3549 1886 no-

451 1948 608 1992 vum
646 1933 982 1995 hominem
1019 1935 1204 2007 fecit,
1240 1942 1309 1997 et
1342 1938 1544 1997 aliam
1578 1939 1788 1998 vitam
1823 1940 1890 1998 in
1922 1954 2000 1998 eo
2036 1953 2237 2014 quam
2272 1938 2463 2015 prius
2496 1936 2864 1997 habuisset.

1887 2177 2246 2278 XXIII.

1361 2426 1442 2483 In
1495 2424 1840 2485 Dominica
1887 2423 1947 2482 X
1983 2430 2134 2500 post
2188 2425 2632 2485 Pentecosten,

1951 2632 1996 2692 1.

532 2836 675 2897 Duo
721 2839 1014 2899 homines
1045 2836 1096 2917 ²)
1149 2846 1303 2900 sunt
1338 2840 1507 2900 duae
1557 2841 2022 2916 generationes
2067 2842 2150 2900 ab
2198 2842 2405 2901 Adam
2459 2856 2670 2917 usque
2721 2839 2801 2899 ad
2851 2838 3295 2899 novissimum
3342 2836 3541 2897 diem:

439 2956 591 3000 nam
641 2942 754 3001 isti
805 2948 961 3001 sunt
1010 2959 1046 3001 a
1079 2945 1432 3004 nativitate
1481 2945 1732 3019 mundi,
1769 2950 1844 3004 ut
1892 2945 2197 3020 Samson,
2238 2946 2335 3004 illi
2371 2947 2592 3005 autem
2629 2963 2666 3003 a
2702 2943 3057 3003 nativitate
3105 2940 3427 3018 superflui
3474 2940 3541 2997 in

439 3043 836 3120 pinguedine
869 3046 1115 3120 carnis,
1154 3053 1225 3107 ut
1272 3047 1559 3109 Goliath.
1596 3048 2050 3109 Ascendebant
2088 3050 2152 3109 in
2186 3048 2710 3124 cogitationibus
2746 3048 2912 3122 suis,
2951 3062 3218 3106 sursum
3252 3042 3541 3104 volando

437 3151 510 3209 in
544 3152 897 3228 templum,
935 3151 1196 3211 scilicet
1230 3152 1313 3211 ad
1347 3159 1780 3227 conspectum
1814 3152 1963 3227 Dei,
1999 3161 2075 3213 ut
2112 3160 2404 3228 orarent,
2444 3154 2510 3213 id
2544 3158 2650 3212 est
2683 3158 2756 3211 ut
2787 3151 2995 3211 Deum
3042 3149 3536 3208 confiterentur.

444 3250 619 3312 Unus
649 3255 1073 3330 PharisaeuS,
1111 3256 1228 3331 qui
1258 3256 1567 3332 designat
1601 3257 1753 3317 illos
1788 3258 1904 3333 qui
1938 3276 1976 3318 a
2021 3258 2373 3318 nativitate
2408 3257 2639 3316 mundi
2690 3262 2868 3330 sunt,
2907 3255 2999 3314 ita
3030 3259 3105 3313 ut
3136 3269 3267 3313 non
3300 3251 3436 3310 sint
3470 3251 3536 3309 in

434 3356 833 3433 pinguedine
881 3361 1128 3434 carniS,
1180 3366 1247 3418 et
1283 3359 1348 3419 hi
1400 3366 1556 3420 sunt
1589 3377 1787 3437 saepe
1834 3361 1984 3420 duri
2020 3367 2089 3422 et
2139 3362 2468 3436 immiteS‚
2519 3366 2586 3420 et
2620 3361 2858 3436 putant
2905 3373 2976 3418 se
3009 3359 3221 3418 bonos
3254 3369 3432 3427 esse,
3467 3355 3536 3413 et

435 3477 570 3520 non
604 3468 790 3538 sunt,
844 3465 1163 3540 quoniam
1198 3466 1673 3525 continentiam
1712 3467 1913 3526 istam
1945 3466 2028 3526 de
2063 3466 2214 3526 viva
2251 3482 2428 3542 aqua
2475 3483 2607 3525 non
2640 3465 3037 3538 hauserunt,
3074 3462 3190 3522 sed
3222 3479 3261 3522 a
3294 3459 3537 3521 nativi·-

438 3566 575 3625 tate
623 3583 767 3642 sua3
804 3575 867 3628 et
915 3570 1087 3628 alter
1122 3570 1189 3629 in
1236 3569 1369 3629 alia
1401 3570 1870 3630 vicissitudine
1921 3570 2327 3631 Publicanus
2363 3571 2430 3630 in
2462 3569 2865 3645 pinguedine
2899 3568 3147 3642 carnis,
3188 3567 3281 3627 ita
3315 3570 3389 3626 ut
3421 3580 3541 3640 gu-
3634 3572 3637 3574 ’

434 3674 612 3729 stum
644 3673 924 3747 peccati,
960 3689 1160 3749 quem
1196 3673 1262 3732 in
1295 3675 1836 3751 concupiscentia
1871 3674 2249 3749 habuerint,
2287 3675 2491 3734 etiam
2525 3675 2841 3749 operibus
2880 3674 3227 3749 impleant.

522 3775 928 3836 Pharisaeus
964 3783 1169 3852 stam,
1206 3778 1363 3853 quia
1395 3778 1563 3839 vitia
1596 3794 1714 3839 eos
1753 3779 1836 3838 ad
1864 3778 2316 3839 humilitatem
2342 3795 2472 3838 non
2507 3779 2996 3854 constringunt,
3032 3782 3192 3838 haec
3227 3774 3409 3852 apud
3440 3791 3531 3847 se,

438 3876 504 3937 id
550 3882 653 3938 est
688 3878 753 3937 in
802 3880 1166 3956 semetipso
1201 3883 1435 3954 oravit,
1489 3882 1647 3957 quia
1679 3882 2012 3958 gloriatur
2060 3882 2141 3941 de
2176 3882 2590 3956 innocentia,
2641 3883 2827 3941 velut
2858 3897 3005 3942 eam
3054 3879 3317 3951 adorat,
3354 3880 3422 3935 et
3471 3875 3539 3933 in

435 3979 641 4039 alium
673 3997 804 4041 non
852 3982 1157 4058 aspiciat,
1193 3999 1315 4042 nec
1348 3983 1683 4060 adjutorio
1719 3985 2000 4045 alterius
2036 3986 2151 4061 qui
2184 4002 2335 4045 eum
2371 3984 2785 4061 consoletur,
2824 3985 3135 4060 indigeat:
3174 3984 3375 4055 Deus,
3413 3977 3535 4055 qui

434 4084 656 4144 omnia
707 4084 948 4161 fecisti,
982 4089 1230 4164 qratias
1278 4105 1394 4165 ayo
1429 4087 1580 4162 tibi,
1635 4088 1700 4147 id
1735 4094 1841 4148 est
1873 4089 2197 4149 benedico
2231 4089 2378 4163 tibi,
2414 4091 2572 4166 quia
2603 4107 2734 4149 non
2769 4107 2916 4149 sum
2949 4091 3117 4149 sicut
3152 4086 3398 4149 caeteri
3430 4086 3540 4142 ho-

431 4190 713 4263 minum,
766 4189 1026 4249 scilicet
1058 4190 1215 4266 quia
1262 4207 1392 4250 non
1429 4190 1691 4266 indigeo
1739 4197 1813 4252 ut
1847 4193 2163 4268 plangam
2198 4197 2265 4252 et
2297 4193 2584 4268 lugeam,
2622 4192 2938 4268 quoniam
2971 4196 3242 4267 gustum
3275 4184 3536 4264 peccati

431 4309 561 4351 non
598 4291 845 4368 habe0,
901 4295 1080 4354 velut
1114 4295 1228 4354 alii
1278 4295 1392 4371 qui
1432 4296 1497 4353 in
1537 4295 1943 4371 pinguedine
1981 4296 2204 4355 carnis
2242 4302 2421 4371 sunt,
2457 4302 2753 4372 raptores
2785 4313 2905 4372 per
2937 4296 3346 4355 desiderium
3379 4293 3540 4353 alie-

431 4412 556 4456 nae
591 4397 709 4472 rei,
741 4396 980 4472 injusti
1016 4399 1080 4458 in
1109 4399 1469 4458 immundis
1503 4400 2055 4476 cogitationibuS,
2094 4401 2416 4475 adulteri,
2467 4416 2621 4460 curn
2669 4401 2960 4460 alienum
2992 4401 3341 4475 peccatum
3388 4413 3537 4473 per-

432 4499 685 4576 ficiunt,
721 4503 901 4562 velut
937 4506 1139 4563 etiam
1170 4505 1273 4565 hic
1305 4496 1353 4582 ⁸)
1392 4503 1827 4579 Publicanus,
1870 4503 1988 4580 qui
2022 4519 2369 4580 nunquam
2405 4504 2472 4564 in
2495 4503 2893 4579 pinguedine
2927 4505 3205 4564 naturae
3238 4517 3401 4562 suae
3434 4518 3541 4561 sa·-

433 4606 647 4664 turari
682 4611 928 4681 potest.

521 4709 782 4784 Jejuno,
837 4711 902 4770 id
936 4717 1039 4771 est
1087 4712 1408 4773 abstraho
1444 4729 1548 4772 me
1598 4730 1635 4772 a
1668 4718 1966 4790 peccato,
2002 4712 2097 4771 bis
2148 4713 2411 4772 scilicet
2445 4718 2518 4772 ut
2550 4713 2753 4774 etiam
2800 4713 3006 4773 alium
3053 4728 3183 4772 non
3215 4710 3532 4788 polluam,

432 4817 506 4875 in
540 4816 814 4891 sabbate,
849 4816 1165 4877 videlicet
1198 4819 1265 4877 in
1296 4818 1438 4878 vita
1474 4833 1641 4892 mea;
1679 4820 1967 4879 decimas
2005 4820 2109 4893 dc,
2147 4820 2405 4879 scilicet
2438 4821 2819 4881 castitatem
2849 4820 3012 4894 fem,
3042 4820 3336 4877 omnium
3370 4833 3534 4893 quae

427 4918 772 4997 possideO,
811 4917 874 4977 id
908 4923 1010 4978 est
1042 4918 1124 4977 de
1157 4920 1338 4979 omni
1373 4936 1576 4980 sensu
1609 4925 1677 4981 et
1710 4937 1990 4997 corpore
2025 4937 2191 4981 meo,

508 5100 551 5164 ¹)
579 5101 782 5158 Matth.
818 5102 922 5167 lx,
959 5107 1008 5160 2.
1045 5135 1108 5144 -—-
1138 5107 1184 5170 2)
1212 5105 1346 5160 Luc.
1377 5104 1589 5163 xvlll.
1627 5111 1690 5161 10
1712 5110 1837 5162 -14,
1871 5140 1936 5148 -—
1962 5107 2009 5177 ³)
2038 5109 2127 5166 hic
2151 5123 2261 5165 om.
2291 5107 2413 5164 cod.
