4036 6117
3188 499 3317 581 '2¹⁸0

1729 738 1927 843 III.

1319 1000 1606 1073 VITA
1664 1001 1735 1074 S.
1801 999 2324 1073 RUPERTI

342 1258 669 1316 nonnum.
703 1261 960 1316 Nondum
991 1260 1058 1313 ad
1089 1274 1177 1314 me
1210 1266 1540 1330 pervenerat
1571 1260 1744 1315 codex
1775 1259 2233 1315 vindobonensis
2264 1264 2389 1321 628.
2436 1275 2614 1329 quum
2656 1262 2806 1332 typis
2831 1263 3084 1318 mandari
3117 1267 3374 1336 oportuit

269 1349 394 1400 tam
433 1347 716 1416 prooemia
739 1347 807 1400 ad
829 1346 1003 1401 vitam
1043 1346 1098 1401 S.
1131 1345 1387 1400 Disibodi
1428 1363 1480 1416 p.
1526 1351 1650 1406 352,
1691 1361 1860 1415 quam
1902 1347 2190 1416 epilogum
2233 1346 2383 1400 vitae
2422 1346 2477 1401 S.
2513 1347 2752 1417 Ruperti
2797 1365 2845 1419 p.
2895 1353 3020 1411 358,
3060 1356 3158 1404 aut
3197 1352 3366 1405 etiam

264 1432 530 1486 carmina
567 1447 712 1501 quae
743 1433 908 1502 paulo
946 1437 1077 1486 ante
1103 1436 1300 1486 extant
1329 1447 1381 1500 p.
1413 1435 1535 1486 ⁴⁴1.
1573 1432 1686 1485 Vix
1713 1438 1901 1485 autem
1931 1431 2117 1486 evolvi
2145 1431 2393 1486 codicem
2421 1431 2774 1494 Caesareum,
2807 1449 2982 1502 quum
3017 1435 3157 1490 mihi
3191 1437 3373 1491 subiit

267 1517 560 1587 singulare
598 1519 824 1587 aliquod
856 1524 911 1572 et
954 1519 1395 1589 inexpectatum:
1429 1518 1694 1573 videlicet
1735 1518 1789 1572 iu
1826 1518 1939 1571 vita
1979 1519 2035 1573 S.
2069 1518 2303 1587 Ruperti
2349 1535 2456 1570 nou
2488 1520 2672 1571 solum
2714 1520 2850 1574 haec
2885 1520 2991 1574 tria
3019 1537 3164 1590 quae
3200 1522 3370 1577 modo

272 1605 557 1667 recensui,
601 1606 768 1658 simul
811 1622 1163 1665 concurrere,
1209 1603 1562 1670 gravissimis
1595 1604 1865 1658 distincta
1898 1604 2298 1664 varietatibus,
2345 1604 2617 1674 novisque
2644 1611 2804 1658 aucta
2838 1606 3233 1672 inerementiS,
3274 1609 3368 1664 sed

272 1689 389 1745 huc
438 1689 740 1760 interjecta
782 1690 1091 1761 multiplici
1135 1695 1191 1744 et
1247 1690 1517 1743 immensa
1577 1689 2051 1760 interpolatione,
2106 1693 2289 1743 totum
2344 1689 2535 1743 eadem
2588 1690 2849 1758 congerie
2891 1692 3170 1748 contineri
3223 1711 3371 1749 com-

268 1775 616 1830 mentarium
649 1775 705 1829 in
737 1775 1052 1845 symbolum
1093 1776 1148 1830 S.
1180 1775 1479 1829 Athanasii
1526 1782 1937 1845 nuncupatum
1981 1778 2046 1827 ut
2075 1789 2219 1842 quae
2245 1774 2527 1844 prooemia
2568 1774 2694 1829 dedi
2729 1776 2877 1830 vitae
2915 1778 2970 1833 S.
3014 1779 3267 1834 Disibodi
3299 1798 3367 1834 ex

270 1859 385 1915 fide
434 1860 647 1916 codicis
689 1861 1095 1922 WisbadensiS‚
1140 1862 1344 1932 partim
1388 1861 1685 1914 videantur
1738 1861 1980 1930 praelixa
2021 1859 2279 1929 exposito
2334 1861 2613 1930 symbolo,
2668 1863 2877 1932 partim
2932 1864 3269 1935 rejiciantur
3312 1867 3368 1919 in

268 1944 561 2015 epilogum
595 1945 742 1999 vitae
773 1946 955 2000 saneti
986 1946 1242 2016 Ruperti.
1289 1946 1475 1999 Nostri
1509 1945 1741 1999 omnino
1771 1943 2023 1998 instituti
2056 1950 2163 2004 est,
2204 1961 2343 2014 opus
2376 1945 2517 1998 illud
2548 1944 2793 2016 spissum
2832 1954 2888 2002 et
2929 1949 3144 2004 varium
3172 1952 3370 2006 discri-

268 2032 538 2087 minatim
572 2049 879 2094 recensere,
915 2049 1084 2086 novas
1118 2039 1172 2086 et
1203 2032 1541 2087 necessarias
1581 2031 1845 2096 colligere
1879 2030 2171 2090 lectiones,
2214 2030 2463 2084 auctaria
2498 2033 2625 2101 plus
2652 2032 2843 2088 minus
2869 2035 3091 2106 copiosa
3136 2053 3243 2091 nou
3276 2056 3367 2092 ne-

268 2117 505 2186 gligere.
548 2117 789 2188 seposita
819 2119 891 2171 ob
930 2118 1266 2184 gravitatem
1308 2117 1624 2186 argumenti
1669 2116 1912 2187 symboli
1967 2116 2339 2170 Athanasiani
2392 2117 2810 2187 explanatione,
2862 2121 3026 2190 eujus
3077 2123 3365 2177 rarissima

267 2212 408 2260 sunt
437 2219 566 2259 mss.
597 2207 932 2275 apographa.
977 2206 1261 2276 Suspicari
1298 2207 1454 2260 lubet
1479 2206 1589 2258 duo
1621 2195 1962 2273 exemplaria
2001 2205 2073 2257 ab
2106 2204 2222 2274 ipsa
2256 2204 2598 2272 llildegarde
2629 2207 2933 2276 proficisci,
2972 2227 3146 2264 unum
3175 2228 3365 2266 mona-

265 2293 416 2354 cais,
443 2294 682 2348 alterum
726 2293 1066 2346 monialibus
1106 2293 1398 2354 traditum,
1439 2308 1568 2347 cum
1600 2292 1657 2345 in
1697 2290 1982 2362 prooemio
2021 2292 2440 2362 explanationis
2480 2294 2720 2362 symboli
2758 2300 2815 2349 et
2855 2296 2912 2349 in
2951 2297 3173 2367 epilogo
3215 2301 3365 2355 vitae

269 2381 331 2436 S.
366 2382 604 2452 Ruperti
633 2382 844 2456 diserte
873 2381 1144 2435 moniales
1172 2382 1546 2451 appellentur,
1573 2379 1762 2448 potius
1793 2395 1921 2432 vero
1944 2380 2246 2433 monachos
2270 2378 2545 2449 respicere
2574 2379 2870 2436 videantur
2892 2386 3197 2452 prooemia,
3224 2404 3368 2456 quae

265 2465 343 2518 ad
373 2465 544 2519 vitam
573 2467 626 2522 S.
659 2466 913 2520 Disibodi
956 2484 1074 2521 sese
1101 2465 1435 2520 reserebantt
1481 2464 1692 2534 duplici
1736 2482 1801 2516 ex
1833 2463 2020 2535 capite
2063 2470 2180 2517 tum
2220 2464 2352 2533 quia
2389 2464 2444 2517 in
2473 2465 2593 2520 cod.
2626 2463 2892 2521 Caesareo
2918 2467 3075 2523 hisce
3103 2472 3367 2539 praemit-

268 2551 422 2605 titur
460 2553 697 2622 epistola
737 2553 962 2606 abbatis
1003 2551 1297 2619 Heliugeri
1341 2553 1381 2615 ¹)
1421 2551 1672 2605 eamdem
1711 2549 1882 2603 vitam
1927 2550 2290 2619 requirentis,
2343 2555 2459 2604 tum
2500 2550 2632 2620 quia
2677 2551 2732 2605 in
2773 2553 2964 2608 codice
3004 2555 3361 2612 Wisbadcnsi

265 2637 521 2708 praefata
550 2640 940 2708 prolegomena
971 2644 1161 2709 aperte
1187 2639 1403 2692 ducunt
1432 2637 1498 2690 ad
1527 2636 1820 2690 exordium
1852 2635 2000 2690 vitae
2031 2635 2358 2704 requisitae,
2391 2636 2579 2705 qualis
2608 2637 2781 2692 etiam
2810 2654 2961 2695 nuuc
2993 2641 3271 2710 vulgatur.

1741 2892 1793 2972 ἓ.
1848 2897 1891 2955 Ι.

1623 3108 1989 3166 Prooemia.

339 3331 472 3387 Coa.
505 3333 548 3402 s.
592 3332 828 3387 145001.
869 3334 917 3386 1.
961 3354 984 3379 ε
1022 3328 1274 3399 Epistola
1314 3328 1370 3383 S.
1405 3323 1769 3393 Hildegardis
2002 3325 2106 3380 lin.
2149 3328 2234 3381 17.
2272 3325 2432 3396 quasi
2473 3327 2615 3384 duae
2654 3330 2909 3400 planetae
2951 3331 3356 3391 incarnationis

262 3416 339 3471 ad
364 3415 620 3471 eumdem
645 3416 904 3470 abbatem
932 3415 1173 3481 (scilicet
1197 3412 1552 3479 Heligerum)
1586 3434 1604 3456 ι
1629 3410 1765 3465 Cum
1860 3409 1993 3463 Filii
2025 3409 2191 3465 Dei...
3096 3437 3103 3445 ·

260 3507 555 3557 creaturae
582 3502 1006 3573 perjussionem
1026 3501 1590 3573 bei...p.35·.>12·n.5.
1613 3496 1765 3566 iguis
1999 3499 2101 3553 lin.
2143 3501 2233 3554 19.
2266 3498 2483 3570 Moyses
2512 3516 2641 3553 vero
2667 3518 2900 3572 opera...

263 3604 401 3642 vero
442 3587 720 3642 flammam
761 3588 998 3643 habet...
1997 3584 2099 3639 lin.
2131 3588 2230 3639 22.
2261 3584 2486 3654 quando
2511 3586 2688 3655 Virgo
2715 3588 3042 3645 unicornem
3074 3595 3293 3665 oepit...

414 3675 515 3729 lin.
583 3675 639 3730 9.
688 3690 772 3727 om
832 3673 1187 3743 Quapropter
1223 3676 1278 3725 et
1321 3669 1505 3723 omnis
1547 3674 1763 3723 creatu·
1996 3670 2099 3724 lin.
2130 3671 2228 3724 23.
2264 3670 2322 3723 in
2348 3686 2457 3740 qua
2486 3688 2691 3742 opus»...

265 3777 329 3816 ra
360 3762 483 3816 laus
507 3760 606 3816 Dei
635 3766 738 3815 est.
1994 3755 2096 3810 lin.
2128 3758 2228 3811 24.
2260 3757 2459 3811 audito
2490 3758 2656 3812 verbo
2680 3761 3024 3831 serpentis..

407 3848 507 3903 lin.
549 3850 638 3901 15.
672 3847 743 3901 Et
772 3844 1040 3915 quoniam
1074 3860 1238 3915 opera
1267 3840 1437 3899 Dei...
1993 3842 2097 3897 lin.
2130 3843 2230 3897 ult.
2264 3847 2480 3897 omnino
2507 3850 2566 3897 ut
2599 3843 2761 3900 Wisb.
2793 3849 3050 3917 sepultus
3079 3856 3230 3906 est...

409 3932 510 3988 lin.
550 3934 641 3987 18.
674 3931 828 3984 nulla
855 3929 1162 3983 adversitas
1189 3929 1581 3985 cadentium...
1922 3944 1976 3999 p.
2009 3929 2133 3981 354
2161 3929 2260 3982 lin.
2295 3930 2352 3981 3.
2387 3928 2431 3981 si
2465 3928 2605 3980 bona
2636 3931 2936 3997 elegerit...

405 4018 505 4072 lin.
543 4018 641 4079 19,
672 4020 767 4071 20.
796 4014 1047 4070 facturus
1072 4019 1283 4070 esset...
1311 4015 1612 4085 perducere
1641 4031 1761 4086 pos·
1993 4013 2092 4066 lin.
2160 4014 2217 4066 4.
2257 4011 2341 4066 illi
2378 4012 2613 4067 insidias
2640 4015 2867 4085 ponit...

257 4104 421 4157 set...
1993 4097 2094 4151 lin.
2160 4100 2218 4151 6.
2251 4112 2354 4151 nec
2385 4113 2491 4151 vox
2518 4099 2940 4157 rationaliter...

334 4205 388 4260 p.
421 4190 565 4249 353,
594 4188 695 4243 lin.
727 4188 778 4241 1.
803 4184 939 4240 Cum
964 4184 1115 4239 enim
1136 4185 1284 4239 Deus
1307 4184 1591 4239 h’ominem
1615 4186 1758 4256 plas-
1991 4183 2092 4237 lin.
2131 4184 2223 4237 19.
2251 4188 2307 4238 et
2332 4183 2391 4238 in
2412 4184 2670 4248 meliora,
2690 4189 2775 4241 uti
2801 4189 2860 4242 in
2878 4196 3006 4244 nota
3026 4197 3161 4247 recte
3179 4200 3348 4267 conju·-

263 4279 541 4329 masset...
1845 4272 2009 4323 citur.

407 4360 508 4415 lin.
571 4360 630 4414 6.
668 4374 842 4427 usque
869 4358 936 4411 ad
976 4358 1089 4413 Noe
1117 4373 1374 4412 omneS...
1989 4358 2089 4411 lin.
2123 4359 2226 4415 20.
2251 4363 2369 4428 post
2393 4358 2555 4412 verba
2585 4357 2922 4428 sapientiam
2963 4368 3021 4418 et
3050 4366 3344 4425 veritatem

408 4445 507 4501 lin.
577 4447 632 4498 7.
659 4444 819 4514 jussu
852 4442 1015 4497 Dei...
1850 4440 2109 4503 docebat,
2140 4446 2200 4496 in
2220 4443 2385 4513 plena
2411 4449 2460 4496 et
2494 4447 2753 4498 continua
2782 4449 3062 4503 verborum
3086 4458 3243 4518 serie,
3269 4477 3350 4512 ρο.

402 4531 505 4587 lin.
571 4530 626 4585 9.
655 4543 918 4596 magnum
941 4544 1081 4599 opus
1103 4526 1459 4582 obedientiae
1484 4526 1753 4582 lecerat...
1850 4531 1966 4583 dem
1997 4529 2100 4599 sol.
2144 4530 2258 4581 145
2278 4529 2381 4583 col.
2413 4531 2475 4591 4,
2513 4531 2575 4601 fit
2598 4532 2770 4586 cauus
2806 4535 2882 4587 ad
2914 4546 3350 4596 commemor-ium

331 4752 374 4816 ¹)
400 4749 482 4807 (Ἰ.
526 4750 734 4806 Patrol.
779 4750 883 4805 col.
930 4753 1028 4804 381
1060 4749 1225 4820 epist.
1258 4747 1474 4807 CXLV,
1504 4747 1668 4816 cujus
1695 4747 1762 4800 ad
1852 4744 2111 4815 degardis
2151 4764 2480 4819 responsum
2522 4750 2588 4804 ad
2616 4750 2785 4806 aliam
2816 4753 3110 4826 Helingeri
3141 4761 3347 4830 episto·

258 4840 470 4896 calcem
497 4836 810 4909 Martenius
836 4834 1072 4890 notavit:
1106 4858 1125 4881 ι
1157 4836 1504 4905 Responsum
1529 4834 1595 4887 ad
1618 4834 1761 4888 banc
1853 4835 1986 4893 lam.
2015 4850 2170 4890 num.
2200 4834 2473 4894 XXXIX:
2502 4836 2632 4890 dein
2659 4854 2803 4908 qnae
2838 4841 2897 4894 in
2925 4844 3116 4899 codice
3155 4854 3344 4901 „osu-0

259 4926 556 4997 epistolam
584 4929 768 4979 exstat
800 4922 943 4976 inter
971 4920 1153 4976 editas
1173 4921 1229 4975 S.
1263 4920 1623 4989 llildegardis
1645 4920 1761 4991 epi·
1849 4920 2108 4990 sequitur
2128 4923 2355 4992 epistola
2381 4931 2598 4978 sanctae
2621 4927 2696 4979 ad
2720 4929 2952 4981 eumdem
2972 4930 3232 4995 abbatem,
3262 4933 3348 4987 ni-

257 5012 462 5070 stolas.
509 5010 602 5063 sed
661 5015 719 5063 et
761 5008 875 5061 vita
934 5008 992 5062 S.
1033 5006 1289 5060 Disibodi
1337 5010 1407 5060 ab
1452 5009 1566 5077 ipsa
1607 5023 1758 5061 com·
1849 5006 1931 5059 hit
1973 5021 2271 5062 commune
2310 5008 2481 5061 habet
2527 5024 2653 5063 cum
2704 5012 3058 5080 praecedenti
3106 5017 3343 5084 epistola

261 5096 442 5166 posita
495 5095 745 5151 occurrit
808 5095 952 5163 apud
1014 5093 1241 5147 Surium
1294 5100 1325 5145 8
1373 5094 1510 5148 Julii
1577 5117 1614 5149 ».
1683 5097 1756 5148 At
1844 5096 2094 5163 ejusdem
2141 5096 2456 5159 tlt-tingat.
2500 5098 2591 5151 cui
2640 5103 2858 5151 tantum
2898 5100 3193 5169 respondet
3227 5103 3341 5156 vita

260 5182 508 5253 primum
536 5181 717 5236 editas
741 5180 885 5233 inter
910 5179 1128 5232 litteras
1154 5183 1373 5231 tautum
1401 5180 1605 5246 legitur
1632 5180 1753 5233 nil-
1847 5180 1901 5234 S.
1925 5181 2179 5235 Disibodi
2210 5182 2263 5235 in
2287 5181 2406 5236 cod.
2443 5181 2536 5234 sol.
2564 5187 2678 5236 101.

3152 5292 3197 5334 ἑξ
