4036 6117
1528 504 2025 554 PROOEMIUM
3098 504 3225 553 1111

261 635 648 729 Coloniensi,
706 634 1025 707 inducias
1075 635 1400 724 obtinuit,
1466 647 1542 709 ut
1596 637 1863 733 legatos
1912 639 2223 710 mitteret
2283 638 2372 709 ad
2425 638 2926 732 Christianum,
2989 639 3112 734 qui
3168 661 3323 710 ver-

263 762 354 832 bis
415 762 753 855 blanduS,
820 764 935 835 sed
998 764 1195 858 virga
1262 780 1493 862 a‘sper,
1569 766 2015 838 interdictum
2088 765 2566 838 confirmavit:
2640 774 2713 838 at
2773 791 2938 839 mox
2999 772 3325 838 currente

261 917 440 978 ann0,
496 892 673 964 idem
732 892 961 989 potius
1016 892 1213 964 miles
1262 917 1474 988 quam
1528 894 1841 982 antistes,
1899 903 2053 990 post
2105 894 2321 965 vitam
2370 894 2443 965 in
2492 894 2695 965 rebus
2728 893 2996 965 bellicis
3027 892 3322 989 dissipa-

258 1030 411 1105 tam,
473 1042 629 1090 cum
682 1019 883 1091 clade
947 1043 1227 1092 suorum
1283 1027 1551 1116 captus,
1610 1044 1869 1116 perque
1920 1021 2278 1092 biennium
2332 1019 2749 1093 constrictus
2813 1017 3189 1114 ergastulo,
3246 1014 3317 1088 in

259 1146 477 1217 castris
524 1147 873 1219 occubuit.
929 1147 1081 1234 Quo
1134 1147 1410 1219 demum
1467 1148 1612 1220 fato
1667 1173 1807 1244 pax
1862 1157 1964 1219 est
2017 1147 2365 1242 Binguiae
2417 1147 2739 1218 restituta
2794 1146 2916 1237 (cf.
2971 1168 3119 1236 epp.
3173 1145 3320 1216 edd.

270 1276 412 1362 VII,
458 1276 670 1366 Vm,
708 1278 884 1369 ιΧ).
2869 1260 2873 1264 ’

338 1401 458 1472 Sed
494 1402 658 1474 dum
696 1402 867 1476 foris
919 1404 1125 1496 bella,
1183 1404 1372 1477 intus
1424 1404 1691 1477 funera.
1733 1403 2088 1477 Gerundis
2140 1404 2346 1475 rebus
2396 1401 2798 1507 monasterii
2853 1400 3117 1473 dudum
3154 1399 3320 1472 ade·

255 1539 395 1600 rant
428 1529 563 1600 duo
598 1531 867 1601 strenui
902 1531 1249 1622 monachi,
1288 1555 1586 1626 quorum
1625 1556 1805 1603 unus
1847 1532 2068 1603 frater
2101 1553 2476 1626 germanus
2509 1529 2986 1625 Hildegardis,
3022 1537 3319 1624 uterque

255 1683 373 1730 una
406 1683 558 1731 cum
593 1658 961 1733 Wolmaro
998 1661 1084 1732 ad
1123 1662 1359 1733 omnia
1388 1669 1749 1758 promptus
1786 1670 1853 1733 et
1887 1660 2339 1732 necessarius.
2377 1658 2577 1730 Infra
2613 1658 2786 1731 duos
2817 1682 3088 1732 menses
3118 1656 3321 1730 Wol-

253 1810 462 1858 marus
492 1788 746 1859 ultima
786 1788 1049 1884 primus
1079 1789 1314 1883 solvit,-
1347 1814 1551 1886 quem
1591 1792 1794 1862 ambo
1832 1791 1978 1886 ejus
2011 1789 2200 1867 socii.
2257 1788 2448 1860 febre
2491 1787 2812 1884 correpti,
2870 1811 3034 1861 mox
3069 1788 3157 1860 ad
3194 1812 3321 1884 pa-

255 1926 374 1988 tres
403 1920 616 1989 secuti
656 1929 819 1990 sunt
855 1919 955 2015 (p.
999 1923 1159 2011 577,
1203 1922 1393 2006 578).

337 2043 773 2140 Insperatum
808 2046 1090 2117 tandem
1142 2046 1470 2118 solatium
1526 2046 1766 2119 attulit
1816 2047 2203 2118 Guibertus
2255 2044 2804 2138 Gemblacensis,
2858 2067 3065 2139 quem
3109 2044 3319 2140 juva-

257 2181 343 2241 ret
371 2171 500 2243 huc
541 2171 888 2245 adducere
923 2182 991 2245 et
1025 2172 1268 2245 audire
1301 2197 1463 2245 suas
1495 2174 1904 2246 recitantem
1961 2172 2259 2264 litterae,
2313 2196 2482 2245 sane
2534 2172 2861 2267 loquaces
2911 2181 2980 2246 et
3029 2174 3319 2247 flandri-

254 2303 335 2373 cis
367 2302 695 2400 ampullis
729 2304 1067 2398 turgidae,
1102 2304 1221 2375 sed
1259 2303 1489 2399 lepido
1525 2327 1855 2377 amoenas
1881 2304 2203 2396 candore,
2241 2327 2442 2397 quae,
2481 2310 2560 2373 ut
2595 2301 2861 2397 opinor,
2899 2300 3197 2373 feliciter
3232 2324 3322 2372 ex

256 2432 536 2504 tenebris
568 2440 930 2504 eruuntur.
2435 2522 2442 2527 ι

333 2559 616 2631 Curioso
652 2558 886 2630 alacer
920 2560 1221 2655 ingenie,
1263 2562 1490 2634 avidis
1524 2561 1811 2634 auribus
1843 2561 2177 2633 hauserat
2223 2582 2500 2656 sparsos
2551 2558 2636 2630 de
2687 2556 3128 2654 prophetissa
3177 2563 3323 2629 stu-

255 2685 485 2779 pendos
522 2710 855 2759 rumores.
892 2688 1085 2760 Scire
1115 2690 1458 2799 gestiebat
1502 2714 1685 2785 quae
1725 2691 1828 2761 illi
1883 2689 2164 2762 videndi
2223 2688 2482 2774 modus,
2538 2711 2719 2782 quae
2771 2685 2955 2758 ratio
3006 2690 3315 2757 contem-

254 2815 489 2910 plandi,
555 2843 739 2913 quae
798 2821 1223 2895 consuetudo
1284 2823 1600 2916 vivendi,
1662 2825 1820 2919 quis
1878 2848 2124 2914 sermo,
2180 2824 2444 2918 lingua,
2509 2823 2879 2920 scriptura.
2940 2820 3326 2917 Propterea

254 2952 380 3016 tum
447 2946 751 3042 primum
813 2948 1019 3044 plura
1069 2950 1408 3023 sciscitari
1445 2977 1581 3024 non
1635 2952 2005 3044 dubitavit,
2064 2953 2251 3024 circa
2304 2977 2365 3022 a.
2428 2954 2650 3043 1177,
2722 2974 2845 3047 per
2895 2948 3169 3022 litteras
3219 2946 3323 3041 (p.

253 3074 421 3168 328),
457 3078 715 3172 quibus
747 3101 1156 3175 responsum
1190 3106 1379 3154 nunc
1417 3084 1713 3179 primum
1753 3083 1890 3155 luci
1928 3082 2138 3155 datur
2191 3090 2290 3179 (p.
2330 3084 2525 3178 331):
2580 3106 2720 3178 quo
2771 3080 2948 3154 nihil
2983 3080 3325 3153 hactenus

251 3198 366 3273 fuit
399 3204 820 3280 luculentius
852 3210 943 3281 ad
981 3211 1524 3306 introspicienda
1557 3212 2037 3309 prophetissae
2072 3236 2333 3284 arcana
2367 3211 2779 3309 penetralia.

338 3331 477 3403 Nec
511 3343 746 3407 tamen
782 3336 1127 3411 Guiberto
1162 3341 1354 3412 satis:
1392 3341 1558 3436 quid
1597 3348 1874 3436 saperet
1908 3341 2206 3437 mystica
2238 3341 2580 3432 columba,
2619 3348 2688 3413 et
2720 3362 3083 3436 quousque
3108 3339 3322 3412 etiam

255 3459 510 3533 sublimi
565 3463 637 3534 in
688 3464 1032 3552 altissima
1083 3467 1411 3562 dogmata
1444 3468 1683 3540 volatu
1723 3469 2148 3562 ascenderet,
2193 3476 2467 3542 tentare
2501 3492 2711 3541 ausus
2743 3477 2865 3559 est,
2928 3468 3322 3566 proposuit·
3407 3543 3410 3544 γ

256 3608 373 3680 que
435 3590 802 3664 solvendas
866 3593 1288 3667 XXXVIII
1352 3597 1832 3691 quaestiones,
1895 3620 2078 3692 quae
2133 3620 2299 3692 prae
2350 3596 2644 3668 caeteris
2711 3597 2976 3668 arduae
3034 3595 3166 3692 ipsi
3218 3594 3326 3665 vi-

256 3719 574 3797 debantur
610 3725 712 3822 (p.
743 3727 906 3814 380,
940 3729 1258 3800 390-392
1292 3727 1395 3816 Cf.
1426 3730 1680 3801 Patrol.
1703 3727 1831 3801 col.
1869 3730 2135 3822 1037.>.
2165 3727 2357 3799 Idem
2389 3727 2622 3820 semel,
2653 3726 3045 3820 iterumque
3071 3723 3327 3797 institit

253 3869 363 3941 per
413 3852 641 3924 varias
676 3852 968 3945 litteras,
1004 3879 1185 3950 quae
1217 3879 1457 3928 omnes
1489 3880 1631 3928 non
1663 3865 2059 3952 supersunt,
2113 3855 2234 3927 sed
2286 3853 2361 3926 iu
2394 3854 2618 3927 altera
2653 3861 2978 3927 exstante
3012 3851 3113 3950 (p.
3151 3853 3328 3948 378)

254 3983 437 4067 urget
469 3978 883 4051 solutionem
916 3979 1426 4074 quaestionum,
1481 3991 1551 4053 et
1584 3981 1879 4076 inquirit
1931 4005 2174 4053 rursus
2215 3981 2302 4053 de
2353 3979 2760 4071 visionibus,
2816 3979 2902 4051 de
2954 3979 3134 4052 libro
3181 3977 3328 4052 Sci-

254 4108 400 4199 vioe,
435 4108 515 4182 de
549 4110 844 4182 caeteris
900 4110 1197 4207 scriptis,
1237 4110 1441 4206 plura
1475 4112 1918 4184 committens
1961 4110 2338 4198 latoribus,
2379 4108 2590 4181 etiam
2624 4108 2850 4180 bonae
2882 4103 3187 4176 feminae
3218 4101 3332 4174 vel

254 4237 456 4311 nobili
481 4241 718 4335 equiti,
755 4265 874 4313 ore
911 4250 1183 4315 tantum
1220 4243 1310 4315 ad
1346 4267 1423 4314 os
1457 4243 1845 4315 referenda.
2811 4217 2818 4224 ἱ

293 4346 501 4439 'Cum
556 4394 678 4465 pro
729 4370 938 4442 solita
982 4369 1333 4444 facilitate
1383 4371 1845 4468 Hildegardis
1895 4372 2398 4468 respondisset,
2460 4370 2655 4466 quali
2709 4393 2865 4443 cum
2929 4367 3329 4442 reverentia

258 4494 562 4567 exultans
595 4496 1001 4589 Guibertus,
1048 4505 1116 4570 et
1151 4522 1294 4570 una
1331 4523 1488 4571 cum
1526 4523 1607 4571 eo
1643 4499 2008 4594 religiosus
2043 4508 2300 4591 coetus,
2339 4507 2408 4571 et
2441 4506 2592 4571 tota
2626 4498 2872 4569 domus
2907 4495 3162 4567 nobilis
3197 4494 3333 4566 viri

256 4619 465 4716 Sigeri
510 4624 594 4696 de
647 4625 916 4713 Vama,
970 4635 1322 4722 receptam
1382 4626 1752 4723 epistolam
1796 4628 2074 4719 audire,
2128 4628 2500 4723 suspicere,
2562 4625 2864 4699 osculari
2921 4623 3328 4720 sategerint,

258 4743 760 4822 Gcmblacensis
796 4752 1182 4824 monachus
1211 4752 1400 4824 haud
1438 4755 1588 4825 sine
1625 4754 1860 4850 lepore
1893 4763 1962 4826 et
1995 4754 2353 4849 elegantia
2379 4753 2529 4826 fuse
2556 4753 2796 4825 retulit
2823 4751 2924 4849 (p.
2958 4752 3332 4844 381-388).

350 4875 459 4946 Ab
504 4877 647 4973 ipso
699 4878 992 4951 fortasse
1030 4880 1411 4976 provocati,
1451 4881 1946 4954 Cistercienses
1995 4881 2209 4953 vicini
2251 4881 2710 4953 Villarienses
2756 4880 3050 4953 alteram
3087 4878 3336 4951 seriem

259 4998 719 5077 intricatamm
791 5006 1282 5100 quaestionum
1352 5009 1730 5099 miserunt,
1801 5008 1886 5080 de
1955 5008 2212 5104 quibus
2274 5007 2531 5080 mirum
2601 5013 2772 5101 quot
2840 4983 3127 5078 fastidia
3194 5013 3337 5075 tam

264 5129 580 5212 Guiberto
635 5167 848 5237 quam
912 5115 1328 5239 Hildegardi
1399 5145 1795 5217 creaverint
1864 5147 1958 5239 (p.
2029 5145 2191 5232 388,
2267 5146 2429 5232 389,
2504 5146 2666 5237 393,
2733 5145 2896 5236 395,
2966 5144 3130 5235 397,
3195 5143 3336 5211 398
