4036 6117
1646 521 2111 571 tpxsroLAs.
3181 511 3303 573 4⁷11

286 641 739 718 praesentiam
787 640 936 718 eius
984 643 1279 704 attraxit.
1333 643 1709 718 Coeperunt
1757 644 1816 704 si
1853 643 2124 720 quidem
2174 643 2432 705 nobiles
2481 646 2610 707 viri
2644 652 2712 707 et
2766 646 3047 708 feminae
3097 647 3176 707 ad
3227 664 3375 710 eam

280 745 635 821 confluere,
689 763 981 823 suasque
1031 748 1128 807 illi
1179 748 1352 806 filias
1386 747 1468 807 ad
1518 747 2016 823 suscipiendum
2068 763 2303 808 sacrae
2354 750 2699 824 religionis
2749 750 3074 827 habitum,
3127 756 3193 812 et
3227 766 3379 826 pro-

284 850 579 925 positum
627 850 891 925 offerre;
950 854 1017 912 et
1065 851 1147 911 ad
1196 852 1750 910 sustentationem
1800 867 2031 911 earum
2089 851 2361 927 vineaS,
2421 853 2922 928 possessioneS,
2990 860 3058 914 et
3106 852 3380 929 praedia

282 954 608 1014 conferre.
660 955 952 1024 Quorum
1007 955 1120 1015 illa
1168 956 1527 1030 petitiones
1561 958 1627 1014 et
1677 960 1835 1013 vota
1883 955 2110 1014 abbati
2159 958 2226 1016 et
2259 957 2650 1016 maturioris
2699 960 2848 1018 aevi
2901 958 3225 1018 fratribus
3275 972 3378 1017 re·

284 1056 524 1129 ferens,
562 1073 794 1116 eorum
828 1058 1107 1118 consilio
1147 1041 1440 1133 virgines
1474 1066 1540 1118 et
1574 1058 1800 1118 oblata
1833 1073 1985 1117 cum
2018 1059 2119 1116 eis
2154 1059 2347 1118 xenia
2397 1060 2742 1134 suscipere
2778 1061 3136 1136 acquievit;
3174 1063 3240 1122 et
3279 1060 3378 1120 di-

284 1160 491 1218 latato
546 1161 872 1220 mausolei
908 1161 1008 1221 sui
1046 1161 1327 1235 ambitu,
1377 1162 1638 1237 puellas
1673 1160 1799 1221 sub
1832 1160 2191 1236 disciplina
2240 1163 2573 1237 regularis
2607 1163 2954 1223 custodiae
2988 1163 3377 1224 nutriendas

283 1279 510 1324 secum
550 1264 937 1325 introduxit.

373 1366 511 1425 Hac
559 1368 912 1427 occasione
967 1369 1350 1442 sepulcrum
1401 1367 1562 1428 illud
1617 1369 1806 1444 prius
1860 1369 2111 1428 factum
2158 1375 2265 1428 est
2319 1369 2515 1445 quasi
2568 1371 3074 1447 monasterium;
3134 1369 3231 1430 sic
3280 1376 3377 1429 ta-

280 1484 430 1528 men
480 1475 553 1529 ut
601 1472 893 1545 sepulcri
943 1472 1325 1531 clausuram
1375 1489 1507 1531 non
1556 1473 1918 1547 amitteret,
1969 1479 2039 1533 et
2086 1473 2473 1533 monasterii
2518 1473 2655 1549 jam
2705 1475 3019 1552 deinceps
3071 1474 3377 1551 frequen-

280 1578 441 1635 tiam
492 1578 844 1638 obtineret.
898 1579 1038 1640 Hoc
1090 1586 1316 1640 tenore
1351 1597 1590 1640 cursus
1640 1587 1708 1640 et
1743 1580 2006 1641 fortiori
2059 1597 2262 1657 quam
2309 1581 2591 1640 dixerim
2642 1581 2793 1658 (nec
2828 1583 3005 1642 enim
3054 1600 3228 1644 nunc
3262 1598 3373 1659 ge-

281 1693 387 1748 sta
419 1688 566 1764 ejns
601 1690 897 1748 scribere
930 1689 1279 1768 proposui)
1333 1691 1531 1750 beata
1561 1689 1754 1764 virgo
1784 1689 1965 1750 Jutta
2007 1695 2161 1765 post
2198 1690 2357 1749 XXti
2392 1691 2591 1750 IIIIor
2640 1692 3176 1752 conversationis
3211 1709 3373 1754 suae

279 1810 521 1870 annoS,
572 1796 751 1854 victo
789 1795 1015 1854 mundi
1061 1796 1387 1871 principe,
1425 1801 1673 1856 metam
1719 1796 1901 1854 vitae
1936 1795 2241 1854 mortalis
2278 1795 2636 1869 attingenS,
2672 1811 2792 1870 per
2824 1798 3052 1857 vitalis
3085 1803 3153 1857 et
3184 1815 3376 1874 prae-

279 1900 494 1958 tiosae
547 1899 780 1959 mortis
815 1900 1067 1959 exitum
1117 1900 1199 1959 ad
1234 1901 1557 1976 principis
1607 1900 1801 1974 coeli,
1839 1900 2070 1976 sponsi
2116 1898 2276 1959 Jesu
2311 1900 2587 1973 Christi,
2640 1916 2838 1976 quem
2875 1901 3131 1977 integro
3167 1903 3373 1964 animi

274 2006 522 2066 affectu
571 2006 917 2079 dilexerat,
969 2008 1037 2065 et
1082 2006 1492 2080 quaesierat,
1546 2006 1893 2080 amplexus
1943 2004 2235 2064 transiit.
2271 2005 2350 2065 Et
2398 2005 2889 2066 confluentibus
2938 2007 3019 2066 ad
3056 2023 3375 2083 reponen-

277 2112 436 2170 dum
471 2127 619 2170 eam
669 2110 908 2169 vicinis
942 2111 1301 2170 abbatibus
1361 2115 1427 2168 et
1473 2109 1882 2184 primoribus
1919 2117 2163 2182 terrae,
2201 2126 2353 2169 cum
2390 2111 2734 2172 innumera
2770 2113 3136 2187 promiscui
3172 2128 3373 2173 sexus

277 2214 724 2286 multitudine,
776 2214 858 2273 de
892 2228 1162 2272 carcere
1212 2228 1332 2273 suo
1364 2213 1574 2286 elata,
1630 2213 1693 2271 in
1728 2213 1945 2272 medio
1981 2214 2283 2288 capituli,
2324 2213 2605 2274 fratrum
2642 2216 2937 2275 unanimi
2973 2216 3370 2275 convenien-

277 2323 402 2394 tia,
455 2321 838 2395 scpulturae
874 2319 1094 2378 locum
1143 2318 1421 2393 accepit.
1458 2317 1555 2377 Ad
1604 2317 1797 2393 cujus
1847 2319 2177 2377 tumulum
2226 2334 2375 2377 cum
2413 2325 2686 2394 propter
2736 2319 2984 2380 silentii
3020 2323 3088 2381 et
3120 2320 3369 2396 quietis

278 2425 832 2501 tranquillitatem
883 2422 1440 2492 conservandam,
1477 2422 1693 2481 omnis
1742 2439 2023 2498 prorsus
2059 2421 2341 2482 infirmis
2376 2425 2717 2482 vetaretur
2749 2438 3088 2498 accessus,
3124 2423 3206 2482 ad
3241 2440 3378 2484 me-

278 2531 406 2588 rita
456 2530 602 2604 ejus
637 2529 768 2587 alio
821 2527 1013 2587 modo
1049 2526 1487 2600 declaranda,
1542 2526 1719 2585 sicut
1752 2527 1835 2586 ab
1885 2527 2138 2586 eisdem
2178 2525 2502 2586 fratribus
2553 2528 2678 2586 sub
2713 2527 3160 2587 obtestatione
3194 2527 3373 2586 veri-

276 2635 437 2692 tatis
487 2632 735 2698 audivi,
772 2647 923 2690 cum
952 2632 1141 2706 juxta
1175 2630 1434 2691 Domini
1483 2632 1968 2691 institutionem
2005 2631 2312 2692 dicentis:
2353 2633 2422 2691 Si
2457 2649 2569 2708 eqo
2603 2633 2921 2692 Dominus
2956 2637 3017 2690 et
3053 2634 3367 2710 mayister

273 2741 407 2798 lavi
452 2738 621 2797 vobis
651 2739 888 2814 pede-3,
938 2743 1002 2797 et
1036 2754 1142 2795 vos
1191 2736 1436 2795 debetis
1470 2737 1644 2795 alter
1691 2737 1971 2795 alterius
2007 2737 2229 2795 lavare
2273 2736 2514 2814 pedeS,
2567 2737 2954 2813 exemplum
3001 2739 3182 2796 enim
3215 2736 3372 2796 dedi

275 2843 468 2918 vobis,
519 2849 592 2901 ut
627 2849 690 2901 et
738 2860 843 2901 vos
877 2844 974 2901 ita
1016 2843 1310 2919 faciatis:
1343 2836 1390 2919 ¹)
1442 2856 1595 2900 cum
1632 2840 1934 2915 inquam,
1989 2839 2054 2899 id
2092 2839 2339 2900 fratres
2388 2840 2668 2900 solemni
2705 2855 2891 2899 more
2941 2839 3240 2899 sabbatis
3281 2839 3375 2899 fa-

275 2952 528 3018 cerent,
581 2951 680 3015 ut,
728 2945 1286 3021 quemadmodum
1338 2944 1661 3022 praedixi,
1702 2943 2009 3003 Christus
2044 2950 2113 3004 et
2146 2945 2533 3018 sepulturae
2585 2945 3036 3017 sanctitatem,
3072 2948 3140 3002 et
3172 2942 3378 3003 officii

273 3051 451 3128 quod
503 3051 828 3126 agebatur
877 3050 1562 3125 repraesentationem
1611 3049 1843 3125 quanti
1894 3049 2236 3124 penderet,
2288 3048 2634 3109 evidenter
2667 3048 3062 3123 insinuaret,
3112 3047 3375 3107 cunctis

273 3157 391 3232 qui
424 3156 702 3216 aderant
737 3156 1172 3228 intuentibus,
1226 3158 1291 3214 et
1325 3161 1599 3228 stupore
1635 3162 1825 3227 grato
1861 3155 2190 3227 attonitiS,
2243 3154 2323 3212 de
2359 3155 2667 3228 sepulcro
2702 3155 2870 3229 ejus„
2904 3155 3117 3213 instar
3150 3154 3376 3228 virgu-

281 3261 383 3319 lae
423 3261 605 3334 l'umi,
659 3261 834 3320 sicut
870 3260 1364 3319 cinnamomum
1398 3261 1463 3318 et
1499 3259 1871 3318 balsamum
1910 3260 2385 3331 aromatizans,
2434 3258 2818 3334 frequenter
2849 3259 3275 3333 ascendebat,
3313 3261 3381 3319 et

279 3366 579 3424 omniurn
628 3365 830 3424 corda
866 3364 1749 3424 inaestimabilisuavitatis
1793 3363 2213 3439 jncunditate
2263 3363 2698 3424 exhilarabat.
2751 3363 2873 3423 Sed
2914 3364 3158 3424 fratres
3206 3367 3376 3426 tanti

275 3470 741 3531 excellentiam
796 3470 1100 3530 miraculi
1139 3469 1310 3528 infra
1359 3469 1562 3544 pedes
1599 3485 1761 3528 suos
1808 3468 2092 3541 versari,
2130 3484 2290 3541 prae
2325 3468 2565 3528 timore
2600 3484 2729 3529 non
2764 3470 3199 3539 sustinentes,
3239 3470 3374 3530 col-

283 3576 475 3635 lectis
526 3574 989 3634 sacerdotibus
1025 3573 1301 3647 vicinis,
1354 3588 1601 3649 corpus
1637 3578 1945 3632 sanctum
1981 3589 2018 3631 a
2059 3572 2204 3631 loco
2237 3587 2389 3630 cum
2425 3576 2605 3631 metu
2638 3578 2707 3633 et
2741 3573 3115 3633 reverentia
3150 3578 3374 3633 sustu-

286 3682 543 3750 lerunt,
596 3683 662 3737 et
699 3678 763 3736 in
812 3678 1071 3751 capella
1101 3676 1420 3736 Dominae
1469 3679 1739 3736 nostrae
1785 3677 2054 3751 reginae
2103 3676 2297 3748 coeli,
2336 3682 2489 3735 ante
2521 3677 2735 3736 altare
2789 3675 3002 3753 ipsius
3035 3676 3382 3737 decentius

282 3782 746 3843 condiderunt.

1784 3993 1891 4053 111.

376 4207 693 4284 Magistra
741 4206 821 4265 de
858 4203 1074 4264 medio
1129 4205 1327 4279 facta,
1366 4210 1434 4263 et
1483 4204 1546 4263 in
1582 4218 1744 4279 pace
1778 4210 2083 4279 recepta,
2122 4205 2297 4263 sicut
2333 4204 2396 4262 in
2432 4202 2664 4263 schola
2697 4204 2865 4280 ejus,
2901 4205 3083 4264 nulla
3120 4203 3379 4264 meritis

286 4312 394 4372 vel
444 4311 798 4370 sanctitate
849 4309 1302 4384 praestantior
1350 4307 1752 4383 Hildegarde
1803 4308 2071 4366 inventa
2120 4312 2247 4382 est,
2288 4308 2386 4366 sic
2434 4307 2615 4366 nulla
2645 4306 2697 4385 ²)
2749 4308 3012 4384 dignior
3055 4308 3377 4383 judicata,

284 4427 459 4489 quae
493 4412 555 4470 ei
591 4413 655 4471 in
692 4411 940 4472 honore
975 4412 1347 4489 magisterii
1384 4410 1808 4471 succederet.'
1830 4410 2113 4469 Proinde
2158 4408 2453 4468 unanimi
2489 4426 2797 4469 sororum
2835 4426 3191 4483 consensu,
3229 4425 3380 4470 cum

287 4517 371 4576 de
405 4518 548 4594 ejus
583 4517 988 4578 discretione
1025 4526 1092 4577 et
1127 4516 1572 4594 temperantia
1606 4530 1885 4574 securae
1920 4520 2179 4589 essent,
2216 4515 2298 4573 ad
2348 4514 2745 4590 disciplinae
2778 4532 3134 4575 censuram
3183 4532 3386 4592 super

287 4639 406 4683 eas
454 4623 893 4683 exercendam
944 4625 1246 4699 eligitur,
1298 4629 1368 4682 et
1404 4623 1560 4681 licet
1610 4621 1769 4680 totis
1803 4620 2221 4680 obniteretur
2269 4621 2563 4695 viribuS‚
2615 4620 2878 4680 abbatis
2927 4627 3285 4697 praecepto
3319 4628 3387 4680 et

291 4726 623 4786 sodalium
661 4742 932 4785 suorum
972 4727 1311 4800 instantia,
1343 4725 1638 4786 officium
1675 4725 2014 4800 prioratus
2044 4725 2271 4785 subire
2306 4726 2753 4803 compellitur.
2779 4720 2828 4803 ³)
2865 4726 3005 4797 Quo
3041 4731 3381 4801 suscepto,

292 4828 579 4889 mediam
632 4820 918 4913 [sciens]
954 4829 1132 4888 viam
1181 4845 1332 4889 esse
1368 4830 1803 4902 tutissimam,
1856 4829 2102 4904 quippe
2136 4844 2286 4889 cum
2335 4831 2553 4890 virtus
2589 4831 2677 4889 sit
2712 4828 3004 4889 medium
3043 4830 3383 4900 vitiorum,

291 4948 334 4992 a
368 4932 609 4993 semita
659 4933 1003 5008 religionis
1053 4934 1116 4991 in
1167 4940 1469 4993 neutram
1521 4939 1779 5010 partem
1829 4932 2213 4992 declinavit:
2250 4933 2365 4992 sed
2419 4934 2483 4992 in
2517 4933 2625 4992 via
2675 4932 2799 4992 hac
2833 4931 2915 4991 ad
2965 4930 3383 5006 dirigendum

367 5197 408 5264 ¹)
448 5198 607 5254 Joan.
651 5197 814 5260 xm.
850 5201 931 5254 Η.
967 5230 1029 5237 -
1055 5199 1100 5264 ²)
1126 5202 1206 5253 sic
1233 5199 1352 5255 ulla
1379 5199 1502 5256 cod.
1538 5229 1599 5239 —-
1626 5198 1670 5265 ³)
1699 5215 1746 5254 a.
1786 5202 1952 5261 ¹¹36:
1975 5198 2181 5254 aetatis
2210 5214 2341 5254 suae
2370 5200 2457 5258 36,
2484 5198 2648 5267 juxta
2678 5194 2960 5251 Nostrum.
