4036 6117
696 499 828 559 162
1858 520 1907 564 s.
1960 517 2488 565 iitnnnoAnnts

2071 735 2279 801 XXX,

1869 942 1960 1010 De
2022 953 2489 1010 inconstantia.-

720 1159 825 1221 40.
864 1160 1048 1232 Quod
1100 1167 1322 1220 autem
1358 1160 1547 1219 vides
1599 1166 1814 1220 rotam
1849 1162 2044 1237 quasi
2096 1167 2311 1222 rotam
2345 1161 2655 1237 plaustri,
2695 1150 2758 1219 in
2796 1154 3116 1237 praefatis
3167 1152 3462 1223 tenebris
3500 1150 3733 1238 jacen·-

630 1271 786 1342 tem,
839 1282 1011 1343 quae
1047 1266 1230 1325 velut
1280 1283 1317 1325 a
1349 1266 1569 1325 ventis
1605 1264 1881 1340 agitata,
1924 1272 1993 1324 ut
2043 1268 2262 1324 motus
2303 1264 2801 1339 circumfertur,
2840 1266 2965 1324 hoc
2997 1272 3101 1325 est
3137 1266 3313 1343 quod
3348 1282 3591 1326 cursus
3625 1267 3727 1324 in*

626 1372 1045 1451 stabilitatiS‚
1101 1372 1279 1431 sicut
1331 1387 1528 1430 ursus
1579 1370 1690 1430 ille
1725 1370 1840 1446 qui
1889 1371 2111 1428 necin
2149 1370 2359 1442 initio,
2395 1383 2516 1428 nec
2568 1370 2633 1428 in
2681 1370 2806 1429 fine
2856 1387 2977 1449 suo
3029 1371 3236 1429 ullam
3285 1369 3731 1429 stabilitatem

629 1476 854 1550 habet,
886 1476 1117 1536 multis
1143 1475 1535 1534 excessibus
1562 1481 1886 1548 gravatus
1909 1468 1980 1552 ¹),
2010 1489 2090 1533 ac
2124 1474 2355 1532 multis
2382 1473 2796 1532 vanitatibus
2829 1479 3209 1547 onustatu3‚
3241 1473 3306 1532 in
3335 1472 3732 1532 infidelitate

628 1582 976 1656 torpescit;
1029 1580 1146 1639 sed
1184 1585 1407 1638 tamen
1455 1597 1493 1639 a
1531 1578 1816 1637 terrenis
1866 1576 2353 1637 tentationibus
2389 1579 2480 1636 ita
2530 1577 2919 1652 impellitur,
2970 1578 3148 1654 quod
3199 1578 3265 1638 in
3309 1577 3491 1637 nullo
3542 1580 3735 1636 statu

627 1684 999 1744 honestatis
1048 1689 1417 1760 permanet,
1470 1682 1588 1741 sed
1621 1681 1797 1757 quod
1849 1682 1972 1740 hac
2005 1687 2074 1739 et
2124 1681 2272 1739 illac
2305 1680 2717 1755 discurrenS,
2768 1682 2990 1740 omnia
3023 1686 3256 1739 vetera
3306 1679 3614 1739 instituta
3653 1679 3722 1738 in

625 1804 868 1848 novam
917 1787 1439 1847 sollicitudinem
1472 1785 1735 1845 evertit.
1769 1785 1850 1844 Et
1901 1784 2108 1844 radiis
2140 1785 2286 1860 ejus
2335 1790 2626 1860 quatuor
2662 1783 2877 1843 fustes
2920 1783 3002 1842 ad
3046 1789 3377 1842 staturam
3428 1781 3726 1841 hominis

627 1906 897 1951 sursum
931 1890 1135 1949 erecti
1168 1887 1219 1968 ²)
1257 1888 1436 1947 infixi
1471 1893 1648 1961 sunt,
1692 1887 2008 1963 quoniam
2060 1887 2495 1946 retentaculis
2530 1885 3016 1959 instabilitatiS,
3054 1885 3301 1961 quibus
3337 1885 3483 1959 ipsa
3517 1883 3731 1943 simul

623 1996 1023 2069 continetur,
1077 1993 1340 2053 stabilis
1392 1994 1457 2052 in
1493 1992 1935 2052 instabilitate
1970 2006 2266 2065 manens,
2303 2006 2423 2049 nec
2462 1990 2687 2050 varias
2719 1989 3225 2049 vicissitudines
3263 2004 3421 2049 suas
3454 1989 3728 2048 desere-

626 2115 697 2157 re
733 2099 994 2172 volenS,
1032 2114 1151 2174 per
1184 2103 1476 2173 quatuor
1509 2103 1738 2172 partes
1772 2095 2000 2154 mundi
2034 2094 2284 2154 diversi
2322 2110 2544 2153 mores
2595 2093 2937 2152 hominum
2985 2093 3068 2152 ad
3116 2093 3437 2168 placitum
3483 2108 3725 2153 eorum

628 2204 692 2262 in
742 2208 975 2279 aperto
1025 2207 1424 2276 apparentes
1477 2201 1933 2276 imponuntur,
1973 2214 2126 2257 cum
2161 2199 2464 2257 homines
2497 2212 2619 2256 nec
2656 2198 2823 2257 istas
2857 2213 2979 2256 nec
3013 2197 3167 2257 illas
3200 2196 3731 2256 consuetudines

629 2308 974 2383 incipiunt,
1005 2310 1069 2366 ct
1095 2323 1248 2365 curn
1275 2308 1537 2365 veteres
1564 2305 1756 2362 novis
1782 2302 2285 2362 transformant.
2314 2295 2363 2381 ³)
2392 2303 2573 2362 Inter
2598 2318 2768 2378 quos
2802 2317 3004 2377 super
3038 2300 3293 2361 eisdem
3322 2300 3533 2360 radiis
3566 2317 3738 2378 qua-

625 2415 681 2473 si
733 2416 952 2488 imago
1004 2413 1293 2472 hominis
1332 2416 1489 2484 stat,
1526 2426 1696 2487 quae
1734 2410 2253 2469 inconstantiam
2285 2408 2716 2485 praefigurat,
2754 2406 2911 2483 quia
2948 2406 3013 2465 in
3047 2405 3267 2464 medio
3301 2404 3738 2466 diversorum

627 2531 887 2575 morum
915 2514 1256 2574 hominum
1291 2529 1493 2590 super
1520 2513 1955 2573 retentaculis
1990 2511 2428 2572 confidentiae
2466 2526 2626 2570 suae
2653 2513 2776 2570 est.
2816 2510 2953 2567 Hoc
2989 2508 3226 2568 vitium
3264 2509 3329 2567 in
3367 2508 3579 2568 forma
3614 2508 3739 2569 ho-

629 2619 827 2678 minis
856 2610 1018 2691 stat,
1057 2618 1223 2693 quia
1249 2617 1551 2676 homines
1587 2617 1652 2675 in
1701 2616 1964 2676 actibus
2000 2617 2144 2674 suis
2178 2616 2394 2690 magis
2431 2616 2886 2674 inconstantes
2920 2629 3119 2688 quam
3156 2612 3327 2671 aliae
3376 2618 3738 2671 creaturae

629 2722 1075 2782 inveniuntur.
1113 2722 1189 2779 Et
1228 2721 1388 2779 illud
1424 2720 1588 2779 haec
1637 2719 1859 2779 omnia
1907 2735 2080 2795 quae
2130 2719 2507 2778 honestatis
2558 2723 2713 2776 sunt
2764 2732 3107 2786 recusans,
3162 2714 3269 2774 hic
3316 2714 3735 2802 oblivionem

630 2827 746 2885 Dei
797 2827 1136 2902 sequitur,
1189 2824 1500 2900 quoniam
1552 2840 1703 2883 cum
1741 2823 2039 2882 infideles
2074 2822 2281 2881 Deum
2315 2822 2842 2897 postposuerint,
2880 2824 2948 2880 et
2979 2835 3132 2879 cum
3165 2834 3319 2877 eum
3355 2820 3420 2878 in
3452 2819 3741 2880 oblivio-

630 2947 781 2991 nem
829 2929 1160 3002 duxerint,
1214 2929 1294 2987 ad
1348 2928 1861 2987 inconstantiam
1911 2932 2416 2999 convertuntur,
2455 2941 2533 2983 ac
2567 2924 2897 2984 diabolica
2932 2924 3367 3000 persuasione
3403 2923 3742 2983 instabili-

631 3042 838 3096 tatem
888 3034 1219 3110 arripiunt
1234 3051 1250 3108 ;
1287 3032 1443 3110 quia
1475 3031 1793 3092 Diabolus
1829 3038 2055 3091 rectus
2088 3047 2218 3090 non
2250 3031 2376 3105 est,
2411 3045 2534 3090 nec
2570 3029 2773 3089 ullam
2811 3028 3209 3104 sapientiam
3258 3027 3572 3101 ostendit,
3609 3043 3740 3089 nec

629 3142 833 3201 ullam
861 3142 1153 3217 quietem
1180 3139 1391 3213 docet,
1426 3153 1546 3218 nec
1573 3137 2096 3196 moderationem
2124 3142 2326 3209 amat;
2358 3135 2474 3194 sed
2503 3150 2767 3210 semper
2793 3134 3096 3193 homines
3123 3133 3404 3206 seducit,
3432 3139 3500 3192 et
3532 3147 3661 3192 eos
3681 3125 3734 3212 ⁴)

629 3249 708 3307 in·
743 3247 967 3306 varias
1020 3243 1518 3304 vicissitudines
1569 3241 1878 3317 impellit,
1931 3242 2247 3316 quoniam
2299 3240 2445 3316 ipsa
2482 3239 2544 3297 in
2582 3238 3020 3297 instabilitate
3062 3239 3189 3311 est,
3225 3243 3293 3297 et
3329 3236 3739 3297 instabilita-

628 3359 762 3411 tem
811 3351 1052 3426 diligit,
1106 3365 1183 3408 ac
1233 3348 1385 3407 illos
1435 3347 1550 3422 qui
1602 3345 1880 3405 stabiles
1929 3347 2085 3403 sunt
2131 3343 2404 3403 assidue
2454 3343 2803 3418 inquietat.
2853 3341 3033 3412 Quae
3081 3341 3162 3400 de
3214 3341 3382 3417 ipsis
3434 3340 3734 3402 fustibus

630 3461 912 3530 utraque
963 3469 1161 3511 manu
1215 3451 1460 3510 fustem
1511 3465 1714 3509 unum
1765 3454 1964 3522 tenet,
2018 3447 2483 3506 aliis·duobus
2533 3446 2617 3505 ad
2664 3445 2940 3505 dorsum
2987 3446 3133 3521 ejus
3167 3445 3528 3519 stantibus,
3565 3446 3734 3522 quia

628 3557 954 3635 quosdam
1006 3571 1226 3614 mores
1277 3555 1618 3615 hominum
1663 3557 1797 3612 tam
1835 3552 2125 3627 spiritali
2162 3568 2362 3626 quam
2397 3550 2725 3609 saeculari
2765 3549 3232 3610 attrectatione
3269 3550 3334 3609 in
3368 3556 3735 3610 consuetu-

630 3662 852 3721 dinem
902 3660 1099 3718 unius
1149 3658 1612 3717 delectationis
1662 3656 1893 3729 vertit,
1946 3654 2098 3714 aliis
2146 3661 2212 3713 et
2262 3654 2706 3729 spiritualiter
2737 3659 2805 3712 et
2839 3652 3279 3712 saeculariter
3313 3653 3580 3711 interim
3613 3668 3733 3711 ne-

630 3766 895 3842 glectiS,
947 3764 1261 3840 quoniam
1298 3762 1612 3836 antiquus
1648 3759 1932 3835 Serpens
1968 3759 2033 3817 in
2067 3758 2450 3817 hominibus
2486 3764 2621 3816 tam
2653 3757 2787 3816 Deo
2823 3773 3022 3832 quam
3058 3757 3330 3817 saeculo
3373 3757 3747 3828 servienti-⁵

628 3871 754 3930 bus
784 3868 1309 3945 inquietudinem
1336 3881 1603 3939 paranS,
1632 3879 1749 3922 eos
1775 3878 1949 3921 nunc
1985 3878 2206 3920 mores
2235 3863 2426 3935 istoS,
2455 3877 2628 3920 nunc
2665 3860 2813 3921 illos
2854 3860 3121 3935 habere,
3158 3867 3226 3920 et
3259 3876 3432 3920 nunc
3466 3862 3599 3921 ista
3634 3859 3734 3921 fa·-

631 3991 808 4049 cere‚
859 3989 1035 4034 nunc
1086 3972 1197 4032 illa
1247 3970 1583 4029 dimittere
1617 3983 1737 4043 per
1771 3966 2288 4024 inconstantiam
2324 3965 2501 4024 facit.
2536 3964 2719 4035 Quod
2768 3981 2930 4024 vero
2967 3980 3118 4023 cum
3151 3965 3383 4024 eadem
3419 3972 3564 4025 rota
3598 3966 3733 4025 cir-

631 4077 1031 4151 cumfertur,
1085 4075 1209 4134 hoc
1244 4075 1347 4134 est
1380 4071 1556 4149 quod
1609 4071 1780 4130 idem
1817 4070 2054 4129 vitium
2094 4070 2155 4127 in
2193 4068 2371 4128 nullo
2407 4071 2587 4128 statu
2619 4083 3040 4144 permanenS‚
3078 4067 3193 4127 sed
3230 4084 3494 4144 semper
3530 4069 3595 4127 in
3630 4070 3730 4129 in·-

632 4181 1004 4240 stabilitate
1039 4193 1349 4246 currenS,
1388 4177 1453 4235 in
1502 4190 1730 4234 omnes
1779 4178 2014 4231 ventos
2051 4187 2123 4230 se
2157 4172 2457 4245 ventilat,
2493 4175 2559 4231 et
2592 4171 2787 4230 modo
2825 4172 2953 4230 ista
2986 4171 3197 4245 eligit,
3235 4170 3429 4230 modo
3466 4171 3580 4230 illa
3611 4185 3729 4231 ne·-

626 4285 842 4360 gligit,
876 4282 1072 4341 modo
1105 4282 1246 4341 sola
1282 4286 1510 4339 vetera
1548 4280 1612 4338 in
1649 4276 1946 4337 moribus
1984 4275 2327 4334 hominum
2360 4277 2653 4351 quaerit,
2692 4274 2886 4334 modo
2921 4276 3064 4335 sola
3099 4292 3271 4334 nova
3307 4275 3370 4334 in
3422 4276 3727 4336 moribus

631 4406 864 4449 eorum
901 4386 1358 4462 apprehendit.

719 4491 826 4552 41.
880 4489 1174 4566 Capillos
1224 4495 1447 4548 autem
1497 4488 1760 4564 crispos
1809 4492 1876 4545 et
1923 4487 2152 4560 nigros
2187 4485 2410 4558 habet,
2457 4485 2614 4560 quia
2658 4483 2830 4542 idem
2867 4483 3104 4543 vitium
3140 4484 3442 4543 homines
3475 4484 3559 4543 ad
3594 4482 3725 4544 hoc

625 4594 964 4672 perducit,
1025 4592 1203 4667 quod
1254 4592 1319 4649 in
1383 4591 1718 4650 mentibus
1776 4590 1919 4648 suis
1980 4588 2420 4663 multiplicem
2484 4586 2832 4646 scientiam
2883 4602 2955 4646 se
3013 4602 3249 4662 sapere
3304 4587 3720 4662 existimant,

626 4719 823 4780 quam
879 4708 1100 4760 tamen
1150 4716 1277 4757 non
1326 4698 1616 4772 sapiunt,
1670 4697 1983 4772 quoniam
2022 4696 2087 4753 in
2119 4696 2314 4769 plena
2349 4693 2748 4753 rectitudine
2781 4710 2914 4753 non
2946 4694 3218 4770 pollent,
3255 4693 3372 4753 sed
3407 4694 3726 4769 quoniam

628 4813 691 4870 in
729 4814 904 4868 torta
953 4792 1249 4865 vanitate
1291 4802 1702 4878 nigredinem
1736 4800 2202 4877 perversitatis
2237 4798 2541 4873 diligunt.
2577 4799 2656 4857 Et
2688 4814 2922 4857 manus
2964 4798 3220 4858 similes
3268 4797 3724 4858 anterioribus

621 4915 859 4976 simiae
911 4910 1189 4987 pedibus
1241 4908 1464 4975 habet,
1516 4907 1673 4982 quia
1721 4906 1943 4964 omnia
1991 4920 2195 4979 opera
2229 4920 2350 4963 sua
2384 4905 2599 4979 magis
2634 4903 3096 4963 assimilantur
3137 4903 3353 4963 elatae
3392 4903 3722 4964 stultitiae

694 5100 737 5158 ι)
763 5103 1037 5171 gravatur
1060 5094 1125 5149 Α.
1161 5123 1226 5134 -—
1251 5095 1296 5156 ²)
1322 5099 1484 5147 erecte
1509 5091 1602 5145 W.
1630 5121 1692 5129 -
1714 5087 1757 5152 ⁸)
1790 5088 1852 5142 ln
1882 5092 2124 5156 utroque
2217 5091 2467 5156 tei-rupta
2494 5086 2734 5142 videtur.
2762 5086 2916 5141 Inter
2943 5103 3117 5142 uncos
3144 5095 3217 5144 ert
3240 5093 3565 5159 utcumque
3588 5105 3717 5163 sup-

624 5186 815 5242 codice
844 5182 1016 5238 series
1044 5180 1135 5235 hic
1163 5185 1220 5233 et
1250 5177 1394 5232 infra
1426 5176 1663 5235 laborat.
1700 5190 1798 5229 nec
1830 5180 2016 5228 tamen
2047 5171 2126 5226 in-
2218 5173 2515 5244 plevimuS.
2552 5206 2613 5211 —
2644 5173 2683 5240 ⁴)
2711 5180 2759 5228 et
2783 5190 2873 5228 eas
2898 5173 2990 5229 W.
