4036 6117
723 399 855 459 468

1710 713 2694 844 OPUSCULA

1371 1000 1769 1074 BEATAE
1820 999 2457 1078 HILDEGARDI
2510 1004 3025 1079 ASCRIPTA.

2169 1242 2258 1351 Ι.

1058 1504 1282 1559 LIBER
1317 1503 1783 1559 COMPOSITAE
1819 1503 2247 1559 MEDICINAE
2286 1504 2381 1559 DE
2419 1504 3013 1562 AEGRITUDINUM
3052 1505 3352 1572 CAUSIS‚

1770 1592 2017 1649 SIGNIS
2052 1592 2312 1655 ATQUE
2349 1592 2579 1650 cums.
2614 1600 2667 1662 l)

2068 1975 2221 2035 LIB.
2273 1976 2318 2035 1.

1770 2187 1864 2247 De
1911 2186 2152 2246 mundi
2201 2189 2554 2249 creatione.
2587 2183 2641 2267 ²)

1848 2438 1970 2483 eus
2027 2425 2181 2483 ante
2238 2425 2644 2485 creationem
2724 2423 2951 2483 mundi
3031 2424 3288 2501 absque
3359 2423 3550 2484 initio
3603 2417 3720 2490 suit,

1850 2534 1919 2589 et
1951 2534 2080 2602 est;
2131 2534 2199 2588 et
2233 2529 2377 2605 ipse
2426 2529 2537 2589 lux
2570 2531 2638 2589 et
2685 2529 3003 2606 splendor
3052 2528 3201 2605 fuit,
3238 2536 3309 2590 et
3343 2535 3476 2602 est,
3525 2529 3589 2587 et
3614 2526 3724 2584 vita
3756 2608 3761 2612 Δ

1853 2633 2001 2693 fuit.
2040 2632 2206 2693 Cum
2240 2648 2398 2708 ergo
2447 2633 2624 2692 Deus
2658 2632 2976 2692 mundum
3021 2633 3241 2694 facere
3276 2635 3521 2704 voluit,
3570 2632 3721 2690 illum

1853 2735 1936 2795 de
1992 2734 2204 2794 nihilo
2269 2735 2453 2805 fecit,
2505 2735 2623 2795 sed
2682 2736 2748 2794 in
2803 2736 3149 2796 voluntate
3210 2737 3433 2813 ipsius
3490 2730 3729 2793 materia

1870 2838 2099 2898 mundi
2137 2845 2302 2899 erat.

2042 2943 2138 3002 De
2175 2943 2347 3020 hyle.
2384 2942 2548 3003 Nam
2583 2960 2732 3004 cum
2762 2945 3073 3005 voluntas
3099 2944 3219 3004 Dei
3252 2943 3337 3004 ad
3362 2938 3734 3020 operandum

1858 3064 2030 3122 opus
2082 3065 2154 3108 se
2203 3048 2519 3124 ostendit,
2574 3066 2730 3110 mox
2762 3048 2844 3111 de
2896 3050 3045 3126 ipsa
3092 3048 3468 3124 voluntate,
3503 3052 3567 3106 et
3609 3055 3734 3118 quo-

1855 3151 2051 3211 modo
2077 3151 2252 3211 Deus
2288 3153 2524 3226 voluit,
2559 3154 2844 3213 materia
2880 3153 3107 3212 mundi
3145 3159 3221 3213 ut
3258 3153 3588 3212 obscurus
3620 3145 3729 3221 glo-

1869 3258 1996 3317 bus
2030 3264 2098 3317 et
2133 3258 2441 3318 informis
2474 3262 2822 3333 processit

1836 3362 2127 3421 Verbum
2160 3362 2382 3422 Patris
2418 3363 2661 3423 sonuit:
2701 3363 2850 3424 Fiat
2902 3366 3047 3439 lux,
3084 3372 3144 3424 et
3188 3368 3372 3443 facta
3423 3370 3515 3423 est
3544 3348 3728 3425 ὑπ’),

662 3481 729 3531 et
764 3472 996 3546 Angeli
1046 3472 1366 3530 lucentes
1403 3468 1565 3527 Nam
1602 3467 1779 3544 quod
1812 3466 1999 3526 dixit:
2040 3466 2187 3525 Fiat
2226 3467 2370 3541 luae,
2404 3467 2660 3543 absque
2696 3468 3165 3543 luminaribUS,
3218 3473 3285 3527 et
3321 3467 3600 3527 formata
3632 3461 3735 3527 lux,

665 3575 843 3651 quod
879 3573 1114 3647 Angeli
1149 3577 1323 3631 sunt.
1362 3569 1485 3629 Sed
1521 3586 1674 3629 curn
1707 3569 1893 3630 dixit:
1932 3569 2129 3630 Fiant
2171 3570 2574 3644 luminaria,
2605 3570 2742 3630 hoc
2776 3574 2882 3632 est
2914 3573 3142 3632 lumen
3177 3570 3439 3631 aerium
3490 3563 3649 3645 quod
3671 3560 3740 3618 vi·

678 3683 939 3738 demus,

770 3786 863 3847 De
918 3787 1215 3863 Luciferi
1264 3805 1439 3845 casu.
1490 3785 1760 3847 Lucifer
1807 3792 2057 3859 autem,
2096 3784 2177 3844 ad
2227 3785 2650 3861 Aquilonem,
2689 3788 2910 3848 locum
2960 3792 3311 3849 vacantem
3361 3805 3487 3849 nec
3528 3777 3734 3859 aliquid

673 3898 1061 3969 operantem
1094 3892 1285 3967 vidit,
1322 3898 1391 3951 et
1426 3892 1517 3951 ibi
1553 3891 1781 3950 sedem
1819 3906 2013 3951 suam
2065 3907 2314 3966 ponere
2350 3893 2584 3966 voluit,
2623 3899 2955 3968 quatenus
3005 3894 3147 3954 illic
3179 3894 3374 3970 plura
3423 3897 3493 3954 et
3524 3888 3736 3963 majora

679 4003 813 4062 Deo
840 4007 1255 4076 operaretur,
1277 4001 1624 4061 voluntate
1653 4000 1889 4074 ipsiuS,
1915 4001 1981 4058 at
2008 3994 2479 4076 creationem⁴)
2510 4000 2924 4075 reliquarum
2951 4008 3417 4062 creaturarum
3449 4003 3735 4076 ignorans.

687 4107 849 4166 Nam
889 4105 1128 4165 faciem
1162 4105 1384 4165 Patris
1419 4122 1549 4165 non
1586 4104 1898 4180 inspexit,
1936 4118 2059 4162 nec
2100 4101 2559 4162 fortitudinem
2596 4105 2744 4179 ejus
2773 4106 2996 4181 scivit,
3033 4122 3154 4166 nec
3179 4106 3541 4166 bonitatem
3573 4098 3743 4177 ipsius

752 4322 793 4385 ¹)
832 4320 1049 4377 Unicus
1085 4321 1320 4376 omnino
1356 4326 1564 4384 exstat,
1604 4324 1671 4374 ut
1718 4317 1965 4381 videtur,
2007 4317 2183 4374 codex
2285 4319 2487 4374 bemus
2534 4319 2778 4384 editum,
2827 4337 2890 4376 ac
2936 4337 3120 4394 nuper
3161 4336 3421 4377 recusum
3470 4319 3570 4376 sub
3609 4309 3737 4367 ῑὶῐΰῐθ

684 4407 1007 4462 rarissimus
1039 4404 1396 4468 Hasniensis.
1426 4420 1644 4462 mecum
1675 4403 2092 4460 humanissime
2118 4420 2187 4458 ex
2288 4405 2674 4463 Subtilitatum
2695 4409 3035 4464 diversarum
3064 4413 3395 4464 naturarum
3417 4411 3739 4485 ereaturam?

687 4492 995 4562 longinqua
1040 4491 1388 4547 bibliotheca
1445 4490 1923 4553 communicatus,
1970 4489 2030 4544 in
2077 4505 2190 4559 quo
2289 4490 2349 4546 in
2379 4492 2486 4547 Vll
2520 4493 2690 4548 tomis
2722 4493 3121 4549 distributum.
3146 4491 3339 4548 Codici
3370 4491 3595 4546 sortasse
3611 4487 3742 4538 muu-

690 4593 858 4633 manu
883 4592 1023 4631 saec.
1050 4575 1192 4630 xm
1214 4575 1528 4631 desinentis
1556 4575 1829 4632 inseritur
1854 4591 2017 4646 opuS,
2041 4573 2194 4645 quod
2288 4577 2343 4632 lo
2381 4578 2452 4631 ab
2500 4576 2673 4633 initio
2713 4578 2904 4633 brevis
2956 4577 3163 4632 titulus
3200 4576 3554 4648 praefigitur.-
3587 4572 3742 4658 Beutqe

690 4688 738 4726 a.
799 4672 934 4725 ¹292
970 4667 1295 4722 Matthaeus
1333 4665 1967 4722 westmonasteriensis
2005 4670 2196 4736 aperte
2287 4663 2656 4735 Hildeqardis
2681 4682 2878 4718 causae
2902 4671 2951 4719 et
2981 4680 3162 4719 curae.
3191 4663 3271 4717 De
3302 4661 3513 4731 quibus
3536 4671 3648 4714 cum
3668 4652 3739 4705 ali·

689 4753 933 4810 notavit.
997 4766 1123 4808 cum
1189 4751 1522 4819 Hildegardi
1605 4751 1842 4807 ascribit
1902 4775 1923 4801 ι
1992 4753 2197 4808 librum
2287 4748 2344 4804 bi
2377 4750 2560 4819 plura,
2591 4764 2743 4802 nunc
2773 4747 2931 4802 satis.
2965 4778 3032 4787 —
3059 4749 3104 4810 2)
3132 4744 3390 4816 Capitula
3420 4746 3733 4806 videnturpo·

686 4843 1008 4914 compositae
1033 4840 1330 4893 medicinae
1354 4839 1419 4893 de
1442 4840 1856 4910 aeyritudinum
1891 4842 2099 4900 causis,
2122 4841 2194 4893 si·
2287 4833 2623 4892 sterioribus
2649 4832 2801 4888 curis
2828 4837 2885 4887 et
2923 4830 3062 4886 satis
3092 4830 3281 4902 inepte
3307 4830 3519 4891 addita,
3540 4840 3661 4898 quae
3682 4826 3738 4872 ta·

686 4932 813 5001 ρηὺ
836 4933 1002 4998 atque
1037 4927 1207 4983 curis,
1249 4945 1268 4970 ι
1296 4922 1445 4992 quod
1488 4921 1636 4976 idem
1663 4923 1848 4993 palam
1884 4922 2196 4991 distinguit
2288 4936 2418 4975 men
2446 4918 2761 4989 sequimur.
2804 4916 2917 4972 alio
2956 4916 3143 4972 indice
3179 4915 3465 4970 destituti.
3490 4946 3554 4955 —
3577 4907 3735 4975 ⁸)G00·

690 5017 760 5068 ab
787 5011 899 5067 alio
925 5011 1072 5066 libro
1109 5010 1371 5080 simplicis
1406 5010 1702 5063 medicinae
1725 5010 2013 5062 secundum
2049 5027 2194 5063 crea·
2289 5006 2337 5069 1,
2380 5010 2434 5068 3,
2481 5009 2560 5060 tat.
2597 5035 2662 5043 —-
2691 5004 2736 5068 ⁴)
2766 5005 2842 5058 ad
2867 5007 3192 5058 creationem
3217 5001 3553 5074 reliquarum
3581 4997 3736 5052 creatu·

691 5106 884 5157 tionem
910 5103 1037 5152 octo
1066 5094 1239 5149 libros
1261 5093 1611 5154 continente,
1651 5108 1819 5163 quem
1860 5092 2072 5146 dudum
2100 5094 2193 5146 ha·
2290 5111 2483 5148 rarum
2509 5095 2774 5163 ignorans
2799 5086 2922 5144 cod.
2951 5103 3023 5142 an
3051 5087 3255 5160 probe?
