4036 6117
705 462 836 520 358
1874 477 1926 523 s.
1976 477 2511 525 nrnnnoAnms

2116 785 2248 845 XII.

1494 1045 1602 1106 AD
1658 1046 1908 1106 VITAM
1957 1045 2016 1106 S.
2070 1046 2427 1108 RUPERTI
2473 1046 2885 1109 EPILOGUS.

648 1286 980 1346 Praemissis
1006 1290 1190 1347 tribus
1214 1292 1283 1347 de
1306 1292 1364 1349 S.
1394 1293 1649 1364 Ruperto
1674 1293 1939 1358 canticis,
1969 1294 2031 1351 in
2058 1296 2428 1366 sequentibus
2452 1297 2816 1352 celebrantur
2842 1294 3093 1352 bominis
3118 1294 3332 1352 creatio
3355 1298 3415 1350 et
3439 1294 3749 1365 reparatio

716 1381 845 1449 post
869 1378 1108 1449 lapsum:
1148 1380 1509 1436 adducuntur
1535 1396 1663 1436 cum
1703 1381 1763 1438 B.
1796 1381 2035 1451 Virgine
2060 1382 2218 1438 chori
2249 1383 2533 1453 virginum
2574 1392 2632 1441 et
2657 1385 2980 1449 viduarum,
3018 1385 3211 1441 Iesum
3238 1388 3436 1438 natum
3466 1383 3732 1438 salutan-

723 1468 828 1528 tes;
870 1465 1203 1538 interposita
1232 1466 1291 1522 in
1327 1468 1628 1524 Diabolum
1657 1468 1965 1532 invectiva,
2006 1474 2301 1527 revocatur
2336 1470 2393 1527 S.
2423 1472 2731 1543 Rupertus,
2771 1471 2840 1525 ad
2866 1469 3277 1542 poenitentiam
3305 1474 3371 1523 ut
3408 1472 3741 1540 peccatores

722 1559 1113 1622 provocentur:
1154 1554 1466 1611 miscentur
1500 1556 1773 1627 quaedam
1820 1555 2092 1612 vaticinia
2130 1562 2189 1613 et
2225 1558 2492 1621 lamenta.
2532 1562 2590 1613 et
2630 1573 2751 1620 vae:
2793 1561 3099 1613 memorata
3138 1556 3341 1612 salutis
3378 1552 3735 1614 oeconomia.

723 1643 1005 1709 postremo
1031 1640 1290 1713 mysticis
1316 1641 1550 1697 monitis
1574 1657 1803 1698 carmen
1828 1641 2163 1699 absolvitur.

1203 1885 1307 1944 Ad
1354 1888 1922 1963 conyreqationem
1971 1906 2271 1952 sororum
2322 1907 2597 1949 suarum
2645 1888 3088 1966 Hildeyardis.
3137 1882 3185 1966 ¹)

2160 2145 2220 2218 Ι.

739 2400 821 2460 Et
866 2402 1025 2477 quia
1073 2403 1307 2464 beatus
1361 2404 1718 2480 RobertuS,
1775 2420 1935 2466 vere
1984 2405 2220 2466 beatus
2274 2412 2343 2466 et
2389 2421 2547 2467 vere
2597 2411 2872 2467 sanctus
2926 2413 3064 2483 est,
3123 2406 3287 2467 haec
3337 2405 3403 2464 in
3461 2402 3737 2464 coelesti

658 2502 1006 2565 harmonia
1045 2507 1269 2568 audivi
1302 2514 1371 2568 et
1403 2508 1625 2568 didici:

1215 2613 1266 2671 Ο
1299 2613 1741 2685 Hierusalem,
1780 2630 1983 2674 aurea
2017 2616 2283 2689 civitae,
2319 2620 2555 2676 ornata
2591 2618 2769 2692 regis
2802 2632 3164 2693 purpura...

1627 2713 1774 2776 (vide
1795 2712 1954 2783 infra
1978 2714 2122 2767 inter
2144 2716 2391 2769 carmina
2414 2730 2469 2769 π.
2502 2712 2758 2780 LXXV.)

1215 2803 1266 2861 Ο
1303 2803 1458 2863 felix
1492 2804 1888 2879 appariti0...
1929 2804 1980 2863 Ο
2014 2804 2405 2865 beatissime
2439 2805 2800 2867 Roberte...

1719 2899 1887 2964 (Ibid.
1916 2917 1972 2956 π.
2001 2900 2304 2966 XXXVII,
2330 2901 2687 2967 XXXVIII.)

748 2991 828 3051 Et
867 2993 1099 3052 iterum
1136 2993 1362 3053 audivi
1396 3008 1624 3052 vocem
1660 2992 1742 3051 de
1775 2993 1962 3052 coelo
1999 2994 2097 3052 sic
2133 2994 2198 3052 in
2232 2995 2363 3053 alio
2400 2997 2593 3056 modo
2629 2995 2980 3056 dicentem:

752 3099 1013 3159 Primus
1047 3116 1254 3160 sonus
1306 3100 1397 3160 ita
1431 3100 1823 3177 permansit,
1875 3103 1949 3160 ut
1979 3114 2021 3159 a
2050 3099 2184 3159 Deo
2218 3101 2443 3175 exivit3
2498 3118 2710 3178 usque
2743 3103 2901 3162 dum
2946 3103 3090 3179 ipse
3122 3117 3332 3178 genus
3381 3100 3738 3161 humanum

667 3205 734 3264 in
766 3204 1054 3279 Virginis
1089 3210 1279 3264 utero
1329 3204 1687 3278 reparavit.
1721 3204 1800 3263 Et
1836 3203 2005 3263 idem
2044 3220 2246 3264 sonus
2295 3207 2432 3265 vita
2478 3206 2623 3282 fuit,
2678 3207 2768 3267 ita
2818 3207 2994 3284 quod
3029 3224 3161 3268 non
3193 3207 3528 3278 transivit,
3567 3205 3743 3264 sicut

661 3313 902 3367 ventus
954 3310 1212 3369 transit.
1264 3310 1412 3384 Ipse
1461 3325 1725 3385 quoque
1775 3309 1840 3368 in
1889 3315 2027 3368 tam
2075 3326 2315 3384 magna
2362 3327 2527 3370 voce
2575 3312 2861 3393 subruit,
2920 3319 2995 3372 ut
3046 3312 3359 3387 abyssum
3411 3315 3734 3385 tangeret;

665 3411 841 3471 sicut
888 3412 1088 3471 etiam
1151 3413 1215 3471 in
1263 3414 1633 3472 novissima
1679 3413 1786 3471 die
1834 3428 2026 3471 omne
2075 3430 2285 3489 genus
2334 3414 2697 3478 humanum
2746 3432 2823 3475 ex
2871 3419 3206 3493 potestate
3261 3415 3475 3475 denuo
3535 3413 3747 3473 susci·

668 3514 860 3587 tabit,
914 3519 987 3574 ut
1022 3516 1086 3573 in
1119 3517 1335 3591 prima
1368 3517 1474 3575 die
1526 3517 1668 3592 ipse
1701 3518 1926 3577 exivit.
1979 3518 2120 3576 Hoc
2152 3524 2256 3577 est
2290 3518 2579 3578 Verbum
2626 3520 2800 3596 quod
2836 3521 3240 3581 testificatur
3272 3520 3577 3591 loannes,
3627 3532 3743 3593 per

669 3616 844 3691 quod
881 3620 1101 3677 omnia
1136 3618 1310 3678 facta
1345 3626 1500 3680 sunt
1522 3618 1572 3698 ²)
1611 3622 1675 3679 in
1707 3621 1939 3680 formis
1978 3621 2145 3681 suis,

757 3721 837 3779 Et
873 3738 1022 3780 cum
1056 3722 1230 3782 Deus
1269 3722 1425 3783 fecit
1459 3724 1792 3784 hominem
1826 3725 1908 3785 ad
1943 3724 2299 3799 imaginem
2333 3732 2400 3785 et
2435 3726 2950 3787 similitudinem
2985 3744 3211 3803 suam,
3234 3720 3284 3807 ³)
3320 3731 3388 3787 et
3414 3725 3746 3796 animalia,

748 3996 791 4062 ¹)
817 3996 872 4052 S.
899 3996 1139 4067 Ruperti
1165 3996 1336 4053 Ducis
1364 3996 1536 4052 vitam
1559 3996 1631 4052 ab
1669 3996 2010 4066 Hildegarde
2038 3994 2171 4051 scri·
2259 3993 2608 4061 carminum,
2661 3996 2996 4054 concionum
3040 4001 3098 4054 et
3134 3997 3569 4068 colloquiorum,
3614 4011 3753 4067 quae

676 4090 832 4156 ptam
882 4100 1010 4142 cum
1063 4086 1226 4141 laude
1265 4084 1566 4141 ediderunt
1602 4089 1730 4155 post
1764 4083 2034 4139 Ioannem
2063 4080 2173 4136 Bu·
2258 4085 2415 4136 extra
2452 4082 2690 4138 chorum
2719 4083 2778 4137 in
2819 4082 2963 4139 sesto
2998 4084 3217 4140 titulari
3256 4085 3561 4155 Bingenses
3589 4080 3754 4152 virgi-

672 4185 895 4233 saeum,
937 4171 1226 4227 Nicolaum
1255 4172 1568 4234 Seri-arum,
1596 4169 1975 4226 Bollandistae
2003 4169 2172 4237 (Maii
2260 4184 2392 4230 nes,
2433 4168 2574 4247 duce
2612 4169 2978 4239 Hildegardi.
3019 4171 3296 4226 exstatico
3334 4176 3492 4226 oestu
3522 4166 3751 4240 percita.

677 4260 720 4311 t.
748 4256 848 4312 111.
875 4257 966 4312 die
991 4256 1099 4311 XV
1121 4274 1173 4329 p.
1200 4261 1349 4322 565),
1378 4274 1446 4311 ex
1470 4256 1682 4327 quibus
1712 4255 1940 4310 transiit
1965 4253 2033 4309 ad
2066 4255 2173 4310 Pa·
2264 4252 2618 4323 frequentare
2657 4254 2929 4309 solebant.
2972 4254 3135 4309 Certe
3174 4255 3526 4327 praeludium
3564 4258 3650 4308 est
3689 4249 3752 4305 ad

678 4342 871 4413 troloq.
891 4342 1263 4398 parisiensem
1283 4349 1320 4400 t.
1341 4342 1590 4399 CXCVII
1612 4342 1717 4398 col.
1742 4340 2065 4396 1081.Nunc
2088 4357 2175 4396 ve·
2264 4338 2514 4394 carmina
2551 4354 2695 4409 quae
2722 4354 2882 4401 mox.
2923 4339 3074 4394 haud
3109 4338 3232 4394 sine
3268 4344 3424 4408 grata
3465 4338 3754 4397 varietate,

680 4448 744 4487 ro
768 4448 913 4503 quae
945 4434 1218 4489 accedunt
1238 4433 1512 4496 auctaria.
1542 4451 1610 4489 ex
1637 4431 1758 4489 cod.
1793 4433 1923 4503 maj.
1955 4432 2177 4487 Wisba-
2264 4426 2625 4507 resonabunt.
2669 4424 2782 4480 Hic
2808 4424 2959 4480 enim
2989 4427 3148 4495 plura
3178 4424 3236 4479 id
3263 4440 3440 4493 genus
3460 4424 3579 4494 jam
3609 4438 3759 4493 prae-

681 4518 841 4574 densi
881 4518 1278 4589 excipiuntur.
1320 4519 1420 4575 ubi
1457 4518 1852 4575 inscribuntur
1878 4519 1984 4575 sub
2016 4531 2171 4572 num.
2266 4515 2603 4575 mittuntur,
2643 4527 2786 4582 quae
2824 4509 3033 4566 frustra
3074 4510 3214 4565 alibi
3251 4510 3578 4581 quaesieris.
3620 4510 3758 4565 Tum

680 4608 787 4659 26⁴
815 4605 966 4661 inter
1001 4604 1283 4676 epistolas.
1315 4607 1395 4663 De
1420 4606 1630 4677 quibus
1655 4605 1794 4677 quid
1819 4605 2026 4666 dicam.
2054 4604 2182 4660 hae·
2270 4604 2429 4674 plura
2470 4600 2850 4671 germanicum
2901 4598 3167 4662 schisma,
3219 4597 3373 4655 bisce
3419 4598 3762 4669 temporibus

683 4705 798 4745 reo.
839 4689 1363 4763 Opinarer'scripta
1403 4692 1577 4749 fuisse
1602 4693 1750 4749 circa
1777 4707 1989 4748 annum
2024 4695 2183 4747 1170-
2272 4688 2535 4757 flagrans,
2576 4687 2918 4759 respiciunt;
2960 4687 3070 4743 alia
3111 4687 3177 4742 ad
3202 4688 3475 4758 quaedam
3518 4689 3763 4743 locorum

687 4780 850 4840 1173,
888 4776 1021 4847 quia
1050 4792 1104 4833 n.
1136 4776 1189 4831 V
1215 4777 1441 4833 invenio
1469 4778 1627 4849 plura
1655 4794 1799 4850 quae
1826 4777 2079 4850 profecto
2105 4794 2187 4832 re·
2274 4781 2333 4831 et
2370 4775 2625 4843 gentium
2655 4774 2963 4844 singularia
3004 4772 3251 4829 facinora
3272 4815 3287 4836 .
3328 4779 3532 4829 cuncta
3570 4773 3765 4829 multis

686 4863 942 4935 spiciunt
968 4863 1035 4918 ad
1061 4864 1312 4936 exposita
1353 4865 1458 4920 sub
1496 4880 1650 4921 num.
1693 4865 1770 4927 11,
1815 4864 1873 4920 in
1900 4863 2189 4936 prooemio
2276 4859 2459 4915 obsita
2501 4861 2769 4925 tenebriS.
2797 4877 2937 4932 quas
2968 4860 3067 4916 alii
3096 4858 3426 4916 discutiant.
3456 4858 3654 4914 Nostra
3684 4875 3767 4913 ve·

688 4953 760 5008 ad
809 4952 984 5008 vitam
1037 4953 1091 5009 S.
1152 4952 1439 5015 Disibodi,
1492 4952 1549 5007 in
1597 4952 1697 5007 illo
1749 4957 1999 5022 tempore
2057 4951 2193 5007 scri·
2276 4964 2337 5002 ro
2380 4945 2665 5018 incipiunt
2692 4945 2750 5000 in
2791 4946 2912 5018 ipso
2938 4945 3071 5001 finis
3097 4944 3338 5002 articulo
3365 4949 3422 5000 et
3449 4946 3639 5007 verbo,
3667 4943 3765 4999 ubi

687 5044 862 5112 ptam.
900 5039 1055 5106 Quae
1088 5037 1413 5094 summatim
1444 5037 1490 5092 si
1522 5035 1972 5099 considerentur,
2001 5037 2194 5092 viden·
2281 5035 2431 5089 edita
2459 5034 2855 5097 absolvuntur,
2883 5034 2921 5088 l.
2954 5033 2991 5088 l.
3024 5032 3129 5088 col.
3165 5035 3323 5086 1⁰92.

694 5133 789 5181 tur
832 5127 1109 5198 quoddam
1151 5125 1367 5182 varium
1409 5143 1470 5180 ac
1517 5124 1798 5181 scenicum
1843 5138 2189 5194 programma
2351 5124 2395 5185 2)
2422 5122 2580 5175 Joan.
2610 5120 2659 5184 l,
2690 5123 2739 5174 3.
2806 5151 2851 5158 -
2879 5117 2923 5187 ⁸)
2948 5118 3148 5175 GencS.
3179 5117 3229 5179 1.
3258 5120 3342 5172 25.
