4036 6117
771 445 855 503 88
1921 465 1971 506 s
2040 462 2570 512 u11.DEGARDIS

2179 688 2303 747 LII.

1738 893 1831 954 De
1887 896 2127 970 Leone,
2176 899 2395 973 forma
2441 897 2567 956 zeli
2617 899 2759 957 Dei.

781 1106 886 1169 61.
937 1103 1121 1177 Quod
1156 1105 1376 1164 autem
1413 1101 1624 1177 videS,
1662 1102 1838 1178 quod
1882 1120 2107 1163 coram
2142 1105 2484 1179 praedicto
2538 1106 2682 1165 viro
2718 1106 2820 1165 leo
2872 1111 3028 1179 stat,
3067 1105 3180 1182 qui
3231 1123 3304 1165 se
3338 1109 3561 1166 contra
3610 1105 3752 1165 vitia

687 1213 819 1274 ista
867 1210 1093 1284 vertit,
1145 1207 1270 1268 hoc
1304 1213 1409 1267 est
1459 1207 1635 1283 quod
1671 1208 1739 1267 in
1787 1207 2142 1283 majestate
2190 1208 2596 1283 DivinitatiS,
2651 1209 3034 1270 humanitas
3084 1210 3451 1271 Salvatoris
3491 1214 3611 1286 est;
3653 1212 3755 1288 qui

682 1319 860 1379 Deus
892 1322 959 1377 et
1008 1315 1205 1374 homo
1240 1314 1561 1389 existenS‚
1613 1313 1987 1373 fortissima
2022 1315 2088 1372 vi
2137 1315 2261 1374 zeli
2295 1316 2399 1374 sui
2448 1315 2799 1375 diabolicis
2848 1317 3033 1376 vitiis
3074 1323 3423 1393 repugnat;
3460 1319 3549 1378 ita
3596 1316 3752 1395 quod

680 1437 994 1498 magnum
1030 1420 1322 1496 rugitum
1366 1435 1516 1478 cum
1554 1424 1752 1478 vento
1786 1420 2124 1493 emittenS,
2164 1419 2432 1494 clamat,
2470 1421 2646 1496 quod
2680 1436 2760 1480 ea
2795 1421 2861 1481 in
2899 1421 3046 1497 igne
3081 1421 3369 1497 Spiritus
3413 1422 3626 1481 Sancti
3656 1436 3753 1481 ex-

684 1527 950 1605 spoliet,
989 1541 1067 1584 ac
1100 1525 1200 1584 sic
1233 1523 1316 1583 ad
1349 1523 1546 1583 finem
1593 1522 1938 1599 perducat,
1976 1525 2136 1599 quia
2185 1526 2417 1584 contra
2450 1541 2599 1583 eum
2637 1541 2934 1601 pugnare
2968 1526 3392 1587 contendunt.
3428 1526 3584 1586 Nam
3624 1527 3752 1602 ipse

677 1636 885 1695 altam
933 1631 1478 1692 vociferationem
1529 1646 1683 1689 cum
1731 1628 2003 1689 sufflatu
2037 1629 2324 1705 Spiritus
2359 1630 2580 1691 Sancti
2616 1633 2864 1706 emisit,
2905 1633 3017 1693 ubi
3059 1633 3296 1693 eodem
3330 1632 3576 1708 Spiritu
3610 1632 3749 1692 San-

674 1743 784 1797 cto
830 1735 1201 1810 discipulos
1251 1749 1413 1792 suos
1452 1732 1711 1807 imbuit,
1764 1748 1916 1790 cum
1948 1748 2063 1793 eos
2098 1733 2487 1807 praedicare
2521 1739 2585 1793 et
2636 1735 2986 1796 testificari
3020 1752 3263 1795 novam
3298 1735 3746 1796 sanctificatio-

672 1859 828 1904 nem
871 1842 1113 1918 Jussit,
1163 1846 1493 1916 quatenus
1543 1839 1667 1898 hoc
1716 1838 1910 1898 modo
1946 1840 2219 1916 antiquo
2256 1839 2557 1916 Serpenti
2592 1841 2891 1916 perditas
2924 1837 2969 1921 ¹)
3005 1844 3266 1903 animas
3300 1841 3650 1916 auferrent,
3682 1857 3751 1900 ac

675 1949 1007 2026 pessimas
1041 1946 1508 2021 suggestiones
1543 1949 1986 2018 contererent,
2024 1959 2175 2002 cum
2208 1944 2454 2020 quibus
2488 1946 2760 2006 veritati
2795 1963 2872 2006 ac
2905 1948 3108 2006 saluti
3135 1947 3480 2006 hominum
3507 1960 3749 2021 semper

674 2051 1002 2113 rebellare
1035 2049 1290 2110 nititur.
1327 2047 1646 2119 Quamvis
1678 2047 1854 2108 enim
1890 2047 2208 2108 Diabolus
2252 2049 2590 2123 perversis
2641 2047 3247 2110 machinationibus
3298 2051 3465 2123 suiS,
3502 2048 3749 2114 Christo

675 2158 841 2219 Filio
871 2156 990 2217 Dei
1027 2155 1093 2216 in
1121 2154 1356 2215 electis
1387 2152 1534 2227 eJus
1567 2152 1888 2211 resistere
1923 2157 2158 2227 tentet,
2198 2152 2506 2213 Christus
2542 2160 2765 2213 tamen
2798 2159 2872 2213 ut
2904 2155 3006 2214 leo
3058 2153 3495 2228 fortissimUS,
3538 2167 3749 2213 omnes

671 2266 864 2329 artus
893 2257 944 2339 ²)
994 2264 1060 2317 et
1107 2259 1386 2317 conatus
1438 2256 1651 2331 ipsius
1702 2270 1779 2313 ac
1827 2256 1991 2314 vitia
2044 2256 2172 2329 ipsi
2220 2255 2654 2317 adhaerentia
2686 2256 2769 2316 ad
2818 2256 3100 2316 nihilum
3135 2256 3346 2331 ducit,
3398 2258 3464 2316 et
3495 2254 3743 2315 omnino

673 2365 984 2425 conterit.

2146 2571 2304 2633 LIII.

1139 2784 1339 2846 Zelus
1376 2784 1496 2844 Dei
1530 2782 1825 2844 homines
1860 2783 2126 2862 affliyit,
2162 2785 2275 2860 qui
2309 2783 2719 2843 voluntatem
2754 2780 2896 2857 ejus
2928 2785 3293 2861 neyliqunl.

754 2992 861 3052 62.
910 2991 990 3052 Et
1037 2990 1214 3049 sicut
1258 2987 1611 3049 Diabolum
1658 3005 1738 3048 ac
1785 2989 1952 3048 vitia
2000 3005 2171 3065 quae
2222 3005 2371 3048 cum
2425 2990 2537 3049 illo
2572 2995 2749 3063 sunt,
2802 2990 3029 3048 divina
3062 2994 3403 3066 potestate
3436 2987 3654 3047 domat
3685 2990 3744 3044 et

657 3093 1048 3171 prosternit,
1083 3107 1163 3151 ac
1194 3095 1537 3168 prostrata
1571 3093 1876 3152 conterit:
1922 3093 2013 3152 ita
2047 3094 2250 3152 etiam
2279 3093 2627 3152 multoties
2666 3093 2967 3152 homines
2994 3092 3110 3168 qui
3135 3108 3206 3150 se
3232 3091 3367 3167 ipsi
3396 3095 3742 3167 opponunt,

657 3203 727 3258 et
759 3197 875 3275 qui
922 3197 1156 3257 beatas
1189 3197 1258 3256 et
1298 3195 1519 3271 justas
1555 3195 2041 3255 admonitiones
2089 3212 2219 3254 non
2253 3196 2647 3271 suscipiunt,
2701 3196 3035 3272 corporali
3072 3195 3339 3269 flagello
3389 3210 3508 3270 per
3540 3193 3738 3253 zelum

656 3319 860 3363 suum
893 3301 1182 3376 castigat
1213 3306 1280 3359 et
1311 3300 1660 3376 dispergit,
1696 3317 1776 3360 ac
1809 3301 2120 3376 plurimis
2154 3301 2652 3361 calamitatibus
2679 3301 3119 3377 corporaliter
3146 3300 3409 3375 affligit.
3437 3298 3741 3371 Quemad-

655 3406 928 3467 modum
960 3404 1136 3465 enim
1171 3403 1491 3464 fortitudo
1527 3405 1739 3464 leonis
1773 3406 2039 3464 caetera
2072 3405 2386 3464 animalia
2420 3404 2718 3479 devorat,
2757 3406 2855 3463 sic
2888 3404 3089 3463 etiam
3120 3403 3444 3463 fortitudo
3471 3405 3537 3463 et
3568 3402 3736 3460 zelus

654 3509 774 3568 Dei
804 3508 1068 3568 viscera
1099 3506 1356 3567 Diaboli
1391 3510 1698 3584 conterit;
1727 3524 1805 3567 ac
1839 3510 2129 3584 primum
2164 3508 2605 3583 mendacium,
2644 3524 2792 3567 cum
2829 3524 2959 3583 quo
2989 3506 3163 3566 idem
3195 3505 3518 3566 Diabolus
3548 3505 3615 3565 in
3646 3518 3738 3561 se-

654 3612 941 3688 metipso
991 3626 1226 3670 casum
1275 3611 1679 3688 sibimetipsi
1713 3612 2117 3687 aedificavit,
2172 3613 2341 3671 idem
2380 3613 2561 3671 zelus
2610 3611 2875 3671 omnino
2926 3610 3342 3685 comminuit,
3395 3615 3593 3686 atque
3625 3605 3737 3667 ini-

656 3716 867 3776 micos
901 3730 1061 3776 suos
1094 3714 1361 3790 occidit,
1398 3717 1513 3791 qui
1548 3717 1723 3777 intra
1753 3732 1830 3775 se
1859 3717 2117 3792 dicunt,
2153 3717 2330 3793 quod
2365 3716 2543 3776 aliud
2575 3732 2772 3792 quam
2806 3723 3048 3775 natura
3079 3729 3312 3774 eorum
3347 3712 3732 3791 expostulet,

654 3818 873 3890 facere
919 3834 1050 3879 non
1077 3818 1365 3895 possint,
1398 3813 1449 3899 ⁵.)
1488 3825 1555 3878 et
1590 3820 1707 3895 qui
1739 3820 1822 3879 ad
1854 3836 2318 3897 unaquaeque,
2356 3835 2527 3896 quae
2564 3819 2728 3895 ipsis
2760 3818 3006 3892 placita
3040 3822 3218 3891 sunt,
3254 3817 3530 3878 assidue
3569 3814 3735 3890 aspi-

650 3924 860 4000 ciunt,
895 3928 963 3983 et
995 3922 1111 3999 qui
1145 3922 1330 3983 vitiis
1363 3922 1622 3984 Diaboli
1658 3940 1731 3984 se
1767 3926 2135 4000 involvunt,
2172 3926 2583 3985 voluntatem
2616 3923 2734 3982 Dei
2768 3904 3205 3999 negligenteS,
3259 3929 3327 3982 et
3360 3937 3560 3999 opera
3600 3919 3730 3990 Dei,

646 4029 844 4104 quasi
874 4026 1052 4088 Deus
1085 4043 1215 4088 non
1251 4028 1363 4104 sit,
1400 4029 1849 4105 repudiantes
1883 4030 2067 4090 Unde
2102 4031 2242 4089 zelo
2276 4029 2392 4087 Dei
2441 4028 2922 4103 disperguntur
2961 4031 3027 4087 et
3068 4028 3529 4103 conteruntur,
3581 4042 3727 4101 que-

644 4132 1068 4193 madmodum
1103 4139 1169 4192 et
1207 4134 1304 4193 illi
1336 4134 1645 4211 dissipati
1682 4140 1857 4207 sunt,
1894 4135 1975 4193 de
2008 4135 2255 4211 quibus
2287 4134 2611 4193 Jeremias
2647 4132 2970 4208 propheta
3007 4133 3306 4208 loquitur
3340 4133 3588 4210 dicens:

2089 4360 2279 4421 L1111.

1677 4554 2000 4617 Jeremias
2048 4556 2134 4614 ad
2181 4556 2481 4615 eamdem
2531 4573 2690 4614 rem.

715 4768 824 4829 63.
879 4768 1113 4829 Manus
1146 4766 1512 4826 mulierum
1546 4766 2075 4827 misericordium
2110 4770 2429 4825 coxerunt
2464 4764 2630 4843 filios
2666 4781 2838 4834 suos,
2872 4764 3036 4842 facti
3072 4768 3224 4822 sunt
3277 4760 3453 4822 cibus
3490 4778 3715 4821 earum

626 4879 696 4934 in
734 4874 1123 4935 contritione
1156 4872 1334 4951 filiae
1361 4872 1595 4948 populi
1627 4874 1780 4931 mei.
1821 4870 2175 4949 complevit
2212 4870 2531 4933 Dominus
2564 4871 2861 4948 furorem
2887 4887 3106 4942 suum,
3144 4868 3378 4949 effudit
3410 4870 3583 4927 iram
3614 4868 3714 4949 in<-

624 4978 1026 5056 diynationis
1061 4994 1239 5035 suae.
1269 4976 1350 5035 Ec
1387 4976 1721 5035 succendit
1758 4978 1977 5051 iqnem
2010 4977 2084 5032 in
2115 4975 2299 5041 Sion,
2329 4980 2388 5032 et
2417 4974 2747 5032 devoravit
2774 4974 3220 5051 fundamenta
3246 4969 3387 5044 ejus
3435 4968 3483 5049 ⁴)
3514 4969 3711 5043 Cujus

696 5133 739 5197 ¹)
763 5132 1042 5206 praeditas
1067 5129 1132 5185 A.
1176 5161 1230 5168 —-
1258 5131 1303 5196 2)
1335 5126 1370 5186 s.
1404 5136 1568 5187 actus.
1613 5162 1673 5169 —
1700 5127 1991 5201 ³)possunt
2018 5127 2084 5182 A.
2123 5159 2184 5166 —-
2213 5126 2255 5192 ⁴)
2285 5125 2497 5182 Thren.
2534 5126 2629 5188 lv,
2665 5130 2745 5180 10.
