4036 6117
640 424 770 484 <208
1798 441 1850 485 s.
1904 440 2440 490 innuisti-Annis

1990 665 2229 726 XLVII.

1401 852 1495 914 De
1538 857 1770 932 poenis
1819 855 1890 913 ob
1937 859 2339 936 maleficium
2384 860 2809 935 purqatoriis.

645 1066 750 1127 64.
784 1064 866 1124 Et
895 1063 1034 1125 vidi
1065 1061 1377 1139 paludem
1411 1075 1743 1137 magnam,
1779 1067 1854 1122 ut
1888 1061 2106 1138 ignem
2144 1068 2353 1122 totam
2390 1062 2779 1139 ferventem,
2816 1065 2884 1123 et
2916 1064 3285 1140 pessimum
3325 1065 3650 1127 foetorem

558 1172 994 1243 emittentem,
1045 1180 1124 1226 ac
1163 1164 1658 1225 multitudinem
1694 1166 2106 1241 serpentium
2141 1166 2560 1242 aliorumque
2592 1166 2923 1226 vermium
2959 1167 3026 1225 in
3060 1182 3132 1227 se
3169 1167 3547 1244 habentem,
3587 1170 3653 1229 in

557 1294 689 1353 qua
716 1275 922 1335 etiam
946 1273 1206 1332 animae
1233 1271 1500 1330 illorum
1529 1271 2036 1347 torquebantur,
2074 1272 2187 1347 qui
2214 1272 2372 1331 dum
2400 1273 2465 1331 in
2498 1273 2897 1348 corporibus
2926 1274 3068 1334 suis
3098 1272 3406 1349 fuissent,
3444 1277 3648 1336 male-

554 1378 703 1439 ficio
738 1376 1149 1448 institerant,
1188 1375 1280 1433 ita
1313 1373 1490 1449 quod
1538 1373 1893 1433 diabolicis
1943 1375 2203 1434 artibus
2251 1375 2542 1451 plurima
2577 1377 2839 1451 magica
2873 1379 2940 1437 et
2975 1378 3295 1438 veneficia
3346 1395 3499 1439 cum
3545 1379 3645 1439 di·-

547 1485 768 1545 versis
817 1480 1147 1541 creaturis
1195 1483 1654 1538 exercuerant.
1703 1479 1884 1538 Unde
1931 1481 1999 1539 ct
2046 1481 2323 1555 maligni
2365 1481 2646 1556 spiritus
2682 1482 2971 1557 plurima
3008 1484 3369 1559 opprobria
3405 1486 3643 1545 intule-

549 1593 701 1648 rant
732 1586 854 1660 eiS,
890 1584 1210 1643 dicentes:
1245 1582 1365 1642 Isti
1398 1597 1632 1642 verum
1663 1576 1708 1660 ¹)
1742 1581 2096 1642 Dominum
2127 1599 2259 1643 non
2294 1582 2559 1645 habent.
2596 1584 2763 1656 Quia
2798 1586 2974 1645 enim
3011 1590 3264 1647 rectam
3297 1587 3494 1648 fidem
3528 1605 3642 1649 ne-

544 1694 909 1769 glexerant,
945 1688 1112 1749 etin
1146 1686 1462 1763 operibus
1497 1687 1638 1746 suis
1688 1686 2225 1746 incredulitatem
2274 1688 2489 1748 secuti
2540 1688 2835 1763 fuerant,
2883 1690 2949 1749 in
2982 1689 3106 1750 hac
3156 1692 3349 1766 ignea
3395 1692 3637 1768 palude

548 1796 893 1869 ardebant3
945 1797 1013 1852 et
1059 1791 1216 1868 quia
1264 1790 1423 1867 quid
1475 1790 1770 1849 facerent
1817 1806 1948 1849 non
1998 1791 2625 1867 consideraverant,
2681 1791 3003 1853 foetorem
3037 1794 3336 1871 ejusdem
3368 1797 3634 1872 paludis

539 1898 940 1971 sentiebant;
976 1900 1044 1954 et
1076 1894 1235 1972 quia
1266 1893 1578 1953 fiduciam
1613 1909 1803 1953 suam
1839 1894 1906 1952 in
1938 1894 2268 1953 elementa
2299 1900 2366 1953 et
2401 1894 2468 1954 in
2503 1894 2671 1955 alias
2720 1898 3067 1956 creaturas
3116 1903 3504 1974 posuerant,
3556 1916 3634 1959 ac

540 2003 678 2064 illis
704 2002 919 2077 magis
944 2015 1146 2077 quam
1170 2000 1302 2058 Deo
1337 1998 1782 2073 crediderant,
1821 2016 1857 2058 a
1892 1999 2258 2074 praedictis
2279 1996 2332 2079 ²)
2367 2001 2711 2060 vermibus
2746 2001 3237 2078 affligebantur3
3274 2006 3341 2064 et
3373 2005 3530 2081 quia
3564 2006 3630 2065 in

534 2104 918 2181 hujusmodi
965 2103 1278 2179 pessimis
1328 2102 1589 2161 artibus
1636 2101 2009 2162 delectatae
2061 2103 2361 2177 fuerant,
2413 2104 2738 2163 conviciis
2788 2106 3233 2181 malignorum
3266 2108 3624 2182 spirituum

533 2208 1043 2270 infestabantur.
1078 2206 1158 2266 Et
1190 2204 1324 2266 vidi
1364 2210 1432 2265 et
1464 2205 1759 2265 intellexi
1795 2205 1980 2266 haec.

1941 2416 2212 2477 XLVIII.

1498 2624 1592 2686 De
1637 2627 2054 2703 poenitentia
2100 2625 2171 2683 ob
2218 2627 2637 2707 maleficium.

612 2836 718 2897 65.
766 2835 846 2896 Et
895 2832 1139 2895 iterum
1178 2829 1259 2891 de
1292 2831 1594 2908 praefata
1630 2834 1894 2892 vivente
1929 2833 2077 2892 luce
2112 2849 2343 2893 vocem
2379 2834 2542 2894 mihi
2576 2834 2908 2894 dicentem
2942 2833 3190 2893 audivi:
3228 2832 3407 2893 Haec
3440 2849 3613 2909 quae

519 2943 733 3016 videS,
767 2956 928 2999 vera
962 2942 1137 2998 sunt.
1188 2936 1311 2996 Sed
1363 2936 1664 2996 homines
1699 2938 1812 3013 qui
1847 2939 2179 3013 malignos
2213 2939 2518 3014 spirituS,
2560 2938 2642 2998 ad
2676 2938 3077 2998 maleficium
3111 2954 3228 2998 eos
3261 2938 3613 2998 exhortan-

512 3052 638 3121 teS,
674 3041 1133 3106 contenderint
1163 3040 1540 3115 devincere,
1578 3046 1645 3100 et
1677 3056 1928 3117 poenas
1962 3041 2264 3117 ejusdem
2299 3042 2446 3102 vitii
2480 3040 2796 3118 effugere,
2834 3057 3073 3118 aspera
3106 3048 3298 3102 veste
3334 3056 3406 3101 se
3440 3041 3609 3102 afssi-

507 3155 689 3225 gant,
727 3164 806 3209 ac
837 3146 1223 3208 durissimis
1267 3145 1539 3222 jejuniis
1589 3162 1666 3205 ac
1716 3147 2069 3206 acerrimis
2119 3146 2517 3206 verberibus
2566 3162 2719 3206 cum
2762 3146 3015 3222 judicio
3048 3147 3354 3222 Justitiac
3390 3162 3463 3206 se
3497 3163 3606 3206 ca-

505 3255 776 3329 stigent.

1898 3445 2200 3505 XLVIIII.

1546 3654 1640 3713 De
1689 3656 1997 3714 coecitate
2045 3654 2541 3733 maleficiorum.

586 3867 693 3930 66.
727 3866 892 3928 Nam
927 3863 1233 3925 homines
1267 3864 1382 3940 qui
1415 3861 1485 3922 in
1517 3870 1867 3924 creaturas
1902 3864 2087 3923 velut
2123 3863 2188 3922 in
2223 3864 2596 3940 scripturas
2630 3864 2987 3940 aspiciunt,
3024 3868 3092 3922 et
3127 3863 3241 3940 qui
3293 3861 3358 3923 in
3406 3878 3590 3922 crea-

493 3975 667 4035 turis
714 3973 901 4032 velut
935 3971 1001 4029 in
1036 3969 1391 4044 scripturis
1440 3967 1650 4028 multa
1697 3967 1920 4027 dicere
1964 3968 2392 4041 contendunt,
2428 3967 2782 4028 Diabolum
2815 3983 2936 4043 pro
2968 3966 3103 4027 Deo
3136 3968 3386 4042 colunt,
3422 3973 3489 4027 et
3522 3968 3585 4025 ci

489 4078 817 4151 serviunt3
854 4075 1263 4152 quapropter
1295 4077 1361 4131 et
1395 4072 1538 4146 ipse
1572 4072 1672 4130 eis
1708 4071 2028 4130 adhaeret
2060 4071 2309 4130 dicens:
2353 4091 2385 4129 «
2415 4071 2745 4147 Quidquid
2781 4088 2820 4131 a
2855 4087 2960 4130 me
2994 4071 3351 4147 petieritiS,
3389 4071 3583 4130 vobis

486 4182 685 4242 dabo,
717 4198 748 4239 »
787 4180 967 4240 Unde
993 4183 1061 4238 et
1095 4178 1300 4237 miser
1326 4177 1437 4236 ille
1464 4175 1872 4252 quiDiabolo
1892 4176 1993 4234 sic
2022 4173 2406 4249 famulatur,
2431 4175 2496 4237 in
2515 4176 2878 4251 semetipso
2896 4175 3079 4236 dicit:
3113 4194 3144 4233 α
3175 4174 3449 4235 Omnem
3477 4190 3583 4234 sa-

486 4285 695 4344 lutem
743 4297 958 4341 meam
996 4281 1062 4340 in
1095 4280 1426 4339 creaturis
1477 4280 1760 4338 invenio.
1798 4278 1864 4338 Si
1898 4280 2076 4338 enim
2112 4280 2179 4338 in
2208 4279 2417 4338 Deum
2461 4294 2725 4354 semper
2756 4279 3154 4353 aspicerem,
3190 4283 3258 4337 et
3292 4278 3351 4336 si
3384 4277 3579 4336 mihi-

485 4393 621 4447 met
656 4386 787 4462 ipsi
821 4384 1159 4461 quaelibet
1195 4384 1366 4443 bona
1399 4400 1527 4442 non
1563 4383 2009 4459 providerem,
2043 4382 2221 4443 Deus
2255 4398 2405 4442 cum
2443 4382 2572 4442 sibi
2620 4383 2940 4457 placeret,
2986 4382 3208 4442 omnia
3240 4395 3413 4457 quae
3462 4380 3575 4440 ha-

483 4493 735 4564 berem,
764 4488 929 4548 mihi
957 4486 1272 4547 auferret.
1298 4487 1379 4547 Et
1402 4486 1562 4563 quid
1589 4493 1731 4546 tum
1758 4486 2109 4546 haberem?
2133 4486 2344 4562 Igitur
2370 4502 2542 4562 quae
2565 4485 2863 4560 voluero,
2888 4479 2939 4562 ³)
2970 4485 3038 4544 in
3062 4483 3393 4544 creaturis
3426 4500 3575 4560 per-

477 4594 852 4656 scrutabor.
903 4593 978 4652 In
1011 4592 1117 4652 his
1152 4606 1437 4668 namque
1473 4597 1546 4651 ut
1577 4607 1872 4668 peccem,
1907 4609 2039 4651 non
2072 4592 2375 4652 aestimo.
2417 4609 2449 4648 x·
2489 4590 2668 4650 Haec
2709 4591 3049 4667 pessimus
3082 4589 3463 4650 ludificator
3498 4590 3567 4650 in

473 4701 838 4775 semetipso
872 4699 1192 4775 loquitur,
1231 4698 1312 4757 ad
1350 4696 1513 4756 haec
1546 4696 1751 4757 etiam
1798 4697 2117 4772 pessimis
2150 4701 2218 4755 et
2251 4695 2589 4770 perversis
2638 4695 2899 4754 artibus
2949 4694 3277 4768 initiatur3
3305 4690 3353 4772 ⁴)
3392 4694 3562 4754 unde

465 4813 535 4865 et
582 4819 863 4881 corpore
911 4807 978 4862 et
1027 4804 1248 4862 anima
1295 4802 1699 4875 destruitur,
1751 4801 1910 4877 quia
1959 4816 2194 4860 casum
2242 4799 2440 4875 primi
2492 4799 2711 4874 angeli
2761 4798 3235 4873 subsequitur,
3286 4803 3353 4856 et
3401 4797 3558 4873 quia

465 4912 672 4970 etiam
707 4926 780 4969 se
812 4908 1120 4970 viliorem
1155 4907 1430 4966 Diabolo
1467 4905 1650 4978 facit,
1689 4921 1840 4964 cum
1877 4908 1941 4965 in
1977 4903 2474 4964 irrationabiles
2510 4904 2859 4962 creaturas
2894 4900 3188 4974 confidit,
3236 4899 3410 4976 quod
3448 4900 3559 4958 ille

538 5112 580 5178 ¹)
608 5129 776 5168 unum
803 5111 971 5168 Deum
992 5128 1101 5168 non
1127 5112 1322 5168 habent
1352 5108 1440 5163 W.
1471 5142 1533 5150 —
1554 5111 1600 5177 2)
1627 5126 1661 5164 a
1684 5107 1960 5180 praefatis
1989 5107 2080 5162 W.
2108 5137 2174 5146 —
2200 5105 2247 5170 ³)
2272 5121 2414 5177 quae
2438 5106 2677 5162 volueris
2702 5103 2793 5160 W.
2821 5134 2875 5142 —
2908 5103 2951 5173 ⁴)
2979 5105 3232 5158 imitatur
3255 5102 3351 5166 W,
3373 5102 3423 5156 Α
3448 5099 3547 5156 sic.
