4036 6117
1698 508 2163 557 nrisroLAs.
3297 494 3429 553 :3:35

411 637 566 692 sunt
618 632 762 691 isti‘?
795 626 839 710 ¹)
878 629 998 690 Sed
1050 633 1122 690 ut
1161 631 1283 706 ipsi
1334 629 1585 688 eisdem
1626 629 1905 688 armatis
1958 634 2285 687 terrorem
2322 626 2722 700 incuterent,
2763 644 3036 702 magnos
3072 630 3393 703 strepitus
3427 636 3494 689 et

413 737 669 794 sonitus
722 736 783 793 in
819 734 1049 792 eadem
1101 734 1272 793 silva
1309 733 1658 792 faciebant.
1709 733 1888 791 Unde
1922 731 2193 806 quidam
2242 730 2627 788 eorumdem
2673 738 3080 790 armatorum
3136 734 3488 809 indignati,

411 839 670 912 gladios
721 856 879 897 suos
929 836 1388 911 extrahenteS‚
1440 853 1554 894 eos
1587 836 1666 896 ad
1725 835 2092 894 feriendum
2144 833 2515 892 vibrabant.
2566 833 2644 892 Et
2696 833 2868 891 sacta
2917 840 3019 894 est
3067 852 3189 894 vox
3243 854 3318 895 ex
3356 839 3493 897 alto

412 942 659 1000 dicens:
713 942 1092 1000 Convertite
1128 941 1387 1015 gladios
1422 946 1682 1000 vestros
1719 941 1784 998 in
1818 939 2120 1013 vaginaS,
2170 952 2380 1012 usque
2429 936 2510 994 ad
2547 943 2809 1012 tempus
2861 943 3234 1012 temporum
3284 941 3501 1000 eradi-

413 1046 717 1105 cationis
757 1047 831 1105 Et
871 1048 963 1104 illi
999 1045 1255 1121 gladios
1305 1062 1465 1104 suos
1516 1044 1581 1102 in
1625 1044 1902 1117 vaginas
1940 1042 2362 1100 remiserunt.
2398 1040 2476 1098 Et
2510 1056 2663 1097 ecce
2698 1040 2970 1115 quidam
3006 1042 3142 1114 alii,
3182 1048 3320 1103 toto
3356 1060 3501 1103 cor-

416 1174 572 1231 pore
621 1157 802 1229 nudi,
846 1157 906 1214 in
941 1157 1132 1231 equis
1183 1156 1511 1227 sedenteS‚
1549 1155 1728 1213 circa
1763 1160 1996 1230 pectus
2031 1158 2098 1211 et
2139 1152 2319 1210 circa
2352 1156 2654 1209 ventrem
2688 1150 2947 1210 modico
2983 1168 3198 1227 panno
3238 1160 3494 1216 tantum

416 1260 687 1330 obtecti,
743 1264 1084 1317 venerunt.
1121 1258 1297 1328 Quos
1351 1264 1419 1316 ut
1456 1259 1548 1316 illi
1599 1258 1711 1332 qui
1753 1257 1813 1315 in
1864 1257 2036 1314 silva
2069 1260 2258 1313 erant
2308 1254 2640 1325 viderunt,
2678 1253 2757 1312 ad
2814 1253 2993 1327 ipsos
3028 1265 3491 1333 cucurrerunt,

417 1367 482 1421 et
532 1379 739 1438 equos
773 1378 1003 1420 eorum
1057 1378 1175 1437 per
1206 1362 1450 1420 collum
1484 1367 1548 1419 et
1585 1377 1703 1436 per
1736 1359 1984 1418 caudas
2021 1360 2391 1432 capientes,
2431 1357 2548 1415 sed
2582 1362 2649 1415 et
2686 1356 2868 1432 ipsos
2904 1357 3114 1416 nudos
3149 1376 3267 1434 per
3301 1376 3497 1421 crura

418 1475 484 1526 et
533 1483 650 1543 per
685 1467 885 1540 pedes
935 1483 1166 1525 eorum
1203 1469 1525 1538 tenenteS,
1579 1481 1853 1538 magnos
1887 1464 2097 1521 saltus
2145 1467 2211 1520 et
2245 1460 2606 1521 cachinnos
2658 1461 2723 1519 in
2758 1462 3016 1521 lusibus
3066 1465 3205 1522 suis
3241 1481 3392 1523 cum
3430 1467 3506 1525 il-

421 1573 502 1630 lis
538 1577 602 1629 ct
654 1572 747 1630 illi
784 1588 934 1629 cum
988 1572 1136 1630 istis
1178 1570 1540 1643 faciebant,
1592 1569 1911 1628 dicentes:
1947 1568 1998 1627 O
2048 1567 2235 1638 socii,
2272 1567 2618 1626 nobiscum
2671 1566 2897 1626 ludite.
2936 1566 3179 1625 Deinde
3231 1570 3504 1643 quidam

426 1653 684 1736 illorum
725 1685 1159 1747 armatorum,
1197 1676 1404 1735 armis
1439 1676 1580 1732 suis
1620 1673 1908 1747 fatigati,
1944 1672 2028 1731 ad
2065 1672 2306 1731 vallem
2359 1671 2528 1730 hanc
2563 1687 2734 1746 quae
2771 1672 2949 1729 iuxta
2990 1672 3170 1746 ipsos
3206 1684 3372 1745 erat,
3410 1675 3507 1734 di-

425 1784 796 1849 verterunt;
850 1785 911 1839 ot
948 1781 1028 1838 de
1077 1781 1268 1854 equis
1303 1778 1817 1847 descendenteS,
1871 1783 1937 1836 et
1972 1793 2158 1835 arma
2209 1793 2329 1833 sua
2366 1792 2536 1851 quae
2587 1776 2793 1834 multo
2848 1774 3102 1851 fulgore
3155 1779 3503 1838 radiabant

423 1892 758 1957 exuentes,
811 1904 886 1943 ea
925 1886 1395 1960 deposuerunt.
1436 1884 1525 1941 Et
1562 1884 1652 1941 ita
1704 1882 1767 1939 in
1801 1883 1938 1941 otio
1990 1883 2053 1940 in
2088 1881 2317 1938 eadem
2370 1881 2543 1938 valle
2592 1879 2923 1952 sedenteS,
2975 1880 3305 1941 dixerunt:
3345 1883 3507 1954 Quis

425 1998 643 2065 potest
690 2007 839 2049 cum
878 1990 980 2049 his
1029 1989 1330 2064 parvulis
1368 2003 1630 2063 semper
1674 1986 2004 2061 pugnare?
2038 1985 2345 2044 Sinamus
2378 2000 2537 2058 ergo
2570 2000 2686 2043 eos
2722 1983 2968 2043 ludere.
3006 1985 3185 2055 Quod
3225 1992 3297 2045 ut
3334 1987 3504 2046 idem

424 2095 683 2169 parvuli
714 2094 1015 2155 homines
1045 2095 1108 2153 in
1138 2093 1311 2152 silva
1342 2096 1576 2151 euntes
1604 2091 1936 2164 viderunt,
1974 2089 2057 2148 ad
2085 2090 2269 2164 ipsos
2305 2095 2767 2162 cucurrerunt,
2807 2094 2874 2147 et
2901 2089 3093 2148 ludos
3128 2106 3288 2149 suos
3324 2083 3503 2150 circa

429 2216 545 2257 eos
599 2199 948 2259 faciebant.
1002 2198 1125 2258 Sed
1175 2199 1288 2257 isti
1323 2214 1445 2257 nec
1495 2213 1645 2256 cum
1697 2196 1831 2255 illis
1883 2195 2218 2269 ludebant,
2255 2211 2374 2253 nec
2422 2210 2537 2253 eos
2572 2212 2609 2252 a
2659 2209 2731 2252 se
2765 2194 3111 2254 discedere
3161 2197 3507 2271 cogebant;

431 2302 544 2357 sed
598 2307 851 2359 tantum
888 2302 1093 2359 armis
1145 2301 1286 2360 suis
1320 2300 1665 2375 depositis,
1706 2300 1770 2357 in
1804 2299 1939 2356 otio
1975 2297 2321 2368 sedebant,
2361 2297 2553 2355 ludos
2591 2298 2755 2355 istos
2793 2297 3239 2372 inspicientes,
3277 2300 3354 2358 Et
3392 2301 3510 2359 ite-

437 2421 580 2462 rum
634 2406 855 2463 sonuit
891 2422 1011 2464 vox
1062 2422 1140 2463 ex
1176 2407 1309 2465 alto
1359 2404 1606 2463 dicens:
1644 2404 1760 2461 Isti
1811 2402 1924 2477 qui
1961 2417 2148 2460 arma
2184 2417 2306 2460 sua
2339 2400 2811 2475 deposuerunt,
2851 2418 2975 2460 non
3010 2402 3249 2463 debent
3286 2408 3509 2465 vocari

433 2509 832 2583 principales
868 2509 1170 2583 magistri
1202 2510 1264 2568 in
1302 2508 1552 2583 palatio
1588 2508 1790 2581 regiS,
1828 2506 1985 2581 quia
2024 2505 2284 2580 fatigati
2321 2510 2476 2564 sunt
2510 2505 2590 2563 ad
2627 2506 2974 2580 praelium.

518 2612 723 2685 Nunc,
776 2629 813 2671 o
851 2614 965 2671 lilii
1016 2614 1168 2684 mei,
1204 2612 1550 2681 attendite,
1592 2611 1970 2669 intellectus
2006 2610 2134 2669 iste
2169 2615 2273 2667 est
2307 2609 2389 2668 ad
2422 2626 2563 2669 vos‚
2601 2610 2762 2668 Nam
2799 2609 2949 2668 boni
2986 2616 3053 2669 et
3088 2613 3287 2671 utiles
3326 2631 3516 2690 prae-

435 2715 548 2772 lati
584 2722 650 2773 et
699 2715 944 2772 caeteri
979 2715 1092 2789 qui
1141 2714 1512 2773 saecularia
1547 2718 1998 2782 contemnunt,
2055 2713 2118 2770 in
2151 2711 2367 2772 veloci
2415 2728 2618 2771 cursu
2663 2712 2988 2772 bonorum
3023 2730 3322 2789 operum,
3360 2734 3513 2776 cum

431 2818 733 2891 diligenti
772 2818 1073 2877 custodia
1108 2818 1373 2891 armati,
1413 2818 1669 2891 sedent,
1704 2823 1778 2876 ut
1826 2824 2059 2877 contra
2108 2815 2457 2875 Diabolum
2507 2823 2817 2891 pugnent.
2870 2816 2966 2876 Ad
3015 2818 3357 2880 dexteram
3404 2838 3515 2882 eo-

436 2938 578 2980 rum
615 2923 721 2980 est
753 2922 859 2980 via
900 2906 1348 2997 rectitudiniS,
1385 2926 1452 2981 et
1484 2922 1564 2981 ad
1601 2922 1944 2981 sinistram
1992 2920 2384 2996 inquietudo
2419 2922 2780 2979 multarum
2832 2922 3396 2999 vicissitudinum,
3435 2927 3516 2983 de

432 3024 676 3100 quibus
726 3026 932 3084 multa
970 3025 1130 3084 vitia
1180 3025 1565 3101 procedunt;
1604 3041 1773 3101 quae
1824 3025 2093 3084 eosdem
2145 3030 2438 3084 armatos
2491 3024 2885 3084 multociens
2937 3027 3169 3087 territa
3223 3026 3513 3104 fugiunt,

434 3134 500 3189 et
549 3130 945 3188 multociens
978 3130 1077 3188 cis
1127 3135 1453 3188 terrorem
1503 3146 1697 3189 suum
1750 3130 1811 3188 in
1851 3129 2108 3187 insania
2159 3145 2282 3187 sua
2329 3128 2679 3187 incutiunt.
2734 3129 2912 3188 Unde
2962 3131 3231 3205 quidam
3280 3148 3513 3192 eorum

443 3234 792 3308 indignati,
844 3250 993 3291 cum
1048 3234 1358 3308 injuriam
1409 3233 1537 3292 sibi
1590 3234 1842 3294 illatam
1892 3235 2227 3308 patienter
2276 3231 2556 3291 sufferre
2607 3233 2859 3304 nolunt,
2897 3250 2969 3291 se
3020 3234 3099 3293 ad
3153 3235 3518 3296 vindictam

439 3344 861 3413 praeparant;
920 3338 1032 3395 sed
1069 3338 1295 3396 divina
1346 3337 1690 3412 inspiratio
1740 3354 1855 3395 eos
1908 3343 2160 3408 monet,
2218 3329 2706 3410 ut'quies‘cant,
2760 3338 3133 3412 usquedum
3182 3339 3356 3399 Deus
3405 3358 3524 3415 per

442 3442 723 3514 gratiam
777 3456 967 3501 suam
1004 3440 1276 3501 easdem
1327 3441 1605 3515 injurias
1639 3441 1952 3500 eradicet.
2003 3441 2083 3499 Et
2118 3441 2215 3498 sic
2266 3455 2305 3499 a
2338 3441 2782 3501 commotione
2816 3441 3150 3500 vindictae
3186 3458 3346 3502 suae
3381 3459 3526 3502 ces-

444 3549 611 3605 sant.
638 3542 688 3622 ²)
719 3546 796 3604 Et
822 3545 1088 3622 quidam
1127 3546 1243 3604 alii
1280 3547 1393 3621 qui
1424 3550 1684 3605 terrena
1717 3545 2105 3620 despexisse
2138 3545 2470 3618 videntur,
2504 3545 2567 3603 in
2592 3562 2837 3604 vanum
2865 3544 2988 3605 boc
3015 3546 3208 3606 modo
3237 3564 3308 3606 se
3336 3564 3527 3609 cura-

445 3665 512 3706 re
547 3649 925 3720 ostendunt,
981 3666 1132 3709 cum
1167 3651 1323 3710 nudi
1374 3668 1411 3710 a
1449 3652 1635 3709 bonis
1669 3651 1984 3725 operibus
2037 3651 2191 3721 sint,
2229 3650 2538 3724 quamvis
2588 3666 2659 3707 se
2697 3651 2761 3707 in
2812 3650 3237 3710 simulatione
3275 3660 3519 3727 tegant:

445 3758 854 3826 quapropter
901 3762 967 3810 et
1002 3754 1164 3813 vitia
1215 3755 1327 3813 illa
1367 3769 1485 3813 eos
1532 3753 1858 3824 derident,
1894 3759 1960 3810 et
2009 3768 2162 3812 cum
2209 3754 2306 3811 eis
2358 3754 2423 3811 in
2474 3768 2711 3827 magna
2759 3752 3069 3812 irrisione
3122 3756 3312 3814 ludos
3363 3773 3524 3816 suos

445 3860 774 3913 exercent.
826 3855 945 3914 Sed
997 3858 1063 3914 et
1110 3858 1380 3932 quidam
1432 3856 1926 3933 praedictorum
1984 3857 2433 3932 praelatorum
2485 3861 2552 3914 et
2606 3862 3051 3930 caeterorum,
3112 3860 3224 3932 qui
3263 3866 3528 3920 terrena

349 3997 350 4000 =
446 3961 712 4019 omnino
762 3961 1146 4037 despexisse
1194 3962 1580 4035 debuerant,
1634 3962 1851 4021 taedio
1904 3961 2305 4036 fatigantur,
2356 3966 2424 4019 et
2474 3961 2539 4018 in
2589 3967 2771 4020 recto
2825 3961 3060 4020 itinere
3109 3962 3525 4036 diligentiam

451 4068 662 4125 bonae
710 4066 1049 4125 custodiae
1097 4065 1435 4138 deserunt,
1487 4069 1554 4125 et
1602 4066 2013 4139 negligenter
2068 4071 2407 4132 vacanteS,
2459 4065 2688 4123 dicunt
2736 4065 2907 4139 quod
2958 4081 3108 4123 cum
3157 4065 3343 4124 vitiis
3394 4067 3530 4126 illis

452 4185 717 4244 semper
765 4184 1059 4244 pugnare
1095 4185 1220 4226 non
1270 4170 1544 4243 possint.
1582 4169 1762 4226 Unde
1796 4175 1862 4226 et
1895 4169 2127 4227 eadem
2164 4169 2325 4226 vitia
2359 4170 2459 4226 eis
2496 4168 2800 4238 illudunt3
2840 4167 2953 4224 sed
2991 4175 3208 4226 tamen
3249 4170 3374 4243 ipsi
3412 4187 3531 4229 uec

460 4275 568 4332 illa
618 4275 900 4348 pleniter
935 4273 1333 4347 suscipiunt,
1387 4289 1502 4331 nec·
1539 4273 1804 4331 omnino
1855 4290 1890 4330 a
1927 4289 1998 4330 se
2050 4274 2143 4331 ire
2182 4271 2451 4331 faciunt:
2505 4271 2618 4330 sed
2658 4273 2721 4330 in
2772 4278 3039 4345 torpore
3086 4274 3531 4349 negligentiae

456 4379 705 4454 sede-nt.
756 4379 1195 4454 Quapropter,
1236 4385 1305 4438 ut
1353 4384 1583 4454 aperte
1617 4378 2023 4448 ostenditur,
2060 4393 2178 4435 nec
2215 4378 2413 4435 utiles
2451 4377 2783 4450 magistri,
2820 4393 2939 4435 nec
2974 4377 3173 4436 utiles
3210 4387 3532 4453 pugnato-

461 4500 565 4541 res
599 4500 824 4542 coram
857 4483 989 4541 Deo
1026 4490 1201 4556 sunt,
1239 4484 1397 4558 quia
1432 4483 1512 4542 ad
1549 4484 1834 4541 salutem
1872 4497 2060 4539 suam
2099 4483 2163 4539 in
2200 4480 2419 4539 taedio
2456 4484 2857 4555 torpescunt.

548 4587 932 4647 Intellectus
960 4589 1108 4658 iste,
1137 4605 1174 4646 o
1202 4594 1570 4646 sectatores
1598 4586 1859 4646 tunicae
1895 4601 2101 4653 meae,
2138 4584 2221 4643 ad
2248 4601 2367 4643 vos
2402 4585 2632 4644 tendit.
2667 4584 2718 4644 O
2755 4585 3094 4660 spiritales
3130 4588 3377 4661 populi,
3417 4589 3531 4662 qui

458 4694 683 4752 dicitis
732 4709 853 4752 vos
904 4693 1065 4750 bene
1099 4699 1165 4751 et
1202 4698 1378 4751 recte
1414 4690 1740 4764 incedere,
1778 4706 1898 4749 cur
1930 4705 2060 4750 non
2096 4688 2446 4748 imitamini
2481 4705 2681 4764 opera
2708 4690 2897 4764 Agni,
2934 4690 3047 4765 qui
3079 4690 3200 4749 suit
3236 4707 3541 4751 mansue-

461 4804 592 4869 tUS,
633 4797 849 4869 mitiS,
903 4794 1200 4867 humiliS,
1238 4800 1467 4854 castus
1516 4800 1582 4854 et
1615 4794 1933 4854 obediens
1982 4800 2340 4869 praecepto
2376 4793 2593 4853 Patris
2645 4795 2771 4868 sui,
2807 4800 2874 4853 et
2921 4795 3182 4869 patiens
3217 4795 3297 4853 ad
3335 4796 3540 4853 sacri-

461 4901 682 4960 ficium
717 4899 1019 4973 corporis
1054 4899 1156 4957 sui
1193 4915 1311 4974 pro
1348 4899 1561 4958 nobiS.
1597 4897 1860 4973 Surgite
1908 4914 2094 4972 ergo,
2133 4899 2307 4957 sicut
2341 4914 2462 4956 vos
2497 4898 2785 4972 primum
2821 4898 3147 4972 plantavit
3183 4899 3538 4971 mysticum

462 5007 706 5064 donum
751 5004 868 5063 Dei
919 5004 998 5062 ad
1050 5003 1457 5062 consortium
1511 5004 1918 5076 angelorum.
1973 5003 2103 5061 Vos
2152 5003 2324 5061 enim
2380 5002 2706 5059 interdum
2758 5002 3029 5060 nescitis
3078 5001 3237 5076 quid
3292 5000 3539 5069 facitis,

543 5176 582 5236 ¹)
612 5177 711 5241 (lii
733 5181 870 5233 sicut
898 5180 1003 5232 isli:
1039 5177 1127 5230 W.
1179 5209 1234 5215 —-
1265 5178 1308 5238 ⁸²)
1336 5183 1496 5230 cessat
1525 5176 1613 5230 W.
