4036 6117
707 509 794 568 94
1856 528 1909 570 s.
1963 527 2503 573 umnec-Anum

2100 748 2308 807 LXVI.

1829 958 1920 1017 De
1967 959 2144 1014 malo
2202 960 2582 1034 impietatis.

731 1165 839 1227 78.
875 1167 1196 1242 Impietas
1232 1166 1406 1226 enim
1445 1166 1750 1226 timorem
1782 1164 1899 1224 Dei
1935 1183 2065 1226 non
2099 1167 2243 1225 vult
2276 1172 2343 1224 et
2374 1165 2776 1225 charitatem
2810 1164 2927 1225 Dei
2966 1164 3203 1238 nescit,
3240 1179 3361 1222 nec
3397 1160 3657 1238 aliquid
3698 1160 3764 1219 in

637 1271 866 1331 divina
911 1271 1163 1331 virtute
1208 1277 1552 1346 operatur,
1604 1270 1721 1330 sed
1773 1270 1838 1330 in
1887 1271 2194 1330 omnibus
2243 1271 2560 1344 operibus
2595 1270 2735 1329 suis
2787 1269 2869 1328 ad
2904 1269 3299 1344 Aquilonem
3339 1266 3641 1343 respicit,
3683 1281 3763 1324 ac

636 1376 859 1436 omnia
889 1391 1095 1451 opera
1141 1394 1262 1436 sua
1300 1377 1366 1435 in
1404 1377 1649 1436 malam
1686 1376 2040 1438 scientiam
2075 1375 2424 1450 dispergit,
2455 1378 2520 1435 et
2556 1374 3066 1435 maledictiones
3100 1390 3250 1433 cum
3287 1373 3562 1433 nutibus
3598 1387 3764 1431 ocu-

643 1484 860 1543 lorum
911 1483 977 1542 in
1023 1484 1444 1558 malignitate
1492 1482 1769 1558 profert.
1822 1482 2004 1543 Unde
2056 1481 2135 1541 de
2189 1482 2641 1541 imitatoribus
2690 1480 2837 1556 ejus
2881 1496 2999 1555 per
3031 1478 3461 1555 prophetam,
3498 1475 3765 1550 Spiritu

644 1603 791 1647 meo
828 1587 1249 1664 inspiratum,
1289 1587 1555 1646 dicitur:

2076 1796 2291 1855 LXVII
2306 1843 2316 1855 .

1755 2007 1965 2066 David
2013 2006 2097 2064 ad
2147 2006 2445 2064 eamdem
2495 2024 2654 2063 rem.

734 2209 838 2272 79.
893 2211 1039 2272 Fiat
1091 2213 1406 2274 habitatio
1455 2231 1684 2272 eorum
1733 2214 2024 2283 deserta,
2076 2220 2135 2272 et
2188 2216 2259 2272 in
2309 2212 2754 2273 tabernaculis
2804 2231 3033 2272 eorum
3082 2230 3217 2271 non
3268 2214 3349 2272 sit
3401 2213 3517 2289 qui
3568 2212 3772 2271 inha-

639 2312 798 2373 bitet
843 2309 914 2393 ¹).
965 2314 1150 2386 Quod
1209 2317 1414 2376 etiam
1453 2317 1551 2377 sic
1587 2317 2091 2392 intelligendum
2139 2323 2261 2376 est.
2300 2318 2688 2393 Impiorum,
2726 2318 2840 2393 qui
2876 2317 3049 2376 bona
3080 2333 3211 2376 non
3245 2315 3594 2390 colligunt,
3640 2313 3756 2373 sed

640 2418 1061 2496 dispergunt,
1124 2421 1242 2481 fiat
1290 2423 1625 2496 voluntaS,
1663 2436 1862 2497 quam
1897 2438 2020 2498 pro
2072 2438 2311 2481 secura
2346 2421 2757 2483 habitatione
2793 2401 3063 2497 habent,
3106 2420 3172 2480 in
3204 2421 3762 2491 destructionem,

644 2522 738 2582 ita
786 2523 965 2599 quod
1011 2525 1285 2585 omnino
1335 2525 1728 2601 dissipetur,
1784 2527 1943 2603 quia
1992 2527 2389 2602 magistrum
2440 2532 2506 2585 et
2555 2526 2685 2586 sibi
2736 2527 3152 2603 superiorem
3202 2526 3459 2600 nolunt,
3497 2527 3564 2584 et
3598 2522 3762 2600 quia

645 2627 850 2686 etiam
900 2627 1030 2688 sibi
1081 2631 1500 2691 consimilem
1552 2647 1681 2691 non
1729 2632 2100 2707 patiuntur3
2154 2632 2271 2692 sed
2322 2648 2495 2708 quae
2543 2632 2837 2708 capiunt,
2891 2631 3019 2691 sibi
3056 2629 3438 2704 adtrabunt,
3476 2636 3541 2689 et
3579 2644 3761 2704 quae

647 2730 909 2806 nolunt,
962 2734 1385 2810 conculcant,
1426 2736 1519 2795 ita
1552 2735 1728 2812 quod
1763 2736 1966 2796 etiam
2006 2737 2070 2795 in
2105 2737 2396 2811 spiritali
2431 2736 2674 2812 gaudio
2710 2753 2837 2795 non
2871 2734 3189 2811 psallunt;
3226 2741 3294 2794 et
3327 2733 3505 2810 quod
3541 2731 3770 2791 chari-

650 2837 858 2895 tatem
907 2834 1249 2913 derident,
1301 2845 1367 2898 et
1401 2840 1577 2916 quod
1613 2840 1978 2900 bonitatem
2012 2840 2367 2915 abnegant,
2404 2847 2471 2900 et
2506 2840 2680 2916 quod
2712 2837 2762 2919 ²)
2800 2839 3331 2899 benedictionem
3369 2838 3660 2913 fugiunt,
3698 2842 3766 2895 et

645 2939 1107 3002 maledictioni
1141 2958 1211 3001 se
1244 2943 1675 3020 conjungunt.
1711 2945 1892 3004 Unde
1925 2945 1992 3004 in
2029 2945 2481 3005 tabernaculis
2519 2945 2842 3004 malarum
2881 2944 3437 3003 consuetudinum
3468 2942 3763 3001 istarum

645 3058 780 3104 non
811 3045 902 3105 sit
935 3046 1049 3122 qui
1087 3044 1365 3122 habitet,
1403 3049 1717 3125 quoniam
1754 3049 1836 3110 ab
1869 3049 1969 3110 eis
2002 3048 2387 3123 declinabit,
2428 3049 2543 3126 qui
2579 3066 2868 3124 superna
2903 3047 3335 3109 tabernacula
3367 3046 3614 3106 habere
3653 3044 3769 3104 de-

645 3148 932 3225 siderat3
984 3151 1070 3211 ab
1104 3151 1330 3228 impiis
1365 3154 1542 3213 enim
1579 3154 1922 3214 beatitudo
1959 3155 2176 3214 aliena
2211 3156 2336 3227 est,
2376 3155 2534 3230 quia
2570 3154 2700 3228 ipsi
2737 3154 2929 3212 oculo
2968 3152 3285 3212 scientiae
3320 3151 3493 3211 bona
3524 3164 3767 3224 gerere

648 3270 780 3314 non
820 3258 1173 3331 quaerunt,
1212 3257 1330 3317 sed
1365 3273 1485 3332 per
1517 3274 1721 3334 opera
1755 3276 1878 3319 sua
1911 3260 1994 3319 ad
2029 3259 2381 3321 Diabolum
2416 3259 2814 3333 respiciunt,
2855 3263 2923 3316 et
2947 3256 3151 3315 Deum
3196 3256 3647 3315 contemnunt.
3686 3254 3767 3313 Et

651 3358 805 3419 ideo
857 3375 1061 3435 opera
1110 3377 1281 3437 quae
1331 3369 1733 3439 operantur,
1783 3371 1850 3425 et
1906 3364 2338 3426 fundamenta
2386 3379 2556 3439 quae
2605 3368 2888 3439 ponunt,
2938 3360 3115 3421 Deus
3148 3360 3385 3434 nescit,
3420 3359 3539 3419 sed
3574 3374 3657 3418 ea
3696 3363 3765 3417 ut

649 3467 954 3522 stercora
1002 3464 1254 3540 abjicit.
1305 3457 1354 3543 ³)
1406 3466 1568 3526 Nam
1618 3468 1686 3527 in
1735 3469 2258 3543 cogitationibus
2295 3468 2438 3527 suis
2475 3466 2637 3527 illud
2672 3467 3111 3539 constituunt,
3156 3464 3334 3541 quod
3368 3465 3609 3537 Legem
3644 3461 3765 3521 Dei

646 3564 1039 3640 destituant,
1091 3574 1157 3626 et
1206 3570 1382 3645 quod
1431 3572 1774 3646 propriam
1808 3573 2223 3632 voluntatem
2261 3588 2451 3631 suam
2491 3572 2555 3631 in
2590 3571 2902 3630 omnibus
2937 3570 3301 3646 perficiant.
3336 3570 3766 3646 Quapropter

651 3666 763 3727 lux
810 3670 1125 3729 veritatis
1164 3671 1227 3729 in
1261 3674 1783 3734 necessitatibus
1818 3691 2050 3735 eorum
2091 3675 2258 3751 ipsis
2293 3673 2751 3748 abstrahatur,
2784 3670 2833 3752 ⁴)
2866 3676 3182 3750 quoniam
3215 3689 3363 3733 eam
3398 3689 3530 3733 non
3558 3688 3770 3748 quae-

653 3773 933 3849 sierunt,
970 3792 1091 3836 nec
1124 3778 1502 3852 voluerunt,
1543 3779 1658 3837 sed
1689 3780 1753 3838 in
1783 3779 2017 3839 umbra
2056 3781 2293 3838 mortis
2328 3795 2448 3853 per
2482 3795 2684 3855 opera
2721 3796 2842 3838 sua
2877 3777 3330 3851 ambulabant;
3366 3772 3413 3854 ⁵)
3452 3794 3529 3836 ac
3566 3777 3770 3836 idcir-

650 3894 730 3938 co
766 3880 1090 3956 recipient
1123 3882 1298 3957 quod
1335 3884 1768 3957 quaerebant,
1808 3890 1873 3943 et
1912 3884 2251 3943 habebunt
2285 3884 2461 3959 quod
2497 3883 2995 3957 desiderabant,
3034 3884 3191 3957 quia
3224 3882 3291 3940 in
3324 3897 3555 3941 casum
3591 3897 3767 3956 quae

653 3983 1128 4060 sequebantur,
1161 3980 1207 4064 ⁶)
1248 3986 1454 4060 ibant,
1491 3988 1603 4047 ubi
1639 3986 1846 4047 Deum
1880 3988 2401 4064 dereliquerunt.
2432 3988 2553 4057 Qui
2589 3993 2809 4046 autem
2846 3987 3052 4046 Deum
3088 3986 3396 4060 diligunt,
3446 3986 3768 4058 pietatem

660 4086 794 4146 sibi
822 4088 1191 4163 attrahunt,
1224 4090 1287 4148 in
1314 4107 1445 4165 qua
1471 4090 1604 4150 Deo
1633 4091 1917 4165 pleniter
1937 4091 2420 4152 adhaerebunt.
2444 4089 2623 4150 Haec
2648 4096 2872 4149 autem
2899 4090 2979 4147 de
3007 4089 3488 4164 poenitentium
3516 4089 3770 4147 anima-

652 4190 782 4250 bus
815 4192 1182 4268 purgandis
1215 4199 1281 4252 et
1317 4194 1658 4254 salvandis
1707 4195 1885 4254 dicta
1936 4198 2115 4269 sunt,
2153 4202 2220 4254 et
2256 4194 2480 4254 fidelia
2518 4200 2695 4267 sunt,
2733 4200 2799 4253 et
2836 4193 3049 4252 fidelis
3089 4192 3191 4251 his
3227 4191 3550 4266 attendat,
3588 4199 3652 4251 et
3692 4209 3767 4251 ea

655 4291 723 4351 in
759 4295 1151 4355 memoriam
1186 4296 1398 4356 bonae
1436 4298 1758 4357 scientiae
1793 4304 2167 4373 componat.

741 4399 846 4460 80.
899 4402 1084 4461 Alios
1118 4420 1382 4479 quoque
1416 4404 1716 4479 ejusdem
1755 4405 2205 4465 multitudinis
2242 4406 2531 4479 spiritus
2566 4403 2728 4476 vidi,
2775 4402 2889 4477 qui
2925 4417 3157 4461 omnes
3192 4417 3429 4476 magno
3464 4402 3763 4460 clamore

651 4505 1200 4567 vociferabantur
1245 4508 1567 4570 dicentes:
1627 4530 1657 4568 ec
1685 4509 1925 4587 Sedem
1973 4509 2235 4569 Domini
2272 4509 2509 4583 nostri,
2547 4508 2662 4584 qui
2696 4506 2961 4566 Lucifer
2992 4513 3121 4581 est,
3161 4522 3365 4581 supra
3399 4506 3623 4565 sidera
3659 4506 3760 4563 vi-

658 4627 691 4669 »
731 4610 1060 4687 debimuS,
1110 4618 1178 4673 et
1227 4614 1535 4674 altiorem
1584 4616 1915 4691 omnibus,
1967 4617 2124 4691 quia
2172 4614 2496 4692 quidquid
2548 4615 2859 4688 voluerit,
2915 4613 3047 4673 fiet.
3092 4612 3171 4672 Et
3218 4613 3372 4689 quis
3407 4612 3470 4671 ei
3505 4611 3754 4671 similis

661 4732 694 4772 ιο
732 4715 896 4775 erit‘?
933 4734 963 4773 n
1018 4717 1137 4776 Isti
1186 4735 1471 4795 namque
1520 4726 1750 4778 contra
1801 4719 2113 4780 thronum
2164 4719 2280 4778 Dei
2330 4725 2396 4778 et
2441 4724 2678 4779 contra
2727 4719 3044 4777 honorem
3089 4715 3236 4790 eJus
3295 4714 3755 4790 blasphemias

650 4820 988 4895 emittunt,
1040 4827 1106 4881 et
1155 4823 1390 4882 oculus
1441 4824 1794 4898 superbiae
1843 4829 2021 4898 sunt3
2077 4830 2142 4883 et
2171 4831 2243 4883 ut
2279 4824 2580 4883 homines
2612 4822 2980 4884 mendaciis
3016 4828 3081 4881 et
3115 4821 3556 4897 blasphemiis
3599 4821 3762 4880 insi-

661 4929 866 4999 stant,
903 4925 1370 4988 exhortantur.

729 5094 772 5158 ¹)
801 5096 888 5150 Ps.
926 5095 1186 5160 valn,
1216 5102 1303 5153 26.
1336 5130 1402 5139 --·
1429 5099 1475 5163 2)
1503 5100 1649 5171 quod
1688 5113 1798 5153 om.
1831 5099 1904 5150 W
1933 5096 1993 5152 in
2022 5102 2072 5151 2.
2104 5102 2161 5151 et
2254 5098 2411 5152 hetur
2440 5096 2506 5151 Α.
2552 5128 2618 5137 ·-
2656 5099 2698 5162 ⁵)
2738 5097 3020 5154 ambulant
3045 5093 3109 5150 A.
3154 5126 3222 5136 --
3269 5096 3314 5159 ⁶>
3354 5053 3570 5164 aliquid
3610 5093 3765 5150 deest

659 5185 708 5235 3.
745 5181 881 5237 loco.
921 5211 978 5218 -
1007 5182 1051 5247 ³)
1078 5191 1305 5239 stercore
1332 5184 1424 5245 W,
1454 5184 1652 5256 adjicit
1681 5181 1742 5237 A.
1780 5214 1841 5221 —-
1871 5184 1913 5249 ⁴)
1953 5185 2160 5239 subtra—
2259 5188 2357 5238 aut
2386 5183 2550 5237 latet.
