4036 6117
675 492 804 554 140
1812 510 1863 553 s.
1932 505 2480 555 nnnsseanms

1998 726 2309 790 LXXIIII.

1473 939 1564 997 De
1611 938 2053 1014 fornicatione
2104 957 2187 997 επ
2234 940 2505 1016 maqicis
2554 939 2828 998 artibus.

694 1149 812 1209 92.
863 1146 988 1208 Sed
1044 1147 1161 1224 qui
1216 1162 1337 1222 per
1390 1145 1723 1222 pessimas
1781 1150 1986 1219 arteS,
2050 1146 2340 1221 ligatura
2399 1145 2739 1206 immunda
2793 1146 3240 1222 copulationis
3290 1162 3364 1207 se
3416 1146 3703 1206 invicem

603 1253 1027 1329 complicant,
1077 1250 1263 1326 digni
1311 1265 1441 1309 non
1491 1255 1646 1309 sunt
1695 1255 1768 1309 ut
1816 1249 2016 1324 legali
2064 1250 2485 1310 institutione
2528 1250 3044 1326 conjungantur,
3089 1250 3405 1327 quoniam
3438 1247 3707 1309 artibus

608 1356 960 1418 idolatriae
990 1350 1037 1433 ¹)
1076 1352 1488 1415 seductionis
1522 1368 1594 1412 se
1627 1353 1816 1429 prius
1849 1353 2354 1428 colligaverant.

2032 1574 2285 1639 LXXV.

1696 1774 1789 1832 De
1839 1773 2162 1833 adulterii
2203 1776 2640 1851 poenitentia.

690 1986 797 2046 93.
839 1985 962 2057 Qui
1011 1989 1236 2044 autem
1285 1980 1662 2042 adulterina
1717 1979 2156 2042 fornicatione
2204 1999 2277 2043 se
2329 1982 2767 2059 foedaverint,
2806 1989 2873 2043 et
2900 1983 3156 2059 justam
3204 1982 3705 2059 copulationem

605 2107 806 2168 quam
840 2088 1019 2150 Deus
1053 2087 1417 2163 conjunxit,
1470 2083 1727 2145 nefaria
1762 2087 2301 2162 transgressione
2348 2087 2783 2163 disruperint,
2823 2088 2883 2147 si
2915 2102 3166 2164 poenas
3208 2084 3510 2162 ejusdem
3550 2098 3710 2159 pec-

601 2192 736 2255 cati
783 2194 1070 2255 evadere
1120 2190 1677 2265 desideraverint,
1730 2206 2038 2266 asperam
2086 2197 2342 2270 vestem
2389 2191 2689 2267 induant,
2742 2208 2822 2251 ac
2869 2192 3263 2268 asperrimis
3306 2189 3581 2266 jeJuniis
3615 2202 3699 2248 ac

603 2300 961 2361 verberum
993 2293 1553 2373 castigationibus
1587 2294 1956 2355 secundum
1995 2302 2433 2372 praeceptum
2467 2297 2753 2357 rectoris
2787 2298 2891 2356 sui
2927 2312 3001 2356 se
3034 2294 3359 2371 affligant.

2010 2515 2295 2580 LXXVI.
2338 2537 2342 2541 *

1757 2713 1852 2772 De
1893 2719 2161 2790 peccato
2209 2714 2550 2776 adulterii.

701 2923 809 2984 94.
845 2923 1012 2983 Nam
1046 2920 1498 2997 transgressio
1534 2919 1697 2979 haec
1734 2919 2055 2996 iniquitas
2088 2937 2329 2997 magna
2363 2923 2489 2999 est,
2525 2927 2592 2981 et
2625 2922 2935 2982 omnibus
2986 2923 3460 2983 inconveniens
3505 2928 3575 2982 et
3608 2922 3711 2981 in-

609 3025 981 3090 tolerabilis
1013 3031 1137 3086 est.
1177 3025 1339 3087 Cum
1374 3024 1551 3085 enim
1583 3022 1759 3083 Deus
1793 3023 2084 3098 primum
2119 3024 2454 3085 hominem
2494 3024 2831 3100 formavit,
2862 3026 3216 3087 mulierem
3248 3026 3451 3088 etiam
3478 3024 3561 3086 de
3593 3041 3711 3087 co-

609 3140 714 3194 sta
748 3133 896 3208 eJus
928 3130 1178 3205 eduxit,
1215 3136 1283 3191 et
1317 3131 1411 3189 ita
1444 3144 1602 3188 caro
1638 3144 1766 3209 una
1801 3127 1931 3188 duo
1970 3126 2130 3189 facti
2163 3132 2339 3204 sunt;
2379 3131 2495 3206 qui
2529 3132 2732 3190 etiam
2766 3130 3004 3190 deinde
3037 3131 3210 3191 dono
3245 3130 3365 3191 Dei
3412 3128 3704 3206 perfusi,

612 3239 677 3299 in
710 3251 936 3297 amore
971 3252 1099 3294 uno
1132 3234 1467 3294 vivebant.
1503 3231 1684 3292 Unde
1718 3231 2022 3292 homines
2071 3234 2187 3308 qui
2236 3250 2353 3310 per
2389 3234 2602 3309 legale
2652 3234 3036 3310 conjugium
3069 3234 3582 3311 conjunguntur,
3634 3238 3707 3291 et

609 3348 804 3418 pacto
842 3340 1157 3415 antiquae
1181 3336 1606 3398 auctoritatis
1633 3335 2157 3412 sanctificantur,
2187 3338 2247 3397 si
2279 3344 2517 3414 postea
2543 3339 2713 3398 idem
2750 3346 3020 3413 pactum
3052 3339 3476 3414 violaverint,
3515 3344 3585 3399 et
3620 3337 3704 3398 ad

616 3447 872 3506 alienos
908 3459 980 3502 se
1009 3440 1060 3522 ²)
1096 3441 1534 3516 extenderint,
1572 3441 1777 3500 robur
1800 3441 2076 3500 virtutis
2112 3457 2273 3500 suae
2305 3444 2643 3520 amittunt,
2674 3460 2753 3503 ac
2787 3445 2853 3503 in
2884 3444 3144 3504 viribus
3177 3444 3321 3503 suis
3352 3442 3708 3503 debilitan-

615 3556 745 3609 tur:
783 3548 957 3606 sicut
989 3551 1055 3604 et
1088 3545 1367 3606 Samson
1399 3539 1449 3623 ⁸)
1486 3544 1876 3604 debilitatus
1909 3550 2037 3619 est,
2076 3561 2426 3605 cum-uxor
2454 3548 2666 3622 ipsius
2693 3564 2845 3607 eum
2875 3547 3231 3622 fraudavit3
3269 3563 3349 3607 ac
3373 3561 3445 3606 se
3476 3546 3545 3604 in
3568 3561 3713 3604 ma-

617 3668 820 3728 gnum
844 3666 1077 3711 casum
1110 3649 1583 3726 praecipitavit
1604 3645 1679 3727 ⁴),
1717 3648 2278 3725 quemadmodum
2307 3658 2374 3711 et
2400 3652 2511 3712 ille
2541 3652 2973 3727 semetipsum
3004 3653 3070 3712 in
3096 3656 3383 3712 mortem
3407 3649 3708 3710 tradidit.

2001 3874 2296 3938 LXXVII
2305 3927 2316 3938 .

1495 4069 1588 4131 De
1632 4071 2052 4147 poenitentia
2096 4075 2431 4150 viryinum
2481 4074 2841 4152 lapsarum.

704 4278 813 4340 95.
849 4278 975 4339 Sed
1023 4277 1138 4355 qui
1185 4281 1416 4338 votum
1465 4279 1803 4339 castitatis
1853 4280 2183 4356 scindunt,
2236 4287 2303 4341 et
2351 4283 2735 4342 castitatem
2769 4299 2972 4359 quam
3003 4282 3137 4343 Deo
3171 4289 3525 4359 voverunt,
3577 4298 3712 4344 non

617 4383 1036 4460 persolvunt,
1074 4387 1147 4442 ut
1183 4384 1512 4443 tormenta
1560 4383 1863 4458 ejusdem
1910 4386 2159 4460 piaculi
2194 4386 2612 4463 imminuant,
2668 4388 2724 4447 si
2758 4388 3059 4463 virgines
3090 4388 3226 4449 Deo
3273 4392 3703 4450 consecratae

623 4487 912 4561 fuerunt,
948 4486 1282 4545 velamina
1314 4486 1723 4561 virginitatis
1758 4488 2115 4563 deponant,
2151 4495 2218 4548 et
2252 4504 2372 4564 per
2405 4496 2735 4551 rectorem
2784 4493 3158 4552 animarum
3208 4509 3485 4552 suarum
3527 4492 3710 4553 vela-

623 4593 802 4652 mina
834 4590 1183 4651 viduitatis
1211 4591 1558 4665 recipiant,
1590 4594 1657 4652 et
1682 4591 1918 4651 deinde
1956 4597 2093 4652 tam
2122 4594 2305 4669 ipsae
2333 4611 2531 4669 quam
2564 4596 2715 4656 illae
2742 4611 2912 4672 quae
2938 4602 3167 4656 votum
3204 4596 3554 4657 viduitatis
3577 4595 3713 4656 Deo

619 4696 1032 4768 obtulerunt,
1084 4700 1151 4753 et
1199 4694 1327 4754 hoc
1378 4696 1442 4754 in
1477 4695 1726 4779 ardore·
1764 4696 2063 4757 libidinis
2098 4698 2555 4774 neglexerunt,
2592 4701 2958 4775 asperitate
2990 4700 3282 4759 vestium
3331 4705 3398 4759 et
3424 4698 3709 4775 jejunio-

628 4816 776 4860 rum
826 4814 905 4858 ac
956 4799 1307 4859 verberum
1358 4814 1430 4857 se
1479 4799 1778 4875 puniant,
1830 4803 1898 4860 et
1944 4801 2222 4862 flexione
2272 4819 2559 4878 genuum
2609 4821 2687 4863 ac
2720 4805 3094 4864 orationum
3130 4804 3417 4880 gratiam
3462 4803 3577 4862 Dei
3618 4818 3717 4877 re-

621 4907 909 4983 quirant.

699 5109 741 5175 ¹)
766 5107 926 5179 quasi
953 5107 1156 5179 adjeci.
1188 5110 1258 5164 ab
1286 5110 1618 5167 idololatria.
1655 5139 1715 5148 —-
1737 5112 1782 5174 ²)
1808 5132 1860 5168 se
1886 5129 1994 5168 om.
2029 5111 2093 5168 Α.
2130 5143 2196 5154 ---
2222 5112 2265 5177 ³)
2291 5119 2429 5171 sicut
2455 5123 2503 5171 et
2530 5114 2741 5171 Samon
2769 5114 2833 5170 Α.
2868 5144 2934 5155 -—-
2961 5115 3002 5177 ⁴)
3030 5116 3358 5185 praecipitat
3384 5114 3453 5171 A.
