4036 6117
734 465 819 523 48
1880 484 1931 525 S.
1986 483 2520 531 HILDEGARDIS

2051 703 2371 764 Lxxxxl.

1834 912 2062 971 Poena
2108 911 2594 972 obduratorum.

753 1123 903 1186 107.
955 1123 1033 1184 Et
1066 1137 1225 1182 ecce
1258 1120 1395 1180 vidi
1430 1124 1704 1196 puteum
1738 1118 2016 1194 siccum,
2054 1121 2264 1179 altum
2299 1126 2365 1179 et
2399 1121 2715 1195 amplum,
2756 1121 2871 1197 qui
2908 1120 3182 1182 fundum
3210 1122 3357 1199 pice
3393 1122 3756 1185 ferventem

660 1231 973 1304 habebat,
1012 1230 1078 1287 i‘n
1104 1243 1234 1304 quo
1271 1226 1565 1301 amplum
1596 1223 1892 1284 foramen
1926 1225 2260 1299 apparuit,
2297 1239 2417 1300 per
2442 1224 2616 1299 quod
2653 1242 2691 1283 a
2721 1226 3085 1286 subteriori
3120 1226 3266 1303 ejus
3302 1234 3493 1303 parte
3521 1228 3753 1303 igneus

664 1335 887 1395 fumus
923 1338 991 1393 et
1026 1332 1202 1407 ignei
1235 1346 1499 1390 vermes
1536 1330 1601 1388 in
1639 1330 1855 1405 ipsum
1893 1334 2168 1405 puteum
2203 1330 2671 1389 ascendebant.
2701 1329 2825 1389 Sed
2860 1337 2927 1390 et
2961 1332 3232 1407 plurimi
3268 1334 3447 1392 acuti
3480 1339 3549 1393 et
3583 1332 3755 1408 ignei

661 1440 838 1501 clavi
873 1440 939 1498 in
972 1437 1208 1498 eodem
1242 1441 1442 1511 puteo
1478 1435 1672 1511 quasi
1707 1452 1745 1493 a
1772 1440 1968 1493 vento
2007 1433 2132 1493 hac
2166 1442 2233 1493 et
2271 1435 2423 1493 illac
2448 1435 2989 1511 projiciebantur.
3022 1438 3297 1498 Animae
3332 1445 3555 1499 autem
3589 1454 3757 1516 quae

665 1543 730 1604 in
764 1541 1035 1603 saeculo
1084 1540 1593 1600 obdurationem
1628 1538 1882 1612 absque
1932 1539 2395 1598 misericordia
2438 1540 2515 1598 ad
2570 1539 2874 1602 homines
2921 1541 3296 1602 habuerant
3327 1559 3534 1620 super
3580 1559 3758 1603 eum-

656 1648 811 1707 dem
850 1645 1125 1706 fundum
1159 1643 1501 1716 sedebant,
1541 1647 1608 1700 et
1644 1657 1763 1717 per
1802 1641 2099 1701 foramen
2130 1642 2279 1717 ejus
2315 1643 2380 1702 in
2414 1643 2787 1717 praefatum
2837 1643 3282 1705 subteriorem
3318 1645 3535 1720 ignem
3573 1645 3760 1707 cade-

656 1770 728 1814 re
762 1752 1169 1824 metuebant,
1207 1754 1406 1824 atque
1445 1748 1690 1806 multas
1725 1746 2124 1806 afflictiones
2160 1764 2197 1806 a
2230 1748 2574 1823 praedicto
2613 1749 2792 1808 fumo
2829 1754 2895 1809 et
2930 1768 2968 1808 a
3005 1750 3371 1825 praedictis
3407 1749 3751 1810 vermibus

654 1864 723 1917 et
755 1858 965 1917 clavis
1008 1854 1450 1915 sustinebant.
1486 1853 1649 1912 Nam
1685 1852 1842 1927 quia
1879 1852 2066 1927 impii
2105 1852 2184 1910 ad
2221 1852 2525 1911 homines
2575 1853 2858 1927 fuerant,
2899 1871 3102 1930 super
3133 1854 3441 1914 eumdem
3479 1854 3752 1916 fundum

660 1961 924 2037 piceum
956 1964 1025 2019 et
1063 1957 1429 2017 ferventem
1480 1955 1821 2029 sedebant;
1859 1972 1980 2032 pro
2016 1972 2149 2031 qua
2182 1955 2384 2014 etiam
2439 1956 2779 2030 impietate
2815 1957 3260 2019 subteriorem
3309 1959 3529 2033 ignem
3569 1960 3757 2022 time-

657 2065 841 2140 bant;
880 2070 946 2123 et
980 2062 1138 2139 quia
1188 2062 1254 2119 in
1288 2060 1705 2135 malignitate
1755 2076 1876 2118 sua
1907 2058 2117 2117 Deum
2155 2058 2483 2133 fugerant,
2525 2059 2746 2119 fumus
2798 2062 2924 2119 iste
2962 2061 3195 2135 igneus
3243 2077 3360 2122 eos
3397 2041 3747 2136 fatigabat-n

657 2177 723 2230 et
774 2169 1087 2247 quoniam
1138 2165 1535 2226 inhumanos
1583 2164 1849 2222 dolores
1885 2162 2270 2222 hominibus
2323 2164 2705 2237 intulerant,
2744 2165 3071 2241 praedicti
3117 2181 3384 2225 vermes
3417 2181 3534 2225 eos
3588 2165 3752 2225 afni-

650 2273 917 2348 gebant,
955 2286 1032 2330 ac
1081 2274 1353 2346 propter
1385 2267 1779 2327 obduratam
1832 2271 2122 2325 mentem
2156 2267 2221 2325 in
2256 2283 2387 2342 qua
2432 2267 2965 2339 misericordiam
2999 2284 3125 2327 non
3177 2268 3577 2343 habuerant,
3616 2269 3745 2327 lae-

655 2376 879 2436 siones
928 2380 994 2433 et
1027 2373 1275 2432 fixuras
1324 2371 1708 2431 eorumdem
1761 2370 2105 2444 igneorum
2155 2372 2498 2430 clavorum
2551 2373 2992 2431 sustinebant.
3029 2372 3108 2431 Et
3142 2372 3303 2447 vidi,
3349 2379 3416 2431 et
3450 2372 3744 2432 intellexi

655 2480 841 2540 haec.

2027 2689 2377 2749 Lxxxxn.

1713 2895 2138 2955 poenitentia
2189 2895 2675 2963 obduratorum.

676 3151 681 3152 ff
741 3109 892 3172 108.
940 3107 1020 3168 Et
1066 3106 1149 3168 de
1197 3106 1541 3182 praedicta
1589 3103 1853 3164 vivente
1905 3105 2052 3164 luce
2105 3106 2345 3165 iterum
2399 3107 2623 3167 audivi
2676 3124 2908 3168 vocem
2959 3109 3123 3170 mihi
3158 3110 3511 3171 dicentem:
3563 3110 3741 3172 Haec

644 3231 821 3293 quae
868 3212 1059 3274 vides
1092 3227 1252 3272 vera
1301 3217 1475 3271 sunt.
1510 3209 1691 3271 Unde
1744 3210 2046 3270 homines
2094 3212 2208 3286 qui
2244 3211 2309 3270 in
2343 3212 2613 3272 saeculo
2649 3213 2740 3273 ita
2789 3212 3098 3274 obdurati
3143 3222 3323 3290 sunt,
3374 3215 3553 3292 quod
3586 3217 3742 3277 aliis

648 3318 1101 3395 indigentibus
1148 3315 1400 3377 nullam
1446 3314 1978 3374 misericordiam
2030 3315 2438 3391 impendunt,
2477 3316 2534 3376 si
2583 3316 2947 3392 praedictis
2999 3318 3311 3394 malignis
3360 3319 3738 3395 spiritibuS‚

638 3423 947 3484 eamdem
981 3420 1490 3481 obdurationem
1523 3419 1623 3478 eis
1659 3418 2166 3480 ostendentibus
2201 3420 2433 3478 volunt
2467 3421 2810 3495 resistere,
2847 3425 2915 3480 et
2948 3437 3198 3497 poenas
3234 3422 3402 3482 istas
3437 3438 3611 3499 quas
3646 3423 3740 3482 vi-

642 3529 765 3588 des
812 3527 1129 3603 effugere,
1178 3525 1429 3585 amaris
1471 3525 1745 3599 jejuniis
1779 3529 1847 3584 et
1891 3524 2061 3584 diris
2110 3525 2394 3600 flagellis
2445 3541 2518 3584 se
2560 3525 2913 3600 castigent,
2948 3531 3017 3584 et
3065 3523 3213 3599 hoo,
3246 3525 3434 3601 juxta
3468 3525 3741 3585 modum

644 3629 1033 3692 eorumdem
1064 3633 1517 3706 peccatorum,
1554 3634 1621 3687 et
1649 3628 1839 3704 juxta
1873 3622 2143 3688 mbdum
2178 3629 2519 3704 praelatae
2554 3628 2684 3689 sibi
2711 3628 3041 3704 jussionis
3078 3628 3345 3690 faciant.

1992 3853 2373 3914 Lxxxxm.

1656 4066 2028 4127 Pessimum
2063 4069 2327 4136 vitium,
2362 4066 2720 4128 obduratio,

729 4280 879 4343 109.
929 4277 1293 4342 obduratio
1327 4277 1502 4338 enim
1536 4277 1832 4354 pessima
1864 4282 1995 4351 est,
2033 4277 2189 4353 quia
2226 4276 2757 4338 misericordiam
2792 4293 2922 4337 non
2956 4274 3180 4352 habet,
3220 4293 3343 4338 nec
3375 4277 3729 4338 caritatem

639 4386 947 4463 requirit,
984 4398 1197 4461 neque
1245 4382 1416 4442 bona
1450 4397 1655 4457 opera
1702 4386 2040 4457 operatur.
2077 4381 2310 4455 Magna
2358 4381 2534 4441 enim
2568 4381 2921 4441 obduratio
2958 4380 3021 4439 in
3074 4379 3476 4457 quibusdam
3509 4385 3733 4455 tyran-

635 4491 743 4552 nis
780 4489 926 4565 fuit,
963 4486 1121 4565 quia
1154 4487 1463 4563 quamvis
1499 4486 1833 4546 mirabilia
1869 4484 1986 4545 Dei
2018 4485 2343 4561 viderent,
2382 4485 2862 4562 proprietatem
2902 4491 3127 4545 tamen
3159 4483 3528 4546 voluntatis
3564 4500 3728 4544 suae

635 4610 768 4654 non
796 4592 1219 4665 dimiserunt,
1258 4590 1373 4650 sed
1418 4589 1621 4650 corda
1655 4606 1776 4649 sua
1808 4596 1876 4649 et
1912 4595 2168 4649 mentes
2204 4604 2363 4648 suas
2397 4588 2728 4648 voluntati
2757 4586 2877 4647 Dei
2910 4592 3463 4664 praeposuerunt,
3500 4591 3568 4646 et
3598 4586 3728 4646 hoc

629 4697 825 4758 modo
862 4701 1097 4757 contra
1142 4694 1352 4754 Deum
1384 4699 1867 4770 pugnaverunt.
1904 4692 2028 4752 Sed
2081 4695 2257 4753 sicut
2291 4692 2466 4753 Deus
2505 4692 2570 4752 in
2603 4692 2779 4752 malo
2814 4691 3012 4768 primi
3049 4689 3271 4767 angeli
3302 4694 3370 4749 et
3405 4691 3472 4749 in
3504 4687 3728 4750 stulti-

634 4802 729 4863 tia
762 4802 962 4879 primi
1011 4799 1299 4860 hominis
1346 4799 1825 4875 proprietatem
1873 4798 2241 4858 voluntatis
2289 4812 2522 4859 eorum
2570 4795 2926 4872 destruxit,
2971 4801 3039 4855 et
3090 4796 3265 4856 sicut
3311 4793 3726 4856 Pharaonem

628 4905 977 4980 exterruit,
1016 4920 1167 4965 cum
1200 4904 1646 4980 primogenita
1672 4903 1949 4979 Aegypti
1985 4904 2344 4979 percussit,
2386 4901 2486 4961 sic
2518 4907 2584 4960 et
2610 4916 2780 4961 nunc
2817 4898 3322 4961 obdurationem
3355 4896 3720 4971 confundit,

632 5026 806 5086 quae
853 5024 926 5069 se
975 5008 1041 5069 in
1074 5012 1329 5067 tantam
1378 5007 1783 5067 obduritiam
1819 5006 2175 5080 convertit,
2233 5004 2408 5083 quod
2460 5021 2581 5066 nec
2629 5021 2748 5081 per
2796 5008 3153 5081 praecepta
3202 5003 3393 5078 legiS‚
3436 5016 3558 5060 nec
3605 5016 3724 5078 per

625 5114 996 5190 jussionem
1033 5110 1513 5170 rationalitatis
1564 5110 1851 5169 hominis
1886 5110 2175 5170 emolliri
2209 5110 2372 5169 vult.
2410 5109 2828 5186 Quapropter
2861 5114 2927 5167 et
2975 5105 3151 5166 Deus
3187 5105 3270 5166 ab
3301 5121 3380 5164 ea
3431 5103 3720 5164 salutern
