4036 6117
1348 506 1813 563 Erxsromaum
1863 514 2045 563 nov».
2093 514 2339 562 samias.
3194 495 3318 557 584

304 639 491 701 tandi
539 639 837 715 tempus?
869 639 1050 710 Quae
1096 637 1376 697 vacandi
1412 638 1672 697 morae?
1721 637 1903 709 Quod
1937 636 2267 714 profunda
2317 634 2693 707 fluviorum,
2734 631 2797 692 id
2831 633 2935 692 est
2968 631 3104 691 alta
3136 630 3411 698 divino<

267 818 270 821 Ι
304 761 452 804 rum
488 745 932 821 eloquiorum,
984 741 1328 801 scrutandi
1362 742 1689 818 spatium?
1729 741 1908 812 Quae
1945 742 2043 801 illi
2074 741 2156 801 de
2192 740 2438 799 talibus
2474 737 2801 798 tractandi
2833 736 3180 812 voluptas?
3213 735 3399 806 Quae

302 848 567 908 laborat
594 850 656 908 in
685 848 938 924 gemitu
966 862 1111 921 suo,
1143 852 1209 904 et
1236 846 1494 905 crebris
1530 846 2031 919 incitationibus
2066 844 2146 903 ad
2174 844 2424 902 exitum
2459 844 2757 916 urgetur,
2794 841 3119 917 cujusque
3153 840 3401 899 oculus-

301 954 370 1011 et
417 953 638 1011 anima
671 957 739 1012 et
784 956 1020 1010 venter
1055 951 1385 1023 turbatur,
1437 949 1520 1008 ab
1556 949 1660 1008 his
1699 950 1908 1024 magis
1945 950 2150 1021 illam,
2186 943 2230 1025 Ι)
2267 954 2339 1006 ut
2381 946 2461 1004 de
2510 961 2909 1004 aerumnoso
2957 944 3138 1003 vitae
3187 942 3391 1017 hujus

303 1056 629 1116 educatur
677 1056 876 1115 exilio
932 1071 1132 1130 quarn
1183 1060 1254 1113 ut
1312 1055 1373 1113 ei
1421 1053 1804 1129 Scripturae
1862 1058 2124 1111 secreta
2184 1051 2600 1122 revelentur,
2666 1064 2860 1108 orare
2919 1047 3381 1121 compellatur.

303 1163 468 1221 Cum
499 1162 702 1235 igitur
735 1160 1060 1235 scriptum
1098 1160 1207 1217 sit:
1249 1160 1661 1235 Sapientiam
1697 1157 1940 1217 scribae
1975 1159 2047 1215 in
2082 1159 2232 1228 oti0,
2268 1152 2319 1229 ²)
2356 1160 2423 1213 et
2457 1154 2636 1213 item:
2691 1171 2721 1209 «
2746 1151 3056 1211 Pluribus
3092 1151 3389 1209 intentus

299 1266 520 1323 minor
551 1270 657 1323 est
691 1263 770 1323 ad
810 1263 1076 1337 singula
1110 1277 1378 1331 sensus,
1406 1280 1437 1318 n
1475 1261 1657 1337 quid,
1696 1261 1999 1335 obsecr0,
2038 1258 2498 1319 occultissima
2532 1257 2700 1331 legis
2733 1255 2991 1315 Domini
3026 1253 3386 1327 mirabilia,

300 1367 382 1425 ad
420 1382 589 1443 quae
639 1365 1124 1426 consideranda
1158 1365 1268 1424 vix
1317 1364 1693 1423 acutissimi
1733 1365 2211 1439 magistrorum
2260 1362 2432 1421 oculi
2470 1359 2836 1432 sufficiunt,
2872 1357 3288 1417 deficientem
3321 1362 3388 1415 et

302 1474 830 1546 semimortuam,
871 1473 1235 1548 multisque
1269 1487 1660 1547 oppressam
1688 1472 1891 1545 curiS,
1933 1471 2278 1530 mulierem
2318 1468 2570 1528 frustra
2606 1465 3035 1542 inquietando
3070 1479 3393 1542 provoca-

298 1578 423 1637 tis‘?
456 1578 636 1636 Scire
687 1587 909 1637 tamen
943 1594 1063 1636 vos
1106 1577 1283 1649 volo,
1320 1578 1497 1652 quod
1546 1577 1626 1636 ad
1665 1577 1969 1651 singulas
2018 1592 2251 1636 eorum
2301 1577 2561 1636 scilicet
2608 1573 3079 1651 quaestionum
3126 1576 3388 1632 nostra—

298 1695 448 1739 rum
500 1681 879 1755 rescripsit,
932 1681 1049 1740 sed
1083 1680 1428 1749 brevitati,
1479 1697 1650 1756 quae
1685 1682 1861 1741 sicut
1910 1681 2267 1757 aliquando
2321 1685 2512 1756 grata
2545 1685 2672 1753 cst,
2728 1678 2819 1738 ita
2853 1693 2982 1737 non
3022 1691 3384 1752 numquam

290 1784 728 1844 obscuritatis
763 1790 828 1843 et
861 1784 1322 1860 ambiguitatis
1360 1785 1645 1860 patiens,
1683 1786 2104 1845 necessariae
2139 1801 2370 1844 earum
2404 1782 2835 1844 elucidationi
2871 1797 2999 1840 non
3032 1779 3383 1840 satisfecit.

293 1886 388 1946 De
423 1904 555 1963 qua
605 1894 830 1947 tamen
865 1889 1129 1947 illarum
1180 1888 1600 1949 absolutione
1633 1890 1791 1966 quid
1841 1889 2190 1949 infortunii
2239 1889 2592 1961 acciderit,
2644 1889 2946 1962 eloquar,
2983 1903 3066 1946 an
3115 1885 3387 1945 sileam‘.>

297 1991 421 2050 Sed
456 1992 755 2067 eloquar,
796 2007 875 2051 ne
914 1992 1194 2052 ulterius
1231 1993 1295 2052 in
1329 1993 1476 2068 ejus
1509 1994 1856 2053 exactione
1893 1993 2055 2052 mihi
2093 1994 2356 2053 molesti
2393 1994 2565 2052 sitis,

391 2096 547 2155 XIx.
599 2095 1027 2156 Reverendae
1062 2098 1423 2157 memoriae
1464 2096 1749 2157 domnus
1782 2097 2238 2169 WescelinuS,
2290 2112 2496 2172 nepos
2532 2095 2679 2171 ejus
2712 2102 2780 2155 et
2815 2092 3385 2154 familiarissimus

296 2201 383 2275 ei,
436 2202 648 2262 sancti
698 2201 997 2262 Andreae
1033 2203 1451 2263 Coloniensis
1503 2204 1948 2279 praeposituS,
1991 2198 2040 2281 ³)
2094 2218 2324 2263 omnes
2359 2201 2742 2262 earumdem
2778 2201 3241 2277 quaestionum
3280 2216 3390 2260 so-

298 2305 587 2365 lutiones
638 2307 702 2364 in
738 2307 954 2366 rotulo
1005 2307 1206 2366 simul
1255 2307 1602 2382 collectas,
1654 2314 1729 2367 ut
1775 2323 1892 2367 eas
1940 2307 2332 2382 diligentius
2380 2305 2859 2376 consideraret,
2912 2318 3140 2363 secum
3192 2302 3387 2363 Colo-

300 2410 478 2470 niam
529 2411 786 2471 detulit.
824 2411 947 2471 Sed
995 2428 1126 2472 non
1159 2413 1357 2489 longo
1406 2419 1559 2490 post
1593 2415 1925 2488 morienS,
1978 2414 2141 2474 nihil
2178 2414 2258 2472 de
2291 2414 2415 2487 eis,
2453 2418 2526 2472 ut
2567 2412 2759 2471 nobis
2796 2409 3229 2487 referrentur,
3266 2410 3387 2470 ali-

301 2518 409 2574 cui
444 2515 798 2591 disposuit.
851 2518 1056 2594 Cujus
1090 2519 1276 2580 obitu
1312 2524 1676 2596 comperto,
1712 2538 1864 2581 cum
1897 2537 2014 2580 eas
2050 2539 2087 2580 a
2120 2521 2362 2580 domno
2398 2520 2764 2580 Gilleberto
2805 2520 3148 2594 canonico,
3182 2533 3388 2595 nepo·-

300 2625 366 2679 te
417 2620 653 2696 ipsiuS,
706 2624 868 2683 mihi
916 2624 1318 2688 charissimo
1343 2675 1357 2701 ‚
1410 2627 1526 2703 qui
1559 2627 1619 2686 ei
1656 2632 1723 2686 et
1758 2628 1822 2687 in
1855 2626 2051 2686 domo
2085 2633 2151 2685 et
2186 2627 2251 2686 in
2287 2627 2752 2702 praepositura
2787 2625 3140 2699 successit,
3190 2625 3384 2702 cujus

305 2725 528 2783 anima
565 2725 630 2785 in
678 2742 841 2802 pace
876 2728 1217 2804 quiescat,
1270 2747 1419 2790 nam
1456 2733 1523 2792 et
1572 2732 1714 2808 ipse
1742 2732 1879 2806 jam
1930 2730 2119 2804 obiit,
2157 2746 2331 2804 cum,
2386 2732 2678 2807 inquam,
2714 2730 2798 2789 ab
2832 2729 2956 2789 hoc
2989 2744 3104 2788 eas
3139 2729 3393 2789 instan-

298 2834 404 2888 ter
451 2830 810 2906 exigerem,
869 2848 1084 2909 neque
1132 2836 1215 2895 ab
1272 2852 1389 2910 eo,
1441 2853 1655 2913 neque
1705 2855 1742 2897 a
1792 2852 2131 2912 quoquam
2166 2836 2696 2915 *domesticorum
2746 2836 3099 2912 utriusque
3132 2834 3387 2911 aliquid

298 2934 465 2993 certi
499 2935 742 2995 elicere
776 2940 1141 3012 praevalui.
1170 2941 1474 3016 Proinde,
1512 2942 1670 3019 quia
1703 2957 1856 3001 cum
1890 2940 2178 3001 caeteris
2213 2939 2413 2999 rebus
2451 2946 2590 2999 tum
2623 2939 2907 2999 maxime
2942 2938 3163 3011 libris,
3200 2945 3389 3016 utpo-

298 3047 364 3101 te
397 3041 503 3100 vir
536 3042 881 3104 studiosus
915 3050 982 3105 et
1014 3046 1405 3122 religiosuS,
1443 3047 1846 3121 abundabat,
1884 3062 2055 3123 quos
2087 3052 2154 3106 et
2186 3045 2477 3106 diversis
2511 3044 2946 3104 ecclesiarum
2982 3043 3149 3104 locis
3182 3047 3386 3104 testa-

299 3155 520 3208 mento
556 3150 915 3225 delegavit,
953 3152 1351 3213 crediderim
1387 3160 1453 3213 et
1488 3154 1610 3213 has
1645 3153 1728 3214 ab
1762 3155 1989 3228 aliquo
2024 3168 2287 3226 eorum,
2340 3151 2585 3227 quibus
2619 3166 2865 3210 arcana
2911 3149 3058 3226 ejus
3091 3149 3383 3210 scrutari

296 3253 698 3328 permissum
750 3260 883 3325 est,
925 3254 1134 3315 fuisse
1184 3257 1560 3333 subreptas,
1595 3253 1643 3335 ⁴)
1695 3257 1909 3328 Quum
1951 3271 2109 3331 ergo
2147 3253 2676 3331 recuperationis
2709 3268 2937 3313 earum
2973 3252 3157 3313 nulla
3188 3251 3385 3311 nobis

300 3372 455 3431 spes
490 3359 854 3434 suppetit...
889 3353 936 3436 ⁵)

1730 3538 1958 3601 CXLV.

979 3747 1332 3831 Gaibertus
1367 3747 1683 3824 Philippo
1720 3748 2093 3808 Coloniensi
2126 3748 2632 3825 archiepiscopo.
2664 3741 2713 3827 ⁰)

392 3952 686 4012 Transeo
738 3969 910 4028 quae
945 3970 1205 4015 mecum
1254 3954 1576 4031 Binguiae
1608 3955 1984 4030 gesseritis,
2029 3955 2388 4033 quomodo,
2425 3952 2927 4014 commendante
2959 3966 3064 4012 me
3095 3951 3389 4029 paterni-

299 4056 422 4115 tati
455 4060 723 4116 vestrae
770 4059 1139 4118 venerabili
1170 4059 1308 4119 filia
1354 4065 1607 4130 vestra,
1648 4061 1860 4119 matre
1902 4075 2050 4118 mea
2099 4058 2523 4134 Hildegarde,
2552 4057 2832 4117 dilatato
2874 4055 3074 4117 corde
3107 4057 3387 4133 diligen-

295 4158 455 4218 dum
506 4176 610 4218 me
645 4163 1114 4237 susceperim,
1165 4163 1397 4223 oculos
1431 4169 1694 4223 vestros
1745 4164 1811 4222 in
1843 4163 2261 4238 beneplacito
2296 4177 2500 4238 super
2532 4177 2636 4220 me
2670 4160 3058 4237 posueritiS,
3098 4159 3384 4220 familia-

296 4278 437 4323 rem
476 4279 576 4322 me
625 4280 892 4342 semper
923 4283 1044 4326 vos
1093 4268 1501 4343 habiturum,
1539 4269 1598 4329 si
1632 4269 1824 4328 vobis
1867 4268 2134 4328 vicinus
2168 4282 2438 4327 manere
2490 4268 2753 4340 vellem,
2791 4267 3132 4342 pollicitus
3183 4265 3385 4326 fueri—

296 4368 404 4428 tis,
441 4370 652 4431 Taceo
689 4388 888 4447 quam
921 4374 1210 4436 dulciter
1243 4392 1371 4449 me,
1412 4375 1802 4449 Bobardiae,
1840 4375 1998 4434 dum
2033 4375 2116 4435 ad
2148 4391 2271 4435 vos
2303 4390 2406 4450 e0,
2454 4390 2606 4434 cum
2641 4375 3042 4450 imperatore
3079 4373 3240 4435 inibi
3273 4374 3386 4434 de-

297 4484 622 4552 morante,
673 4479 1032 4555 venissem,
1068 4482 1349 4558 benigne
1386 4481 1839 4557 susceperitis.
1876 4481 2040 4555 Hoc,
2095 4481 2389 4557 inquam,
2428 4487 2495 4540 et
2527 4481 2658 4541 alia
2694 4481 3075 4558 hujusmodi
3125 4486 3388 4559 praete-

294 4580 499 4654 riens,
552 4582 633 4642 ad
667 4598 745 4643 ea
796 4602 968 4646 nunc
1004 4587 1199 4647 venio
1252 4604 1370 4663 per
1403 4603 1596 4663 quae,
1647 4585 1841 4646 vobis
1874 4591 2030 4662 post
2077 4586 2282 4646 Deum
2334 4591 2401 4645 et
2448 4587 2716 4646 beatum
2764 4586 3121 4647 Martinum
3171 4587 3388 4664 opitu-

298 4683 501 4760 lante,
554 4685 821 4746 tandem
857 4689 921 4747 in
969 4688 1163 4749 bonis
1215 4691 1559 4765 impletum
1609 4687 2017 4749 desiderium
2070 4704 2287 4748 meum
2340 4680 2634 4773 [fuerit],
2686 4704 2891 4764 quum
2938 4696 3093 4765 post
3133 4689 3389 4750 obitum

303 4869 348 4935 ¹)
373 4867 613 4940 Aliquid
634 4871 824 4928 deesse
847 4873 1088 4930 videtur.
1111 4876 1236 4941 -2)
1262 4874 1437 4932 Eccli.
1463 4873 1798 4937 xxxvm,
1890 4871 2198 4929 enimvero.
2218 4906 2283 4915 -
2299 4875 2342 4942 ⁵)
2364 4874 2496 4931 Huc
2518 4890 2696 4945 usque
2716 4874 3036 4945 apographa
3060 4888 3199 4929 mea.
3225 4871 3386 4929 Clau-

298 4959 388 5010 25.
420 4986 487 4995 —
510 4955 556 5021 ³)
582 4961 859 5030 episeopus
883 4959 1199 5031 apographa
1228 4976 1538 5032 perperam.
1561 4962 1684 5027 —⁴)
1712 4961 1797 5017 En
1887 4958 2048 5014 ditur
2090 4960 2356 5032 epistola,
2395 4967 2522 5034 post
2560 4964 2769 5018 multas
2809 4962 3058 5033 paginas,
3099 4978 3244 5025 sero,
3286 4964 3384 5021 sed

302 5056 435 5111 ergo
474 5057 683 5098 novum
722 5048 780 5099 et
818 5044 1173 5114 incognitum
1223 5045 1588 5115 Hildegardis
1631 5064 1794 5119 opus.
1887 5047 2107 5119 optimo
2126 5049 2367 5106 consilio
2388 5049 2679 5106 monachis
2698 5049 2852 5112 dato.
2876 5050 3068 5121 potius
3088 5050 3391 5120 magistros

302 5127 541 5183 caeteris
578 5130 1016 5194 accensendum,
1061 5130 1211 5201 quod
1251 5130 1426 5188 fuisse
1467 5139 1579 5189 tam
1618 5134 1798 5204 negli-
1884 5136 2149 5193 adeundi.
2186 5167 2254 5176 —
2287 5137 2331 5202 ο)
2364 5137 2517 5193 ldem
2556 5135 2625 5190 de
2658 5151 2771 5206 quo
2812 5151 2996 5207 saepe,
3021 5136 3275 5208 Epistola
3311 5154 3382 5195 ex

303 5219 503 5282 genter
526 5214 925 5272 circumlatum
961 5221 1015 5272 ct
1045 5215 1336 5280 amissum,
1377 5218 1680 5275 dolendum
1708 5225 1795 5276 cst
1882 5225 2004 5283 eod.
2034 5225 2154 5283 cod.
2176 5229 2316 5281 5529
2343 5224 2488 5283 1295.
2516 5222 2735 5296 Scripta
2762 5221 2911 5280 circa
2939 5238 2987 5281 a.
3025 5228 3178 5280 1181.
