4036 6117
587 1305 645 1360 C.

587 1560 652 1614 D.

435 1817 556 1871 400.
589 1817 660 1872 Α.

595 2933 652 2988 C.

443 3284 568 3335 401.
599 3279 666 3335 Α.

600 4138 659 4195 C.

1523 501 1761 548 LIBER
1821 500 2152 547 solvus.

697 621 756 677 in
784 637 898 693 quo
933 621 1124 676 labore

699 705 837 761 vitia
865 705 1202 777 abjicientes

694 806 861 862 super
884 805 1133 846 amorem
1161 791 1478 844 aromatum
1510 799 1697 841 coram

698 876 905 931 exinde
936 877 992 931 in
1024 894 1072 932 c.
1106 891 1150 930 r.
1183 872 1474 929 habebitis

695 977 729 1016 o
754 960 1076 1018 dulcissimi
1111 960 1274 1016 flores

696 1054 937 1102 mortem
966 1045 1248 1108 transitis,
1280 1043 1360 1099 ita
1385 1041 1538 1114 quod

696 1149 901 1206 corpus
929 1134 1155 1190 habetis

699 1220 805 1275 hoc
834 1220 998 1275 modo
1025 1219 1425 1275 conculcantes

691 1304 749 1360 in
771 1306 1051 1362 scrutinio
1071 1302 1257 1360 cordis
1278 1301 1367 1357 sui
1383 1301 1803 1356 habeatetcum

769 1388 1000 1445 sufflatu

700 1476 1014 1529 voluntatis
1039 1474 1309 1530 concutio

698 1559 777 1614 ita
802 1560 955 1631 quod
986 1565 1045 1614 et

697 1645 756 1699 in
785 1644 1122 1716 memetipso
1148 1643 1386 1698 habebit

698 1731 818 1786 loco
848 1744 1144 1799 segregans

702 1814 763 1871 in
789 1815 1173 1870 obedientiam
1204 1811 1536 1885 arripiente,
1561 1813 1640 1868 ita
1661 1812 1812 1884 quod

768 1901 883 1957 Deo
899 1902 1231 1958 inobediens
1246 1900 1327 1955 sui
1339 1906 1380 1964 t,
1396 1906 1453 1955 et
1467 1899 1646 1971 ipsam
1666 1905 1811 1953 tran-

777 1986 1128 2056 quillitatem

700 2071 973 2134 inserens,
1012 2070 1286 2142 quoniam
1327 2071 1496 2126 homo
1527 2087 1586 2125 se
1626 2069 1815 2141 ipsum

763 2156 831 2211 ad
857 2156 1143 2212 deteriora
1173 2155 1550 2211 inclinaverat
1576 2161 1642 2209 ut
1668 2170 1767 2227 per

699 2242 840 2313 quid
864 2248 950 2297 cst
978 2242 1116 2297 hoc?

696 2329 803 2386 Sed
831 2328 1124 2400 paradisus

701 2415 842 2471 dans
870 2413 1247 2470 fortissimum
1275 2427 1507 2468 succum
1535 2412 1726 2469 aridae

700 2501 837 2571 quid
869 2506 1003 2554 sunt
1030 2505 1086 2555 et
1112 2516 1214 2555 cur
1237 2500 1350 2555 cod.
1380 2500 1483 2570 sol.
1521 2502 1614 2555 11.

701 2589 1060 2659 probatione,
1103 2587 1267 2659 quasi
1313 2585 1463 2640 nihil
1511 2589 1570 2640 et
1620 2585 1810 2640 inanis

774 2690 960 2730 causa.
1003 2676 1222 2729 Aurum
1251 2673 1309 2728 in
1339 2671 1470 2742 igne
1495 2672 1665 2728 debet
1692 2688 1818 2743 pro-

773 2760 898 2816 bari

707 2846 853 2900 unde
878 2861 911 2901 o
940 2846 1107 2900 stulti

696 2937 1011 2988 creaturam
1040 2931 1437 3003 expurgandus
1463 2936 1550 2986 est

703 3024 849 3074 terra
889 3034 987 3091 per
1021 3032 1247 3089 aquam,
1276 3017 1424 3087 ignis
1462 3031 1562 3088 per
1600 3013 1806 3086 frigus.

700 3122 886 3178 pugna
919 3121 1017 3177 per
1044 3106 1526 3176 repercussionem

704 3211 804 3250 om.
837 3196 895 3248 et
919 3198 1045 3247 ante
1076 3197 1295 3247 terrena

710 3294 863 3333 cons,
896 3278 953 3332 h.
987 3278 1201 3332 habens
1234 3276 1291 3331 in
1319 3277 1432 3333 Deo

703 3362 924 3419 scilicet
950 3362 1269 3418 claritatem

705 3448 997 3528 possidens
1026 3448 1083 3503 in
1113 3449 1270 3505 coelo

704 3534 752 3591 si
783 3535 929 3590 idem
959 3534 1140 3590 Filius
1166 3534 1266 3590 Dei

708 3623 809 3679 Dei
844 3623 904 3677 in
930 3638 1096 3678 cruce

708 3708 770 3764 in
822 3708 1186 3777 integerrima
1241 3707 1480 3777 Virgine
1529 3708 1810 3764 incarnari

782 3794 1108 3855 constituit,
1137 3799 1194 3848 et
1221 3793 1303 3849 sic
1330 3799 1458 3866 post

705 3877 981 3951 corporali
1011 3877 1312 3947 gravedine

709 3966 824 4021 ulla
855 3963 1246 4032 indignatione

712 4053 790 4109 ita
816 4052 968 4124 quod
996 4052 1190 4107 nullus
1215 4066 1336 4106 eam
1364 4051 1612 4124 dejicere

702 4142 873 4209 atque
899 4136 1238 4199 utilitatem,
1266 4152 1541 4209 saporem,
1586 4140 1811 4197 odorem

782 4229 840 4279 et
866 4222 1067 4279 bonam
1095 4220 1299 4275 samam
1320 4222 1670 4281 diversorum
1696 4242 1816 4282 aro-

782 4314 1001 4362 matum
1043 4307 1102 4362 in
1140 4324 1206 4363 eo
1241 4309 1580 4367 considerat.
1623 4312 1696 4367 Et
1733 4313 1816 4370 sic

786 4394 936 4450 idem
967 4392 1256 4456 Dominus,
1298 4409 1535 4463 magnus
1571 4397 1816 4468 philoso-

784 4479 930 4551 phus
943 4484 1000 4534 et
1018 4479 1331 4551 profundus
1344 4481 1553 4538 artifex
1565 4484 1816 4541 existens

714 4580 778 4621 ac
802 4563 1005 4621 deinde
1029 4564 1317 4636 excogitat

719 4649 1081 4706 inimicorum
1108 4666 1342 4706 suorum

2030 1643 2152 1696 402.
2183 1640 2250 1697 Α.

2038 3968 2162 4021 403.
2192 3964 2259 4022 Α.

2041 4576 2162 4629 404.
2195 4571 2255 4628 Β.

3196 475 3326 537 509

2290 611 2577 682 pigmenta
2608 609 2822 666 saciant

2291 703 2482 752 tantus
2502 696 2871 768 philosophus
2892 700 2949 750 et
2973 697 3166 748 tantus
3186 686 3396 744 artilex

2293 780 2756 852 laboribusJacit

2237 914 2246 924 .
2292 868 2515 924 saedum
2547 867 2676 924 suit.
2708 866 2805 925 Sol

2254 1000 2263 1008 .
2293 953 2493 1024 majori
2522 952 2830 1008 dilectione

2289 1041 2614 1114 oppositum
2642 1056 2756 1095 non
2784 1045 2933 1094 esset

2289 1138 2397 1192 est,
2425 1125 2744 1198 abjicienda
2772 1130 2858 1180 est

2290 1213 2414 1271 ovis
2453 1213 2625 1284 hujus
2653 1208 2878 1267 Domini
2918 1207 3017 1278 qui
3060 1207 3227 1262 talem
3271 1206 3398 1261 hor-

2368 1306 2487 1355 tum
2519 1298 2890 1372 plantaverat.
2923 1295 3033 1352 Sed
3087 1293 3209 1349 oris
3260 1293 3398 1348 haec

2357 1384 2539 1440 eidem
2570 1383 2808 1440 Domino
2834 1398 2948 1437 non
2988 1385 3217 1453 propter
3243 1378 3398 1447 igna-

2360 1469 2510 1525 viam
2572 1468 2728 1541 ejusf.
2782 1467 2876 1524 sed
2927 1482 3024 1539 per
3060 1477 3396 1522 consensum

2361 1555 2614 1628 ejusdem

2294 1640 2417 1696 ovis
2454 1640 2642 1695 ablata
2681 1643 2787 1701 est.
2814 1652 2983 1710 quam
3016 1642 3209 1709 postea
3249 1634 3398 1691 idem

2362 1724 2637 1782 Dominus
2666 1724 2725 1780 in
2753 1725 2936 1782 multo

2291 1813 2352 1868 in
2379 1812 2629 1867 maximo
2656 1812 2870 1866 hunone

2287 1913 2455 1968 quem
2490 1897 2635 1952 idem
2662 1913 2845 1967 agnus

2290 1983 2583 2039 dimittere
2608 1983 2814 2038 debuit

2289 2068 2571 2139 quomodo
2598 2068 2746 2123 idem
2774 2067 3035 2124 coelestis
3065 2065 3227 2138 panis
3254 2065 3376 2121 sine

2234 2198 2245 2210 .
2290 2171 2348 2209 se
2375 2153 2561 2224 ipsum
2590 2153 2868 2225 dejiciens
2893 2155 3007 2210 cod.
3038 2153 3137 2224 sol.
3177 2154 3272 2207 12.

2294 2242 2540 2314 paradisi
2570 2242 2859 2314 expellens

2296 2327 2397 2382 Dei
2426 2325 2819 2383 subsannavit.

2294 2412 2461 2468 nobis
2487 2412 2779 2472 assumitis

2287 2500 2416 2555 heu!
2449 2499 2579 2556 heu!
2610 2499 2743 2570 quis

2294 2600 2495 2654 magno
2522 2584 2804 2657 decerpsit
2831 2600 2889 2640 se

2288 2670 2533 2743 principi
2578 2688 2678 2726 suo
2705 2671 2965 2727 resistere

2296 2757 2396 2827 qui
2426 2757 2783 2828 ovemjstam

2293 2843 2354 2899 in
2381 2843 2824 2899 similitudinem
2852 2843 3103 2915 ejusdem

2290 2945 2434 3001 quae
2464 2929 2570 3002 ipsi
2598 2929 2863 2986 decidens
2890 2930 2950 2986 in
2978 2932 3187 2987 multas
3208 2930 3398 2987 sordes

2361 3016 2580 3074 corruit

2292 3121 2412 3161 eam
2454 3106 2761 3161 clementer
2799 3104 3050 3161 extraxit
3075 3120 3138 3159 ac
3167 3118 3289 3158 eam
3328 3102 3398 3157 de

2366 3192 2525 3246 sorde
2556 3190 2649 3244 illa
2685 3190 2740 3244 in
2767 3206 2875 3261 qua
2899 3191 3180 3261 jacuerat,
3214 3195 3396 3246 extra·

2362 3283 2511 3336 clam
2541 3278 2618 3333 ita
2646 3276 2983 3348 expurgavit
3011 3281 3075 3330 ut
3100 3288 3301 3330 aurum
3337 3272 3398 3329 in

2364 3365 2589 3421 fornace
2615 3366 2961 3435 expurgatur
2980 3366 3149 3434 atque
3176 3361 3333 3416 illam

2296 3449 2474 3521 gloria
2502 3447 2754 3520 reposuit

2291 3536 2357 3590 ad
2385 3536 2683 3592 coelestem
2711 3532 2951 3603 gloriam

2297 3622 2358 3678 in
2406 3620 2613 3676 amaris
2664 3625 2803 3692 (post
2848 3621 3015 3685 corr.)
3040 3617 3398 3690 amplexibus

2367 3724 2470 3763 nec
2498 3707 2558 3761 in
2585 3703 3015 3778 pulchritudine
3040 3703 3229 3761 carnis

2301 3793 2397 3850 sed
2424 3798 2481 3850 et
2508 3792 2872 3850 humilitas...

2299 3896 2427 3935 cum
2456 3878 2850 3936 humilitate...

2306 3964 2404 4020 ubi
2435 3964 2552 4036 ipsa

2300 4050 2462 4121 quasi
2494 4049 2837 4106 vilissimum

2302 4135 2364 4192 in
2393 4137 2548 4192 coelo
2578 4135 2714 4190 tulit

2303 4222 2362 4278 in
2393 4226 2537 4277 terra
2563 4220 2759 4294 posuit

2302 4307 2506 4366 salvari
2535 4306 2831 4363 contendit

2300 4394 2598 4451 humilitas
2625 4400 2710 4449 est
2735 4392 2899 4464 quasi
2925 4392 3112 4448 anima
3138 4398 3195 4450 et
3221 4394 3401 4452 chari-

2375 4485 2460 4536 tas
2487 4481 2643 4537 velut
2666 4495 2870 4554 corpus

2300 4569 2409 4626 iste
2427 4566 2873 4624 admonitionem
2900 4581 3081 4624 meam
3112 4584 3221 4624 non
3251 4573 3403 4624 tran·

2375 4655 2602 4711 scendat
