4036 6117
1323 497 1786 546 EPtsTOLARUM
1840 500 2021 546 Nova
2074 501 2321 547 semus.
3168 486 3297 547 547

1497 933 1564 992 Ν
1567 981 2151 994 ......

341 1114 464 1171 Sub
490 1116 758 1187 allegoria
785 1117 943 1180 solis.
972 1116 1118 1173 roris
1143 1122 1203 1174 et
1226 1117 1456 1188 pluviae
1481 1118 1700 1175 monita
1728 1120 1976 1192 praebet.

359 1262 549 1322 Illam
584 1263 902 1338 radicem,
939 1279 1111 1340 quae
1146 1265 1212 1325 in
1246 1264 1510 1342 Spiritu,
1532 1264 1774 1326 Sancto
1807 1267 2110 1343 plantata
2144 1273 2272 1342 est,
2308 1265 2501 1328 decet
2534 1265 2712 1344 quod
2748 1266 2814 1325 in
2847 1265 3034 1326 radio
3068 1265 3234 1326 solis
3269 1280 3373 1326 re-

265 1366 639 1442 splendeat,
690 1370 756 1428 et
789 1374 862 1428 ut
894 1384 1190 1444 congrua
1237 1370 1465 1446 pluvia
1501 1370 1686 1430 illam
1722 1376 2061 1446 aspergat,
2100 1371 2257 1448 quia
2289 1371 2466 1431 bona
2515 1380 2695 1432 terra
2730 1386 2902 1447 quae
2937 1375 3193 1431 rectum
3236 1368 3372 1428 fru-

264 1475 448 1529 ctum
500 1470 777 1546 profert,
813 1462 894 1531 de
930 1473 1069 1533 sole
1104 1474 1171 1533 et
1217 1473 1446 1547 pluvia
1480 1479 1681 1549 atque
1723 1474 1805 1533 de
1841 1490 1993 1534 rore
2030 1475 2380 1550 germinat.
2430 1473 2635 1548 Unde,
2673 1472 3071 1533 beatissima
3119 1471 3365 1546 anima,

266 1575 592 1649 templum
630 1580 818 1634 tuum
854 1592 1006 1636 cum
1037 1576 1446 1637 discretione
1480 1578 1763 1650 sustine,
1803 1578 1894 1637 ita
1920 1578 2097 1654 quod
2135 1578 2249 1637 illa
2273 1577 2609 1651 viriditaS,
2641 1576 2706 1635 in
2739 1592 2873 1652 qua
2902 1573 3115 1634 Deum
3141 1574 3209 1633 in
3233 1587 3372 1633 am-

265 1679 576 1756 plexione
624 1679 856 1751 habeS,
908 1697 1038 1741 non
1084 1680 1375 1756 deficiat,
1426 1682 1586 1757 quia
1631 1681 1810 1742 Deus
1858 1682 2152 1741 animam
2200 1687 2385 1741 tuam
2430 1680 2626 1739 valde
2675 1686 2878 1754 amat,
2915 1681 2984 1740 et
3033 1679 3099 1737 in
3148 1677 3371 1738 sinum

263 1799 465 1842 suum
515 1788 582 1843 te
616 1783 910 1859 colliget,
964 1787 1165 1862 atque
1199 1791 1264 1845 te
1299 1786 1366 1845 in
1415 1791 1688 1846 aeterna
1723 1785 2046 1847 felicitate
2081 1785 2425 1863 suscipiet.
2462 1784 2648 1844 Nunc
2692 1785 2760 1843 in
2795 1789 3141 1844 aeternum
3188 1781 3367 1859 vive,

269 1894 341 1948 et
374 1888 683 1964 vigilanti
719 1889 943 1950 animo
979 1889 1060 1949 ad
1090 1889 1298 1950 Deum
1337 1890 1625 1966 suspira.

341 2491 675 2549 Fortissima
703 2492 927 2549 animae
952 2509 1129 2558 arma,
1156 2494 1438 2565 quomodo
1464 2498 1783 2567 portentur.
1805 2495 2022 2552 edocet.

356 2632 407 2692 Ο
441 2633 633 2693 miles
668 2632 946 2704 Christi,
981 2634 1098 2710 qui
1135 2633 1508 2694 fortissima
1542 2649 1730 2693 arma
1765 2634 2066 2709 induisti,
2105 2650 2279 2694 nunc
2304 2633 2581 2711 provide
2609 2636 2880 2694 strenue
2914 2630 3248 2708 quomodo
3282 2646 3363 2691 ea

264 2740 518 2813 portes,
557 2738 715 2814 quia
750 2744 1115 2813 tempestas
1148 2738 1405 2800 Diaboli
1435 2739 1683 2798 multos
1720 2737 1928 2800 fortes
1962 2739 2213 2798 milites
2248 2740 2477 2816 pigros
2514 2738 2693 2799 facit.
2724 2740 2821 2799 Tu
2855 2739 3080 2798 autem
3105 2751 3363 2797 memor

265 2841 437 2914 esto;
476 2855 556 2899 ne
590 2840 712 2899 tibi
747 2841 845 2900 sic
879 2842 1243 2917 contingat,
1281 2843 1348 2901 et
1386 2841 1573 2901 disce
1606 2842 1936 2917 quomodo
1973 2842 2169 2903 fortis
2204 2844 2398 2903 miles
2432 2843 2826 2903 dinoscitur.
2862 2840 2980 2900 Ille
3018 2840 3212 2901 fortis
3246 2840 3369 2900 mi-

266 2946 365 3004 les
400 2950 528 3018 est,
565 2945 680 3019 qui
706 2946 890 3005 virili
925 2946 1146 3006 animo
1182 2962 1370 3007 arma
1405 2963 1528 3006 sua
1554 2952 1778 3024 portat
1813 2952 1880 3008 et
1905 2948 2369 3009 desideranter
2402 2965 2552 3008 cum
2590 2948 2883 3008 inimicis
2911 2947 3054 3007 suis
3089 2953 3364 3023 pugnat,

262 3053 334 3108 ct
367 3054 618 3124 quanto
652 3049 806 3126 plus
842 3050 1094 3111 inimici
1129 3052 1235 3112 sui
1273 3051 1460 3111 illum
1494 3051 1728 3113 volunt
1769 3052 2098 3127 occidere,
2137 3058 2321 3114 tanto
2372 3052 2591 3129 majus
2628 3051 2926 3114 studium
2974 3050 3176 3110 habet
3213 3050 3367 3110 illos

265 3155 567 3231 perdere.
619 3154 725 3215 Sic
759 3158 830 3216 tu
868 3155 993 3231 fac,
1030 3162 1097 3217 et
1145 3157 1347 3216 citius
1384 3171 1584 3232 surge
1636 3157 1700 3216 in
1733 3158 1950 3233 prima
1985 3174 2251 3229 aurora,
2292 3158 2468 3218 sicut
2503 3157 2882 3233 incoepisti,
2921 3155 3100 3215 sicut
3147 3155 3362 3232 scrip-

267 3268 412 3320 tum
446 3266 571 3321 est:
608 3261 870 3320 Bonum
918 3268 1258 3321 certamen
1290 3263 1558 3335 certavi,
1596 3279 1865 3321 cursum
1899 3264 2367 3335 consummavi,
2407 3258 2493 3340 (11
2527 3260 2692 3320 Tim.
2730 3259 2834 3335 IV,
2873 3257 2940 3339 7)
2979 3260 3045 3318 in
3077 3259 3367 3345 victoria

266 3362 410 3437 Dei,
447 3370 513 3424 et
546 3365 853 3440 vigilanti
889 3365 1131 3426 animo,
1169 3368 1287 3441 Tu,
1325 3366 1417 3425 fili
1450 3366 1591 3441 Dei,
1629 3365 1754 3426 tibi
1787 3366 1959 3441 dico,
2012 3366 2170 3443 quia
2206 3366 2272 3426 in
2320 3364 2447 3425 hac
2488 3363 3029 3442 peregrinatione
3077 3364 3367 3424 miserae

270 3473 493 3526 terrae
544 3469 609 3529 in
660 3470 926 3530 mortali
962 3486 1245 3544 corpore
1279 3470 1499 3530 adhuc
1535 3471 1710 3531 vivo:
1746 3486 1921 3531 nunc
1956 3487 2076 3531 ora
2109 3486 2231 3548 pro
2269 3484 2390 3530 me.

1708 3683 1930 3745 XCIII.

1002 3879 1269 3939 Dunoni
1296 3880 1511 3955 priori
1542 3878 1623 3937 de
1660 3877 2080 3939 Babenberch
2113 3868 2630 3962 [HildeyardisJ.

344 4078 744 4135 Obcdientiam
771 4084 830 4135 et
857 4078 1244 4135 humilitatem
1274 4078 1449 4134 variis
1477 4082 1640 4134 ornat
1670 4078 1964 4151 symbolis.

367 4233 438 4292 ln
476 4250 633 4294 vera
677 4233 938 4294 visione
975 4233 1141 4294 haec
1174 4234 1382 4293 verba
1428 4234 1565 4293 vidi
1596 4235 1668 4293 et
1699 4233 1946 4293 audivi:
1998 4233 2148 4294 Vita
2181 4233 2386 4308 vivet,
2423 4239 2491 4293 et
2524 4238 2808 4294 mortem
2853 4235 3148 4307 superat,
3186 4231 3364 4293 sicut

274 4353 529 4414 parvus
575 4353 745 4414 puer
775 4337 986 4397 David
1035 4337 1256 4397 Goliat
1289 4338 1654 4414 superavit.
1689 4337 1770 4397 Et
1818 4354 2008 4397 mons
2045 4339 2110 4397 in
2146 4338 2282 4399 alto
2331 4338 2681 4414 aspicitur,
2726 4342 2794 4397 et
2826 4336 3025 4396 vallis
3061 4336 3263 4413 Jacet,
3298 4343 3368 4399 et

274 4447 612 4505 interdum
639 4446 703 4505 in
735 4446 1078 4506 viriditate
1113 4463 1234 4506 sua
1261 4446 1456 4505 ssores
1490 4446 1868 4521 germinare
1907 4446 2089 4520 facit,
2121 4447 2238 4506 sed
2274 4448 2484 4508 multo
2518 4448 2670 4523 plus
2708 4447 2980 4506 inutiles
3016 4445 3262 4506 herbas
3296 4454 3364 4507 et

273 4555 564 4613 tribulos
612 4559 679 4613 et
715 4554 944 4629 spinas
993 4551 1323 4628 producit.
1373 4551 1557 4611 Nunc
1608 4554 1700 4626 tu,
1745 4550 1967 4625 hom0,
2021 4552 2339 4628 intellige.
2376 4553 2447 4612 In
2482 4552 2769 4628 quadam
2818 4551 3015 4611 domo
3061 4552 3190 4611 viri
3239 4552 3369 4613 duo

271 4656 620 4731 sedebant,
672 4673 957 4733 quorum
1006 4660 1179 4719 alter
1227 4658 1422 4718 miles
1458 4659 1605 4734 fuit,
1658 4660 1831 4719 alter
1862 4660 2287 4720 vernaculus.
2328 4658 2469 4738 (fol.
2509 4660 2622 4737 82)
2671 4661 2752 4721 Et
2785 4659 2864 4719 ad
2901 4660 3207 4720 eamdem
3254 4661 3369 4721 do-

275 4781 458 4825 mum
508 4766 677 4825 duae
711 4766 1030 4841 pulchrae
1077 4773 1145 4826 et
1179 4767 1515 4842 sapientes
1564 4767 1825 4843 puellae
1857 4774 2207 4843 venerunt,
2259 4775 2326 4829 et
2360 4770 2439 4829 ad
2481 4769 2754 4845 januam
2800 4768 3263 4844 pulsaverunt,
3299 4772 3367 4826 et

276 4871 662 4932 hominibus
697 4873 832 4932 illis
863 4872 1194 4933 dixerunt:
1230 4874 1302 4933 In
1340 4875 1721 4950 longinquis
1773 4874 2162 4950 regionibus
2200 4874 2474 4946 famam,
2511 4892 2682 4952 quae
2724 4877 2897 4936 bona
2930 4892 3058 4934 non
3097 4875 3250 4944 fuit,
3286 4875 3368 4934 de

275 4975 473 5036 vobis
507 4973 915 5048 audivimus,
952 4977 1213 5038 scilicet
1249 4978 1423 5053 quod
1461 4980 1527 5038 in
1560 4978 1794 5038 multis
1828 4980 2356 5040 scrutationibus
2391 4983 2621 5040 contra
2673 4994 2894 5055 regem
2929 4978 3257 5038 dixeritis,
3292 4979 3372 5039 Et

277 5096 395 5141 rex
429 5080 510 5140 de
543 5081 736 5140 vobis
786 5081 972 5142 dixit:
1020 5082 1143 5153 Qui
1178 5089 1333 5142 sunt
1368 5084 1657 5160 squalidi
1699 5084 1847 5143 isti‘?
1880 5084 1958 5143 Et
1992 5085 2146 5160 quis
2181 5101 2328 5144 sum
2374 5084 2531 5158 ego‘?
2565 5084 2718 5143 Ideo
2754 5099 2925 5142 nunc
2959 5082 3183 5143 audite
3218 5098 3373 5142 con-

273 5186 504 5245 silium
554 5191 857 5245 nostrum
894 5186 974 5246 ad
1027 5187 1380 5247 victoriam
1415 5190 1731 5248 vestram.
1770 5189 1903 5264 Ego
1956 5189 2303 5249 humilitas
2360 5189 2562 5248 vitam
2616 5189 2678 5247 in
2715 5187 3170 5247 incarnatione
3219 5187 3370 5252 Filii
