4036 6117
711 1110 1177 1218 INCIPIT
1255 1112 1634 1216 LIBER
1710 1106 2063 1216 VITAE
2136 1105 2920 1212 MERITORUM

1015 1440 1246 1515 PER
1309 1436 1989 1515 SIMPLICEM
2057 1433 2630 1511 HOMINEM

1138 1736 1191 1796 A
1240 1732 1588 1796 VIVENTE
1636 1733 1844 1799 LUCE
1891 1731 2495 1794 REVELATORUM

1558 3407 1665 3464 NJ

344 3509 390 3578 Ἰ)
415 3510 540 3580 Quo
565 3511 797 3572 exordio
822 3514 1019 3573 statim
1040 3509 1354 3569 extricatur
1380 3506 1582 3575 nodus,
1608 3527 1778 3583 quem

255 3593 475 3655 doctus
514 3601 842 3659 Dominicus
877 3598 1061 3658 Mansi
1100 3621 1123 3648 ι
1160 3598 1257 3654 vix
1295 3614 1359 3654 ac
1404 3614 1474 3654 ne
1511 3597 1609 3653 vix
1652 3597 1776 3668 qui-

249 3682 418 3747 dem,
467 3685 597 3758 ipso,
635 3692 798 3750 teste,
851 3689 1066 3743 solvere
1102 3708 1123 3736 ι
1176 3684 1631 3755 aggrediebatur,
1684 3686 1779 3742 do-

254 3781 372 3825 nec
399 3770 705 3826 adverterit
732 3769 1095 3840 Hildegardis
1122 3768 1295 3826 fuisse
1328 3773 1593 3844 triplicem
1616 3776 1780 3828 visio-

256 3871 406 3921 nem,
454 3858 627 3914 immo
666 3861 871 3916 seriem
919 3865 1137 3915 ternam
1183 3858 1489 3915 visionum:
1536 3872 1777 3929 quarum

257 3944 473 4015 prima,
503 3945 562 4000 in
598 3945 745 4001 libro
772 3946 986 4002 scivias
1023 3950 1301 4007 enarrata,
1328 3960 1427 4015 per
1464 3944 1658 4000 decem
1683 3961 1780 3999 an-

261 4043 374 4084 nos
400 4035 556 4098 (1141
587 4031 654 4085 ad
695 4032 853 4096 1151)
881 4029 1158 4093 obtinuit,
1186 4029 1425 4086 secunda
1461 4029 1780 4101 quinquen-

258 4116 367 4172 nio
391 4124 658 4174 contenta
681 4124 753 4187 (a.
790 4122 1116 4182 1158-1163)
1144 4117 1213 4171 ad
1239 4115 1393 4172 hunc
1418 4111 1630 4172 librum
1658 4133 1780 4188 per-

267 4205 442 4268 tinet;
475 4204 640 4260 tertia
680 4204 831 4260 inter
862 4220 992 4278 ann.
1029 4207 1330 4259 1165-1168
1372 4202 1582 4258 librum
1623 4203 1781 4260 Divi—

261 4309 465 4349 norum
500 4307 720 4364 operum
753 4288 1005 4359 respicit.
1043 4288 1193 4354 Quid
1231 4293 1420 4342 actum
1463 4288 1521 4342 in
1562 4297 1781 4359 septen-

264 4380 369 4435 nio
393 4378 544 4449 quod
578 4375 902 4432 intercessit
928 4375 999 4429 ab
1036 4390 1085 4429 a.
1121 4378 1253 4430 1151
1282 4374 1350 4428 ad
1394 4377 1552 4436 1158,
1582 4373 1776 4428 statim

263 4463 333 4521 in
359 4464 554 4520 eodem
578 4461 811 4518 exordio
836 4460 1157 4533 exponitur.
1186 4458 1341 4515 Hinc
1381 4457 1666 4513 variorum
1694 4475 1779 4513 er-

260 4563 424 4608 rores
449 4550 845 4612 emendantur,
879 4564 1020 4620 quos
1048 4547 1108 4602 in
1134 4547 1548 4621 prolegomenis
1586 4548 1778 4617 attigi-

262 4647 421 4699 ·mus.
450 4635 550 4692 ubi
579 4637 742 4707 plura
777 4635 1061 4689 adduntur
1087 4633 1155 4689 de
1179 4627 1286 4689 hac
1322 4634 1378 4690 S.
1414 4631 1778 4703 Hildegardis

272 4722 549 4796 Triloqia,
581 4725 641 4781 ὼς
669 4718 835 4786 εἰπεῖν,
861 4732 1025 4791 quae,
1071 4717 1295 4773 tandem
1336 4717 1553 4789 integra
1589 4725 1648 4776 et
1684 4722 1777 4777 ab·

259 4813 475 4876 soluta,
502 4811 665 4866 divae
690 4805 807 4866 luc'i
833 4809 1076 4865 dicatur.

334 4901 380 4965 ²)
405 4899 562 4965 Quae
599 4895 767 4960 visio,
795 4911 843 4953 a.
881 4899 1019 4952 1157
1056 4892 1410 4965 assignanda,
1449 4895 1778 4953 continetur

266 4982 333 5040 in
359 4983 508 5039 libro
535 4982 787 5054 ejusdem
819 4980 1001 5044 tituli,
1022 4981 1123 5052 qui
1151 4981 1365 5054 pluries
1392 4981 1453 5036 in
1477 4982 1664 5039 medio
1684 4999 1780 5055 po·

263 5068 416 5125 situs
442 5072 649 5131 exstat,
675 5068 769 5124 sed
795 5081 1015 5141 semper
1039 5066 1259 5122 mendis
1282 5066 1548 5123 horridus
1567 5073 1623 5124 et
1649 5085 1779 5124 con·

268 5154 452 5211 fossus
480 5152 833 5216 vulneribus,
854 5169 999 5223 quae
1026 5152 1167 5207 satis
1196 5169 1309 5206 non
1337 5152 1565 5207 reduxit
1605 5151 1779 5207 medi-

267 5257 335 5296 ca
360 5254 558 5296 manus
585 5231 655 5296 01.
688 5238 945 5295 Doctoris
977 5237 1158 5293 Caroli
1201 5239 1558 5308 Darcmbcrg,
1589 5238 1777 5294 Divio-

1590 2308 1653 2339 f.

1558 2378 1565 2387 ’
1658 2331 1772 2469 Τ
1827 2362 2076 2425 factum
2123 2366 2230 2425 est
2279 2364 2344 2424 in
2389 2380 2559 2425 nono
2610 2378 2818 2441 anno,
2869 2368 3224 2444 postquam
3259 2378 3371 2425 ve-

1522 2448 1527 2457 ‘
1642 2485 1716 2528 ra
1761 2469 1937 2529 visio
1985 2485 2185 2529 veras
2232 2470 2555 2545 visiones,
2601 2470 2668 2530 in
2703 2470 2947 2547 quibus
2981 2486 3101 2548 per
3132 2468 3370 2531 decen-

1644 2572 1826 2631 nium
1876 2572 2371 2648 insudaveram,
2421 2571 2586 2633 mihi
2620 2570 2910 2649 simplici
2944 2573 3194 2634 homini
3229 2590 3368 2635 ma-

1510 2672 1517 2679 '
1652 2674 2115 2752 nifestaverat;
2167 2676 2282 2752 qui
2328 2677 2587 2753 primus
2636 2695 2849 2738 annus
2901 2676 3025 2738 fuit
3055 2673 3128 2758 ¹),
3179 2685 3365 2756 post-

1648 2780 1850 2855 qu'am
1883 2779 2116 2838 eadem
2148 2780 2323 2839 visio
2373 2779 2765 2842 subtilitates
2807 2781 3220 2842 diversarum
3254 2800 3373 2842 na·-

1528 2942 1571 2973 n
1641 2889 1955 2943 tui-arum
1991 2889 2453 2947 creaturarum
2473 2883 2552 2964 ¹¹),
2584 2902 2662 2945 ac
2695 2902 3020 2963 responsa
3053 2892 3120 2946 et
3146 2887 3371 2948 admo-

1448 2966 1471 2991 *
1639 2988 1928 3047 uitiones
1976 2992 2115 3046 tam
2163 2988 2496 3049 minorum
2552 3005 2753 3068 quam
2804 2990 3134 3067 majorum
3181 2990 3429 3068 pluri-'

1526 3073 1531 3082 ¹
1641 3110 1902 3154 marum
1951 3111 2391 3171 personarum
2421 3089 2497 3175 ³),
2547 3102 2615 3182 et
2663 3101 3120 3177 symphoniam
3152 3115 3368 3158 armo-

1636 3202 1790 3260 niae
1849 3201 2195 3261 celestium
2257 3203 2736 3263 revelationum
2790 3198 2873 3280 ⁴),
2945 3206 3369 3281 i9notamque

1506 3301 1551 3396 ³.
1643 3306 1941 3381 linquam
1979 3301 2028 3386 ᾖ)
2078 3312 2141 3366 et
2191 3308 2486 3380 litteras,
2552 3324 2704 3368 cum
2753 3308 3157 3386 quibusdam
3213 3308 3370 3369 aliis

1853 3512 2068 3577 nensis,
2098 3515 2387 3587 suppetias
2414 3513 2628 3572 ferente
2653 3514 2719 3573 D.
2744 3513 2810 3571 Ε.
2838 3516 2907 3572 Α.
2938 3516 3118 3571 Reuss
3146 3513 3367 3571 Wirce-
3453 3533 3455 3536 ·

1852 3598 2143 3670 burgensi.
2170 3616 2312 3672 quos
2338 3603 2571 3658 honoris
2596 3607 2654 3658 et
2679 3604 2872 3671 gratae
2904 3600 3210 3659 memoriae
3235 3618 3367 3658 cau-

1851 3702 1909 3741 sa
1936 3686 2190 3748 nomino,
2230 3687 2425 3743 ambos
2460 3686 2623 3743 obitu
2664 3686 2968 3742 immaturo
3002 3687 3209 3743 studiis
3247 3704 3365 3744 ere-

1853 3778 1996 3845 ptos.
2029 3770 2110 3830 Cf.
2146 3774 2359 3832 Patr-ol.
2385 3775 2481 3831 lat.
2510 3772 2701 3830 CXCV
2708 3774 2783 3837 n.
2805 3775 2912 3830 col.
2944 3779 3097 3830 1117.
3123 3789 3172 3831 a.
3205 3777 3360 3830 1855.

1920 3861 1964 3929 ³)
1990 3861 2227 3926 Multae,
2256 3864 2350 3919 sed
2378 3879 2489 3918 non
2516 3859 2710 3919 omnes
2743 3861 3069 3935 hujusmodi
3109 3863 3360 3926 litterae.

1851 3947 1920 4004 ad
1964 3964 2065 4004 nos
2105 3954 2506 4020 pervenerunt,
2548 3951 2824 4006 hactenus
2870 3964 3104 4004 numero
3143 3948 3359 4012 CXLV,

1850 4049 2090 4105 quarum
2136 4035 2464 4108 praecipuas
2511 4035 2629 4107 ipsa
2677 4033 3041 4103 Hildegardis
3080 4033 3254 4090 refert
3291 4033 3364 4088 ad

1854 4137 1984 4177 ann.
2040 4126 2361 4178 1152-1157:
2418 4122 2528 4176 huc
2578 4120 2731 4176 enim
2781 4120 3044 4176 recidunt
3091 4120 3366 4191 epistolae

1855 4207 2099 4278 scriptae
2125 4207 2193 4261 ad
2219 4205 2583 4261 Anastasium
2605 4204 2682 4267 11,
2707 4204 3062 4260 Hadrianum
3085 4206 3187 4267 IV,
3212 4221 3364 4260 sum-

1853 4306 1975 4346 mos
1999 4292 2317 4362 pontifices.
2349 4292 2564 4359 Exigua
2591 4291 2818 4361 quidem
2847 4297 3102 4362 superest
3138 4292 3360 4355 messis,

1855 4376 1913 4431 in
1937 4375 2158 4432 duobus
2183 4378 2343 4432 codd.
2376 4392 2519 4447 quae
2546 4376 2720 4431 etiam
2750 4376 2810 4432 in
2836 4376 2940 4432 hoc
2971 4380 3120 4430 tomo
3160 4390 3364 4444 magna

1852 4480 1919 4518 ex
1948 4469 2107 4534 parte
2133 4463 2444 4532 colligitur.

1921 4547 1964 4613 ⁴)
2002 4547 2166 4602 Latet
2206 4548 2500 4610 hactenus,
2543 4547 2821 4617 siluitque
2868 4549 3225 4620 Symphonia,
3269 4549 3366 4604 sed

1850 4634 2043 4703 plures
2080 4632 2379 4690 innotuere
2417 4634 2575 4690 codd.
2608 4650 2677 4689 ex
2714 4634 2927 4703 quibus
2968 4634 3025 4690 in
3066 4636 3170 4691 hoc
3209 4637 3365 4691 volu-

1850 4718 2004 4776 mine
2029 4718 2278 4791 spondeo
2317 4718 2436 4776 fore
2462 4726 2527 4774 ut
2556 4718 2891 4782 insonuerit,
2931 4720 3123 4775 addita
3156 4721 3364 4777 veteris

1851 4807 2101 4864 musicae
2138 4822 2283 4864 nova
2307 4812 2366 4862 et
2402 4806 2647 4876 eleganti
2682 4805 3152 4879 interpretatione
3191 4805 3374 4863 unius·

1851 4911 1922 4951 ex
1947 4893 2161 4951 nostris
2187 4892 2658 4950 Solesmensibus.

1922 4982 1968 5047 ⁵)
2000 5002 2022 5029 ι
2059 4980 2309 5052 Iynotam
2334 4978 2581 5051 linquam
2606 4977 2912 5049 explicare.
2943 4976 3133 5048 inquit
3159 4978 3382 5048 Reuss„

1850 5082 2143 5137 aggressus
2187 5071 2275 5122 est
2313 5067 2365 5121 J.
2415 5065 2634 5120 Grimm
2684 5064 2742 5118 in
2789 5065 2998 5136 Haupt.
3049 5063 3369 5136 Zeita-krist

1850 5155 1948 5219 fur
1972 5153 2223 5207 Deutsch.
2256 5152 2576 5207 Altertlmm.
2612 5149 2710 5211 Vl,
2742 5154 2863 5205 32¹.
2909 5173 2927 5197 ι
2961 5148 3151 5219 Neque
3184 5150 3242 5204 in
3269 5149 3365 5204 liis

1852 5236 2143 5292 Analectis
2168 5237 2409 5291 arduum
2435 5252 2575 5308 opus
2602 5235 2923 5292 omittetur.
