<?xml version="1.0" encoding="UTF-8"?>
<!DOCTYPE html PUBLIC "-//W3C//DTD XHTML 1.0 Transitional//EN"
    "http://www.w3.org/TR/xhtml1/DTD/xhtml1-transitional.dtd">
<html xmlns="http://www.w3.org/1999/xhtml" xml:lang="en" lang="en">
 <head>
  <title>
</title>
<meta http-equiv="Content-Type" content="text/html;charset=utf-8" />
  <meta name='ocr-system' content='tesseract 3.04.00' />
  <meta name='ocr-capabilities' content='ocr_page ocr_carea ocr_par ocr_line ocrx_word'/>
</head>
<body>
  <div class='ocr_page' id='page_1' title='image "analectasacrasp05pitrgoog_0298.png"; bbox 0 0 4036 6117; ppageno 0'>
   <div class='ocr_carea' id='block_1_1' title="bbox 713 441 2518 503">
    <p class='ocr_par' dir='ltr' id='par_1_1' title="bbox 713 441 2518 503">
     <span class='ocr_line' id='line_1_1' title="bbox 713 441 2518 503; baseline 0.002 -5"><span class='ocrx_word' id='word_1_1' title='bbox 713 441 841 499; x_wconf 79' lang='lat'><strong>260</strong></span> <span class='ocrx_word' id='word_1_2' title='bbox 1868 459 1920 503; x_wconf 83' lang='lat' dir='ltr'><strong>s.</strong></span> <span class='ocrx_word' id='word_1_3' title='bbox 1982 456 2518 503; x_wconf 69' lang='lat' dir='ltr'>HILDEGARDIS</span> 
     </span>
    </p>
   </div>
   <div class='ocr_carea' id='block_1_2' title="bbox 589 567 3775 4098">
    <p class='ocr_par' dir='ltr' id='par_1_2' title="bbox 589 567 3733 965">
     <span class='ocr_line' id='line_1_2' title="bbox 640 567 3727 653; baseline 0 -21"><span class='ocrx_word' id='word_1_4' title='bbox 640 580 765 633; x_wconf 89' lang='lat' dir='ltr'><strong>est:</strong></span> <span class='ocrx_word' id='word_1_5' title='bbox 808 596 837 631; x_wconf 65' lang='grc' dir='ltr'>ι</span> <span class='ocrx_word' id='word_1_6' title='bbox 869 574 1249 649; x_wconf 81' lang='lat' dir='ltr'><strong>Dirigatur,</strong></span> <span class='ocrx_word' id='word_1_7' title='bbox 1300 574 1598 649; x_wconf 86' lang='lat' dir='ltr'><strong>Domine,</strong></span> <span class='ocrx_word' id='word_1_8' title='bbox 1637 576 1718 635; x_wconf 87' lang='lat' dir='ltr'><strong>ad</strong></span> <span class='ocrx_word' id='word_1_9' title='bbox 1769 583 1833 636; x_wconf 83' lang='lat' dir='ltr'><strong>te</strong></span> <span class='ocrx_word' id='word_1_10' title='bbox 1876 578 2092 636; x_wconf 87' lang='lat' dir='ltr'><strong>oratio</strong></span> <span class='ocrx_word' id='word_1_11' title='bbox 2142 592 2289 636; x_wconf 88' lang='lat' dir='ltr'><strong>mea</strong></span> <span class='ocrx_word' id='word_1_12' title='bbox 2324 578 2500 635; x_wconf 88' lang='lat' dir='ltr'><strong>sicut</strong></span> <span class='ocrx_word' id='word_1_13' title='bbox 2551 576 2896 635; x_wconf 89' lang='lat' dir='ltr'><strong>incensum</strong></span> <span class='ocrx_word' id='word_1_14' title='bbox 2930 575 2996 633; x_wconf 90' lang='lat' dir='ltr'><strong>in</strong></span> <span class='ocrx_word' id='word_1_15' title='bbox 3029 576 3392 650; x_wconf 86' lang='lat' dir='ltr'><strong>conspectu</strong></span> <span class='ocrx_word' id='word_1_16' title='bbox 3426 578 3570 649; x_wconf 85' lang='lat' dir='ltr'><strong>tuo;</strong></span> <span class='ocrx_word' id='word_1_17' title='bbox 3608 567 3653 653; x_wconf 79' lang='lat'><strong>¹)</strong></span> <span class='ocrx_word' id='word_1_18' title='bbox 3694 592 3727 632; x_wconf 69' lang='grc' dir='ltr'><strong>ι</strong></span> 
     </span>
     <span class='ocr_line' id='line_1_3' title="bbox 589 676 3733 753; baseline 0 -18"><span class='ocrx_word' id='word_1_19' title='bbox 589 705 594 711; x_wconf 92' lang='lat'><em>·</em></span> <span class='ocrx_word' id='word_1_20' title='bbox 640 678 1013 753; x_wconf 74' lang='lat' dir='ltr'><strong><em>sedentem,</em></strong></span> <span class='ocrx_word' id='word_1_21' title='bbox 1067 677 1132 737; x_wconf 89' lang='lat' dir='ltr'><strong>id</strong></span> <span class='ocrx_word' id='word_1_22' title='bbox 1165 685 1268 738; x_wconf 87' lang='lat' dir='ltr'><strong>est</strong></span> <span class='ocrx_word' id='word_1_23' title='bbox 1319 680 1774 753; x_wconf 77' lang='lat' dir='ltr'><strong>incipientem,</strong></span> <span class='ocrx_word' id='word_1_24' title='bbox 1827 684 1899 740; x_wconf 81' lang='lat' dir='ltr'><strong>in</strong></span> <span class='ocrx_word' id='word_1_25' title='bbox 1947 682 2164 740; x_wconf 78' lang='lat' dir='ltr'><strong>medio</strong></span> <span class='ocrx_word' id='word_1_26' title='bbox 2197 680 2508 740; x_wconf 88' lang='lat' dir='ltr'><strong>omnibus</strong></span> <span class='ocrx_word' id='word_1_27' title='bbox 2555 679 2720 738; x_wconf 87' lang='lat' dir='ltr'><strong>bene</strong></span> <span class='ocrx_word' id='word_1_28' title='bbox 2757 677 3046 749; x_wconf 76' lang='lat' dir='ltr'><strong>facienS,</strong></span> <span class='ocrx_word' id='word_1_29' title='bbox 3097 678 3454 752; x_wconf 82' lang='lat' dir='ltr'><strong>doctorum,</strong></span> <span class='ocrx_word' id='word_1_30' title='bbox 3511 676 3580 735; x_wconf 91' lang='lat' dir='ltr'><strong>id</strong></span> <span class='ocrx_word' id='word_1_31' title='bbox 3630 683 3733 736; x_wconf 84' lang='lat' dir='ltr'><strong>est</strong></span> 
     </span>
     <span class='ocr_line' id='line_1_4' title="bbox 638 780 3729 859; baseline 0 -20"><span class='ocrx_word' id='word_1_32' title='bbox 638 780 1004 840; x_wconf 86' lang='lat' dir='ltr'><strong>secundum</strong></span> <span class='ocrx_word' id='word_1_33' title='bbox 1059 783 1362 858; x_wconf 83' lang='lat' dir='ltr'><strong>exempla</strong></span> <span class='ocrx_word' id='word_1_34' title='bbox 1411 784 1696 843; x_wconf 89' lang='lat' dir='ltr'><strong>aliorum</strong></span> <span class='ocrx_word' id='word_1_35' title='bbox 1754 791 2180 859; x_wconf 86' lang='lat' dir='ltr'><strong>sanctorum,</strong></span> <span class='ocrx_word' id='word_1_36' title='bbox 2232 785 2620 843; x_wconf 84' lang='lat' dir='ltr'><strong><em>audientem</em></strong></span> <span class='ocrx_word' id='word_1_37' title='bbox 2673 782 2861 855; x_wconf 82' lang='lat' dir='ltr'><strong>illos,</strong></span> <span class='ocrx_word' id='word_1_38' title='bbox 2913 782 3087 842; x_wconf 87' lang='lat' dir='ltr'><strong>bona</strong></span> <span class='ocrx_word' id='word_1_39' title='bbox 3134 780 3618 859; x_wconf 86' lang='lat' dir='ltr'><strong>perquirendo,</strong></span> <span class='ocrx_word' id='word_1_40' title='bbox 3671 789 3729 841; x_wconf 84' lang='lat' dir='ltr'><strong>et</strong></span> 
     </span>
     <span class='ocr_line' id='line_1_5' title="bbox 634 890 2378 965; baseline 0.001 -18"><span class='ocrx_word' id='word_1_41' title='bbox 634 892 1162 965; x_wconf 71' lang='lat' dir='ltr'><strong>interroqantem</strong></span> <span class='ocrx_word' id='word_1_42' title='bbox 1194 909 1322 965; x_wconf 69' lang='lat' dir='ltr'><strong>e03,</strong></span> <span class='ocrx_word' id='word_1_43' title='bbox 1360 890 1622 949; x_wconf 86' lang='lat' dir='ltr'><strong>scilicet</strong></span> <span class='ocrx_word' id='word_1_44' title='bbox 1656 890 1983 950; x_wconf 86' lang='lat' dir='ltr'><strong>currendo</strong></span> <span class='ocrx_word' id='word_1_45' title='bbox 2018 896 2170 965; x_wconf 88' lang='lat' dir='ltr'><strong>post</strong></span> <span class='ocrx_word' id='word_1_46' title='bbox 2205 890 2378 949; x_wconf 84' lang='lat' dir='ltr'><strong>iIIOS.</strong></span> 
     </span>
    </p>

    <p class='ocr_par' dir='ltr' id='par_1_3' title="bbox 635 993 3739 1278">
     <span class='ocr_line' id='line_1_6' title="bbox 729 993 3738 1069; baseline -0.001 -15"><span class='ocrx_word' id='word_1_47' title='bbox 729 993 1092 1069; x_wconf 77' lang='lat' dir='ltr'><strong><em>Stupebant</em></strong></span> <span class='ocrx_word' id='word_1_48' title='bbox 1128 1001 1352 1053; x_wconf 87' lang='lat' dir='ltr'><strong>autem</strong></span> <span class='ocrx_word' id='word_1_49' title='bbox 1386 1012 1609 1053; x_wconf 79' lang='lat' dir='ltr'><strong>omnes</strong></span> <span class='ocrx_word' id='word_1_50' title='bbox 1662 994 1727 1053; x_wconf 93' lang='lat' dir='ltr'><strong>in</strong></span> <span class='ocrx_word' id='word_1_51' title='bbox 1759 994 1931 1054; x_wconf 88' lang='lat' dir='ltr'><strong>bona</strong></span> <span class='ocrx_word' id='word_1_52' title='bbox 1967 994 2428 1054; x_wconf 87' lang='lat' dir='ltr'><strong>aedificatione</strong></span> <span class='ocrx_word' id='word_1_53' title='bbox 2478 999 2864 1053; x_wconf 83' lang='lat' dir='ltr'><strong>sanctorum</strong></span> <span class='ocrx_word' id='word_1_54' title='bbox 2906 1007 3209 1067; x_wconf 89' lang='lat' dir='ltr'><strong>operum,</strong></span> <span class='ocrx_word' id='word_1_55' title='bbox 3262 994 3376 1069; x_wconf 81' lang='lat' dir='ltr'><strong>qui</strong></span> <span class='ocrx_word' id='word_1_56' title='bbox 3409 1012 3566 1052; x_wconf 82' lang='lat' dir='ltr'><strong>eam</strong></span> <span class='ocrx_word' id='word_1_57' title='bbox 3618 1011 3738 1051; x_wconf 78' lang='lat' dir='ltr'><strong>aa·</strong></span> 
     </span>
     <span class='ocr_line' id='line_1_7' title="bbox 635 1096 3739 1176; baseline 0.001 -21"><span class='ocrx_word' id='word_1_58' title='bbox 635 1096 925 1171; x_wconf 83' lang='lat' dir='ltr'><strong>diebant,</strong></span> <span class='ocrx_word' id='word_1_59' title='bbox 966 1098 1078 1157; x_wconf 91' lang='lat' dir='ltr'><strong>ubi</strong></span> <span class='ocrx_word' id='word_1_60' title='bbox 1127 1099 1342 1158; x_wconf 87' lang='lat' dir='ltr'><strong>bonus</strong></span> <span class='ocrx_word' id='word_1_61' title='bbox 1383 1116 1612 1158; x_wconf 89' lang='lat' dir='ltr'><strong>rumor</strong></span> <span class='ocrx_word' id='word_1_62' title='bbox 1660 1099 1944 1174; x_wconf 76' lang='lat' dir='ltr'><strong>exurgit,</strong></span> <span class='ocrx_word' id='word_1_63' title='bbox 1991 1118 2191 1175; x_wconf 76' lang='lat' dir='ltr'><strong>super</strong></span> <span class='ocrx_word' id='word_1_64' title='bbox 2234 1099 2600 1176; x_wconf 78' lang='lat' dir='ltr'><strong>prudentia</strong></span> <span class='ocrx_word' id='word_1_65' title='bbox 2647 1114 2857 1157; x_wconf 84' lang='lat' dir='ltr'><strong>novae</strong></span> <span class='ocrx_word' id='word_1_66' title='bbox 2905 1097 3473 1173; x_wconf 65' lang='lat' dir='ltr'><strong>sanctificationis„</strong></span> <span class='ocrx_word' id='word_1_67' title='bbox 3527 1107 3595 1158; x_wconf 85' lang='lat' dir='ltr'><strong>et</strong></span> <span class='ocrx_word' id='word_1_68' title='bbox 3636 1118 3739 1157; x_wconf 82' lang='lat' dir='ltr'><strong>re·-</strong></span> 
     </span>
     <span class='ocr_line' id='line_1_8' title="bbox 637 1198 2987 1278; baseline 0.001 -19"><span class='ocrx_word' id='word_1_69' title='bbox 637 1203 893 1277; x_wconf 71' lang='lat' dir='ltr'><strong>eponsis</strong></span> <span class='ocrx_word' id='word_1_70' title='bbox 928 1198 1094 1274; x_wconf 80' lang='lat' dir='ltr'><strong>ejus:</strong></span> <span class='ocrx_word' id='word_1_71' title='bbox 1133 1203 1310 1278; x_wconf 86' lang='lat' dir='ltr'><strong>quod</strong></span> <span class='ocrx_word' id='word_1_72' title='bbox 1346 1203 1438 1261; x_wconf 89' lang='lat' dir='ltr'><strong>ita</strong></span> <span class='ocrx_word' id='word_1_73' title='bbox 1473 1219 1624 1262; x_wconf 87' lang='lat' dir='ltr'><strong>esse</strong></span> <span class='ocrx_word' id='word_1_74' title='bbox 1659 1203 1940 1262; x_wconf 88' lang='lat' dir='ltr'><strong>credunt</strong></span> <span class='ocrx_word' id='word_1_75' title='bbox 1975 1206 2047 1262; x_wconf 91' lang='lat' dir='ltr'><strong>ut</strong></span> <span class='ocrx_word' id='word_1_76' title='bbox 2081 1203 2146 1260; x_wconf 91' lang='lat' dir='ltr'><strong>in</strong></span> <span class='ocrx_word' id='word_1_77' title='bbox 2180 1203 2351 1262; x_wconf 90' lang='lat' dir='ltr'><strong>bono</strong></span> <span class='ocrx_word' id='word_1_78' title='bbox 2387 1217 2655 1262; x_wconf 90' lang='lat' dir='ltr'><strong>rumore</strong></span> <span class='ocrx_word' id='word_1_79' title='bbox 2688 1201 2987 1261; x_wconf 88' lang='lat' dir='ltr'><strong>audiunt.</strong></span> 
     </span>
    </p>

    <p class='ocr_par' dir='ltr' id='par_1_4' title="bbox 635 1303 3736 2009">
     <span class='ocr_line' id='line_1_9' title="bbox 707 1303 3736 1384; baseline -0.001 -19"><span class='ocrx_word' id='word_1_80' title='bbox 707 1306 787 1365; x_wconf 86' lang='lat' dir='ltr'><strong>Et</strong></span> <span class='ocrx_word' id='word_1_81' title='bbox 821 1306 1117 1365; x_wconf 81' lang='lat' dir='ltr'><strong>videntes</strong></span> <span class='ocrx_word' id='word_1_82' title='bbox 1167 1308 1697 1380; x_wconf 83' lang='lat' dir='ltr'><strong>conversionem,</strong></span> <span class='ocrx_word' id='word_1_83' title='bbox 1751 1308 2067 1365; x_wconf 81' lang='lat' dir='ltr'><strong>admirati</strong></span> <span class='ocrx_word' id='word_1_84' title='bbox 2118 1313 2301 1377; x_wconf 76' lang='lat' dir='ltr'><strong>suut,</strong></span> <span class='ocrx_word' id='word_1_85' title='bbox 2354 1308 2512 1382; x_wconf 89' lang='lat' dir='ltr'><strong>quia</strong></span> <span class='ocrx_word' id='word_1_86' title='bbox 2569 1305 2885 1380; x_wconf 82' lang='lat' dir='ltr'><strong>gaudium</strong></span> <span class='ocrx_word' id='word_1_87' title='bbox 2937 1307 3005 1364; x_wconf 92' lang='lat' dir='ltr'><strong>in</strong></span> <span class='ocrx_word' id='word_1_88' title='bbox 3038 1305 3213 1365; x_wconf 89' lang='lat' dir='ltr'><strong>idem</strong></span> <span class='ocrx_word' id='word_1_89' title='bbox 3257 1303 3308 1384; x_wconf 79' lang='lat'><strong>¹)</strong></span> <span class='ocrx_word' id='word_1_90' title='bbox 3355 1306 3600 1366; x_wconf 87' lang='lat' dir='ltr'><strong>oritur.</strong></span> <span class='ocrx_word' id='word_1_91' title='bbox 3650 1305 3736 1366; x_wconf 82' lang='lat' dir='ltr'><strong>Et</strong></span> 
     </span>
     <span class='ocr_line' id='line_1_10' title="bbox 637 1407 3736 1486; baseline -0 -20"><span class='ocrx_word' id='word_1_92' title='bbox 637 1411 809 1467; x_wconf 77' lang='lat' dir='ltr'><strong>dixit</strong></span> <span class='ocrx_word' id='word_1_93' title='bbox 859 1416 1074 1468; x_wconf 83' lang='lat' dir='ltr'><strong>mater</strong></span> <span class='ocrx_word' id='word_1_94' title='bbox 1123 1408 1287 1484; x_wconf 77' lang='lat' dir='ltr'><strong>ejuS,</strong></span> <span class='ocrx_word' id='word_1_95' title='bbox 1339 1410 1652 1469; x_wconf 86' lang='lat' dir='ltr'><strong>videlicet</strong></span> <span class='ocrx_word' id='word_1_96' title='bbox 1701 1411 2054 1484; x_wconf 87' lang='lat' dir='ltr'><strong>sapientia,</strong></span> <span class='ocrx_word' id='word_1_97' title='bbox 2106 1411 2190 1468; x_wconf 86' lang='lat' dir='ltr'><strong>ad</strong></span> <span class='ocrx_word' id='word_1_98' title='bbox 2221 1410 2444 1469; x_wconf 81' lang='lat' dir='ltr'><strong>illum:</strong></span> <span class='ocrx_word' id='word_1_99' title='bbox 2494 1409 2651 1484; x_wconf 82' lang='lat' dir='ltr'><strong>Fili,</strong></span> <span class='ocrx_word' id='word_1_100' title='bbox 2696 1409 2856 1486; x_wconf 83' lang='lat' dir='ltr'><strong>quid</strong></span> <span class='ocrx_word' id='word_1_101' title='bbox 2886 1410 3105 1486; x_wconf 74' lang='lat' dir='ltr'><strong>fecisti</strong></span> <span class='ocrx_word' id='word_1_102' title='bbox 3153 1407 3333 1466; x_wconf 81' lang='lat' dir='ltr'><strong>nobis</strong></span> <span class='ocrx_word' id='word_1_103' title='bbox 3385 1410 3512 1468; x_wconf 78' lang='lat' dir='ltr'><strong>sic?</strong></span> <span class='ocrx_word' id='word_1_104' title='bbox 3565 1414 3633 1467; x_wconf 90' lang='lat' dir='ltr'><strong>te</strong></span> <span class='ocrx_word' id='word_1_105' title='bbox 3670 1407 3736 1465; x_wconf 90' lang='lat' dir='ltr'><strong>in</strong></span> 
     </span>
     <span class='ocr_line' id='line_1_11' title="bbox 639 1514 3735 1591; baseline 0 -17"><span class='ocrx_word' id='word_1_106' title='bbox 639 1516 901 1575; x_wconf 82' lang='lat' dir='ltr'><strong>occulto</strong></span> <span class='ocrx_word' id='word_1_107' title='bbox 948 1516 1269 1591; x_wconf 81' lang='lat' dir='ltr'><strong>ponendo,</strong></span> <span class='ocrx_word' id='word_1_108' title='bbox 1307 1516 1430 1575; x_wconf 86' lang='lat' dir='ltr'><strong>Sed</strong></span> <span class='ocrx_word' id='word_1_109' title='bbox 1482 1518 1632 1577; x_wconf 90' lang='lat' dir='ltr'><strong>nolo</strong></span> <span class='ocrx_word' id='word_1_110' title='bbox 1669 1524 1742 1576; x_wconf 93' lang='lat' dir='ltr'><strong>ut</strong></span> <span class='ocrx_word' id='word_1_111' title='bbox 1778 1517 2169 1576; x_wconf 83' lang='lat' dir='ltr'><strong>thesaurum</strong></span> <span class='ocrx_word' id='word_1_112' title='bbox 2220 1523 2409 1575; x_wconf 85' lang='lat' dir='ltr'><strong>tuum</strong></span> <span class='ocrx_word' id='word_1_113' title='bbox 2443 1515 2839 1589; x_wconf 82' lang='lat' dir='ltr'><strong>abscondaS,</strong></span> <span class='ocrx_word' id='word_1_114' title='bbox 2894 1514 3011 1574; x_wconf 88' lang='lat' dir='ltr'><strong>sed</strong></span> <span class='ocrx_word' id='word_1_115' title='bbox 3047 1520 3121 1574; x_wconf 90' lang='lat' dir='ltr'><strong>ut</strong></span> <span class='ocrx_word' id='word_1_116' title='bbox 3152 1522 3383 1591; x_wconf 87' lang='lat' dir='ltr'><strong>aperte</strong></span> <span class='ocrx_word' id='word_1_117' title='bbox 3433 1515 3498 1574; x_wconf 92' lang='lat' dir='ltr'><strong>in</strong></span> <span class='ocrx_word' id='word_1_118' title='bbox 3534 1514 3735 1574; x_wconf 84' lang='lat' dir='ltr'><strong>bonis</strong></span> 
     </span>
     <span class='ocr_line' id='line_1_12' title="bbox 639 1617 3736 1697; baseline -0.001 -19"><span class='ocrx_word' id='word_1_119' title='bbox 639 1618 956 1694; x_wconf 87' lang='lat' dir='ltr'><strong>operibus</strong></span> <span class='ocrx_word' id='word_1_120' title='bbox 1007 1620 1297 1681; x_wconf 83' lang='lat' dir='ltr'><strong>incedas.</strong></span> <span class='ocrx_word' id='word_1_121' title='bbox 1350 1622 1512 1681; x_wconf 86' lang='lat' dir='ltr'><strong>Ecce</strong></span> <span class='ocrx_word' id='word_1_122' title='bbox 1558 1629 1753 1697; x_wconf 80' lang='lat' dir='ltr'><strong>pater</strong></span> <span class='ocrx_word' id='word_1_123' title='bbox 1804 1626 1979 1695; x_wconf 85' lang='lat' dir='ltr'><strong>tuus,</strong></span> <span class='ocrx_word' id='word_1_124' title='bbox 2035 1621 2297 1680; x_wconf 89' lang='lat' dir='ltr'><strong>scilicet</strong></span> <span class='ocrx_word' id='word_1_125' title='bbox 2343 1620 2710 1679; x_wconf 81' lang='lat' dir='ltr'><strong>admonitio</strong></span> <span class='ocrx_word' id='word_1_126' title='bbox 2760 1618 3049 1694; x_wconf 81' lang='lat' dir='ltr'><strong>Spiritus</strong></span> <span class='ocrx_word' id='word_1_127' title='bbox 3098 1618 3346 1693; x_wconf 81' lang='lat' dir='ltr'><strong>Sancti,</strong></span> <span class='ocrx_word' id='word_1_128' title='bbox 3398 1634 3577 1695; x_wconf 86' lang='lat' dir='ltr'><strong>quae</strong></span> <span class='ocrx_word' id='word_1_129' title='bbox 3613 1617 3736 1677; x_wconf 90' lang='lat' dir='ltr'><strong>tibi</strong></span> 
     </span>
     <span class='ocr_line' id='line_1_13' title="bbox 635 1723 3735 1801; baseline -0 -19"><span class='ocrx_word' id='word_1_130' title='bbox 635 1725 883 1783; x_wconf 90' lang='lat' dir='ltr'><strong>bonum</strong></span> <span class='ocrx_word' id='word_1_131' title='bbox 935 1726 1313 1800; x_wconf 78' lang='lat' dir='ltr'><strong>inspiravit,</strong></span> <span class='ocrx_word' id='word_1_132' title='bbox 1365 1733 1426 1783; x_wconf 87' lang='lat' dir='ltr'><strong>et</strong></span> <span class='ocrx_word' id='word_1_133' title='bbox 1463 1744 1595 1801; x_wconf 73' lang='lat' dir='ltr'><strong>eqo,</strong></span> <span class='ocrx_word' id='word_1_134' title='bbox 1650 1725 1963 1784; x_wconf 90' lang='lat' dir='ltr'><strong>videlicet</strong></span> <span class='ocrx_word' id='word_1_135' title='bbox 2013 1725 2344 1800; x_wconf 82' lang='lat' dir='ltr'><strong>sapientia</strong></span> <span class='ocrx_word' id='word_1_136' title='bbox 2392 1740 2563 1800; x_wconf 88' lang='lat' dir='ltr'><strong>quae</strong></span> <span class='ocrx_word' id='word_1_137' title='bbox 2615 1730 2678 1782; x_wconf 88' lang='lat' dir='ltr'><strong>te</strong></span> <span class='ocrx_word' id='word_1_138' title='bbox 2728 1723 3029 1782; x_wconf 85' lang='lat' dir='ltr'><strong>suaviter</strong></span> <span class='ocrx_word' id='word_1_139' title='bbox 3075 1724 3380 1798; x_wconf 89' lang='lat' dir='ltr'><strong>nutrivit,</strong></span> <span class='ocrx_word' id='word_1_140' title='bbox 3431 1724 3735 1783; x_wconf 83' lang='lat' dir='ltr'><strong>dolentes</strong></span> 
     </span>
     <span class='ocr_line' id='line_1_14' title="bbox 635 1826 3736 1905; baseline -0.001 -19"><span class='ocrx_word' id='word_1_141' title='bbox 635 1830 694 1887; x_wconf 89' lang='lat' dir='ltr'><strong>si</strong></span> <span class='ocrx_word' id='word_1_142' title='bbox 747 1827 1184 1888; x_wconf 88' lang='lat' dir='ltr'><strong>inhonorares</strong></span> <span class='ocrx_word' id='word_1_143' title='bbox 1232 1846 1379 1903; x_wconf 80' lang='lat' dir='ltr'><strong>nOS,</strong></span> <span class='ocrx_word' id='word_1_144' title='bbox 1420 1830 1679 1888; x_wconf 89' lang='lat' dir='ltr'><strong>scilicet</strong></span> <span class='ocrx_word' id='word_1_145' title='bbox 1713 1830 1770 1888; x_wconf 89' lang='lat' dir='ltr'><strong>si</strong></span> <span class='ocrx_word' id='word_1_146' title='bbox 1806 1845 1977 1905; x_wconf 91' lang='lat' dir='ltr'><strong>opus</strong></span> <span class='ocrx_word' id='word_1_147' title='bbox 2011 1834 2319 1888; x_wconf 88' lang='lat' dir='ltr'><strong>nostrum</strong></span> <span class='ocrx_word' id='word_1_148' title='bbox 2370 1829 2514 1887; x_wconf 89' lang='lat' dir='ltr'><strong>sine</strong></span> <span class='ocrx_word' id='word_1_149' title='bbox 2547 1827 2840 1887; x_wconf 88' lang='lat' dir='ltr'><strong>utilitate</strong></span> <span class='ocrx_word' id='word_1_150' title='bbox 2871 1830 3203 1903; x_wconf 83' lang='lat' dir='ltr'><strong>portareS,</strong></span> <span class='ocrx_word' id='word_1_151' title='bbox 3253 1826 3736 1904; x_wconf 73' lang='lat' dir='ltr'><strong>quaerebamus</strong></span> 
     </span>
     <span class='ocr_line' id='line_1_15' title="bbox 636 1932 3306 2009; baseline 0.001 -20"><span class='ocrx_word' id='word_1_152' title='bbox 636 1940 725 2007; x_wconf 88' lang='lat' dir='ltr'><strong>te,</strong></span> <span class='ocrx_word' id='word_1_153' title='bbox 764 1934 858 1992; x_wconf 89' lang='lat' dir='ltr'><strong>ita</strong></span> <span class='ocrx_word' id='word_1_154' title='bbox 892 1932 1067 2009; x_wconf 86' lang='lat' dir='ltr'><strong>quod</strong></span> <span class='ocrx_word' id='word_1_155' title='bbox 1103 1934 1414 1992; x_wconf 90' lang='lat' dir='ltr'><strong>nolumus</strong></span> <span class='ocrx_word' id='word_1_156' title='bbox 1452 1939 1522 1992; x_wconf 88' lang='lat' dir='ltr'><strong>ut</strong></span> <span class='ocrx_word' id='word_1_157' title='bbox 1559 1932 1915 1992; x_wconf 89' lang='lat' dir='ltr'><strong>inhonores</strong></span> <span class='ocrx_word' id='word_1_158' title='bbox 1950 1950 2074 1992; x_wconf 89' lang='lat' dir='ltr'><strong>nos</strong></span> <span class='ocrx_word' id='word_1_159' title='bbox 2109 1933 2236 1992; x_wconf 90' lang='lat' dir='ltr'><strong>hoc</strong></span> <span class='ocrx_word' id='word_1_160' title='bbox 2269 1932 2488 2006; x_wconf 81' lang='lat' dir='ltr'><strong>modu,</strong></span> <span class='ocrx_word' id='word_1_161' title='bbox 2525 1948 2607 1990; x_wconf 90' lang='lat' dir='ltr'><strong>ne</strong></span> <span class='ocrx_word' id='word_1_162' title='bbox 2640 1947 3087 2006; x_wconf 85' lang='lat' dir='ltr'><strong>agnoscamur</strong></span> <span class='ocrx_word' id='word_1_163' title='bbox 3122 1932 3186 1991; x_wconf 91' lang='lat' dir='ltr'><strong>in</strong></span> <span class='ocrx_word' id='word_1_164' title='bbox 3219 1937 3306 1993; x_wconf 88' lang='lat' dir='ltr'><strong>te.</strong></span> 
     </span>
    </p>

    <p class='ocr_par' dir='ltr' id='par_1_5' title="bbox 631 2034 3733 2528">
     <span class='ocr_line' id='line_1_16' title="bbox 722 2034 3729 2113; baseline 0.001 -17"><span class='ocrx_word' id='word_1_165' title='bbox 722 2037 804 2096; x_wconf 83' lang='lat' dir='ltr'><strong>Et</strong></span> <span class='ocrx_word' id='word_1_166' title='bbox 854 2040 947 2096; x_wconf 83' lang='lat' dir='ltr'><strong>ait</strong></span> <span class='ocrx_word' id='word_1_167' title='bbox 981 2038 1119 2097; x_wconf 80' lang='lat' dir='ltr'><strong>illis</strong></span> <span class='ocrx_word' id='word_1_168' title='bbox 1169 2038 1592 2098; x_wconf 88' lang='lat' dir='ltr'><strong>rationalitas</strong></span> <span class='ocrx_word' id='word_1_169' title='bbox 1643 2038 1706 2096; x_wconf 90' lang='lat' dir='ltr'><strong>in</strong></span> <span class='ocrx_word' id='word_1_170' title='bbox 1744 2037 2030 2097; x_wconf 90' lang='lat' dir='ltr'><strong>homine:</strong></span> <span class='ocrx_word' id='word_1_171' title='bbox 2085 2037 2257 2109; x_wconf 77' lang='lat' dir='ltr'><strong>Quid</strong></span> <span class='ocrx_word' id='word_1_172' title='bbox 2305 2037 2606 2113; x_wconf 85' lang='lat' dir='ltr'><strong>estquod</strong></span> <span class='ocrx_word' id='word_1_173' title='bbox 2653 2056 2757 2095; x_wconf 85' lang='lat' dir='ltr'><strong>me</strong></span> <span class='ocrx_word' id='word_1_174' title='bbox 2806 2034 3255 2113; x_wconf 71' lang='lat' dir='ltr'><strong>quaerebatis?</strong></span> <span class='ocrx_word' id='word_1_175' title='bbox 3303 2037 3460 2111; x_wconf 90' lang='lat' dir='ltr'><strong>quia</strong></span> <span class='ocrx_word' id='word_1_176' title='bbox 3496 2038 3729 2111; x_wconf 81' lang='lat' dir='ltr'><strong>timec,</strong></span> 
     </span>
     <span class='ocr_line' id='line_1_17' title="bbox 637 2137 3733 2217; baseline 0 -18"><span class='ocrx_word' id='word_1_177' title='bbox 637 2142 697 2199; x_wconf 89' lang='lat' dir='ltr'><strong>si</strong></span> <span class='ocrx_word' id='word_1_178' title='bbox 747 2148 978 2217; x_wconf 84' lang='lat' dir='ltr'><strong>aperte</strong></span> <span class='ocrx_word' id='word_1_179' title='bbox 1034 2141 1501 2214; x_wconf 85' lang='lat' dir='ltr'><strong>ambulavero,</strong></span> <span class='ocrx_word' id='word_1_180' title='bbox 1561 2140 1738 2217; x_wconf 88' lang='lat' dir='ltr'><strong>quod</strong></span> <span class='ocrx_word' id='word_1_181' title='bbox 1787 2158 1959 2200; x_wconf 86' lang='lat' dir='ltr'><strong>vana</strong></span> <span class='ocrx_word' id='word_1_182' title='bbox 2024 2140 2238 2214; x_wconf 86' lang='lat' dir='ltr'><strong>gloria</strong></span> <span class='ocrx_word' id='word_1_183' title='bbox 2302 2155 2407 2199; x_wconf 90' lang='lat' dir='ltr'><strong>me</strong></span> <span class='ocrx_word' id='word_1_184' title='bbox 2458 2139 2795 2215; x_wconf 87' lang='lat' dir='ltr'><strong>impediat.</strong></span> <span class='ocrx_word' id='word_1_185' title='bbox 2848 2137 3249 2199; x_wconf 79' lang='lat' dir='ltr'><strong>Nesciebatis</strong></span> <span class='ocrx_word' id='word_1_186' title='bbox 3302 2142 3461 2217; x_wconf 79' lang='lat' dir='ltr'><strong>quia</strong></span> <span class='ocrx_word' id='word_1_187' title='bbox 3508 2143 3584 2200; x_wconf 79' lang='lat' dir='ltr'><strong>in</strong></span> <span class='ocrx_word' id='word_1_188' title='bbox 3632 2144 3733 2201; x_wconf 79' lang='lat' dir='ltr'><strong>his</strong></span> 
     </span>
     <span class='ocr_line' id='line_1_18' title="bbox 631 2243 3731 2322; baseline 0 -19"><span class='ocrx_word' id='word_1_189' title='bbox 631 2264 799 2322; x_wconf 73' lang='lat' dir='ltr'><strong>quae</strong></span> <span class='ocrx_word' id='word_1_190' title='bbox 852 2246 1078 2306; x_wconf 74' lang='lat' dir='ltr'><strong>Patris</strong></span> <span class='ocrx_word' id='word_1_191' title='bbox 1126 2248 1258 2304; x_wconf 77' lang='lat' dir='ltr'><strong>mei</strong></span> <span class='ocrx_word' id='word_1_192' title='bbox 1308 2252 1486 2318; x_wconf 80' lang='lat' dir='ltr'><strong>sunt,</strong></span> <span class='ocrx_word' id='word_1_193' title='bbox 1540 2244 1605 2304; x_wconf 92' lang='lat' dir='ltr'><strong>id</strong></span> <span class='ocrx_word' id='word_1_194' title='bbox 1639 2251 1744 2304; x_wconf 90' lang='lat' dir='ltr'><strong>est</strong></span> <span class='ocrx_word' id='word_1_195' title='bbox 1793 2261 1964 2321; x_wconf 89' lang='lat' dir='ltr'><strong>quae</strong></span> <span class='ocrx_word' id='word_1_196' title='bbox 2012 2245 2378 2305; x_wconf 89' lang='lat' dir='ltr'><strong>admonitio</strong></span> <span class='ocrx_word' id='word_1_197' title='bbox 2425 2243 2714 2320; x_wconf 86' lang='lat' dir='ltr'><strong>Spiritus</strong></span> <span class='ocrx_word' id='word_1_198' title='bbox 2763 2243 2988 2303; x_wconf 84' lang='lat' dir='ltr'><strong>Sancti</strong></span> <span class='ocrx_word' id='word_1_199' title='bbox 3036 2244 3356 2318; x_wconf 85' lang='lat' dir='ltr'><strong>ostendit,</strong></span> <span class='ocrx_word' id='word_1_200' title='bbox 3406 2245 3501 2304; x_wconf 88' lang='lat' dir='ltr'><strong>ita</strong></span> <span class='ocrx_word' id='word_1_201' title='bbox 3550 2243 3731 2321; x_wconf 88' lang='lat' dir='ltr'><strong>quod</strong></span> 
     </span>
     <span class='ocr_line' id='line_1_19' title="bbox 636 2345 3732 2424; baseline 0 -17"><span class='ocrx_word' id='word_1_202' title='bbox 636 2364 903 2424; x_wconf 83' lang='lat' dir='ltr'><strong>semper</strong></span> <span class='ocrx_word' id='word_1_203' title='bbox 936 2364 1050 2407; x_wconf 93' lang='lat' dir='ltr'><strong>ero</strong></span> <span class='ocrx_word' id='word_1_204' title='bbox 1103 2349 1171 2407; x_wconf 92' lang='lat' dir='ltr'><strong>in</strong></span> <span class='ocrx_word' id='word_1_205' title='bbox 1204 2348 1607 2423; x_wconf 89' lang='lat' dir='ltr'><strong>humilitate,</strong></span> <span class='ocrx_word' id='word_1_206' title='bbox 1659 2354 1909 2424; x_wconf 82' lang='lat' dir='ltr'><strong>oportet</strong></span> <span class='ocrx_word' id='word_1_207' title='bbox 1945 2367 2050 2407; x_wconf 86' lang='lat' dir='ltr'><strong>me</strong></span> <span class='ocrx_word' id='word_1_208' title='bbox 2100 2366 2266 2418; x_wconf 87' lang='lat' dir='ltr'><strong>esse,</strong></span> <span class='ocrx_word' id='word_1_209' title='bbox 2302 2347 2617 2423; x_wconf 85' lang='lat' dir='ltr'><strong>quoniam</strong></span> <span class='ocrx_word' id='word_1_210' title='bbox 2652 2347 3110 2406; x_wconf 90' lang='lat' dir='ltr'><strong>necessarium</strong></span> <span class='ocrx_word' id='word_1_211' title='bbox 3146 2345 3309 2405; x_wconf 90' lang='lat' dir='ltr'><strong>mihi</strong></span> <span class='ocrx_word' id='word_1_212' title='bbox 3344 2353 3471 2422; x_wconf 90' lang='lat' dir='ltr'><strong>est,</strong></span> <span class='ocrx_word' id='word_1_213' title='bbox 3513 2354 3588 2407; x_wconf 87' lang='lat' dir='ltr'><strong>ut</strong></span> <span class='ocrx_word' id='word_1_214' title='bbox 3624 2363 3732 2408; x_wconf 83' lang='lat' dir='ltr'><strong>su-</strong></span> 
     </span>
     <span class='ocr_line' id='line_1_20' title="bbox 635 2451 1777 2528; baseline 0.002 -18"><span class='ocrx_word' id='word_1_215' title='bbox 635 2451 940 2528; x_wconf 89' lang='lat' dir='ltr'><strong>perbiam</strong></span> <span class='ocrx_word' id='word_1_216' title='bbox 973 2459 1040 2511; x_wconf 90' lang='lat' dir='ltr'><strong>et</strong></span> <span class='ocrx_word' id='word_1_217' title='bbox 1069 2452 1464 2528; x_wconf 88' lang='lat' dir='ltr'><strong>jactantiam</strong></span> <span class='ocrx_word' id='word_1_218' title='bbox 1503 2453 1777 2528; x_wconf 83' lang='lat' dir='ltr'><strong>fugiam.</strong></span> 
     </span>
    </p>

    <p class='ocr_par' dir='ltr' id='par_1_6' title="bbox 636 2555 3735 3244">
     <span class='ocr_line' id='line_1_21' title="bbox 727 2555 3733 2634; baseline 0 -19"><span class='ocrx_word' id='word_1_219' title='bbox 727 2556 806 2615; x_wconf 87' lang='lat' dir='ltr'><strong>Et</strong></span> <span class='ocrx_word' id='word_1_220' title='bbox 857 2558 986 2633; x_wconf 80' lang='lat' dir='ltr'><strong>ipsi</strong></span> <span class='ocrx_word' id='word_1_221' title='bbox 1019 2573 1152 2616; x_wconf 83' lang='lat' dir='ltr'><strong>non</strong></span> <span class='ocrx_word' id='word_1_222' title='bbox 1186 2557 1595 2616; x_wconf 79' lang='lat' dir='ltr'><strong>intelleaeunt</strong></span> <span class='ocrx_word' id='word_1_223' title='bbox 1645 2555 1913 2615; x_wconf 83' lang='lat' dir='ltr'><strong>verbum</strong></span> <span class='ocrx_word' id='word_1_224' title='bbox 1962 2556 2135 2634; x_wconf 83' lang='lat' dir='ltr'><strong>quod</strong></span> <span class='ocrx_word' id='word_1_225' title='bbox 2167 2558 2421 2616; x_wconf 85' lang='lat' dir='ltr'><strong>locutus</strong></span> <span class='ocrx_word' id='word_1_226' title='bbox 2455 2561 2550 2615; x_wconf 84' lang='lat' dir='ltr'><strong>est</strong></span> <span class='ocrx_word' id='word_1_227' title='bbox 2582 2556 2739 2629; x_wconf 78' lang='lat' dir='ltr'><strong>iltis,</strong></span> <span class='ocrx_word' id='word_1_228' title='bbox 2778 2556 2934 2631; x_wconf 89' lang='lat' dir='ltr'><strong>quia</strong></span> <span class='ocrx_word' id='word_1_229' title='bbox 2960 2555 3297 2630; x_wconf 87' lang='lat' dir='ltr'><strong>nolebant,</strong></span> <span class='ocrx_word' id='word_1_230' title='bbox 3329 2556 3423 2615; x_wconf 86' lang='lat' dir='ltr'><strong>ita</strong></span> <span class='ocrx_word' id='word_1_231' title='bbox 3448 2562 3524 2616; x_wconf 87' lang='lat' dir='ltr'><strong>ut</strong></span> <span class='ocrx_word' id='word_1_232' title='bbox 3558 2570 3635 2615; x_wconf 85' lang='lat' dir='ltr'><strong>se</strong></span> <span class='ocrx_word' id='word_1_233' title='bbox 3670 2555 3733 2615; x_wconf 90' lang='lat' dir='ltr'><strong>in</strong></span> 
     </span>
     <span class='ocr_line' id='line_1_22' title="bbox 638 2653 3728 2737; baseline -0 -19"><span class='ocrx_word' id='word_1_234' title='bbox 638 2666 889 2719; x_wconf 89' lang='lat' dir='ltr'><strong>terram</strong></span> <span class='ocrx_word' id='word_1_235' title='bbox 922 2659 1262 2736; x_wconf 88' lang='lat' dir='ltr'><strong>dejiceret,</strong></span> <span class='ocrx_word' id='word_1_236' title='bbox 1299 2666 1367 2719; x_wconf 90' lang='lat' dir='ltr'><strong>et</strong></span> <span class='ocrx_word' id='word_1_237' title='bbox 1400 2659 1571 2719; x_wconf 90' lang='lat' dir='ltr'><strong>bona</strong></span> <span class='ocrx_word' id='word_1_238' title='bbox 1606 2676 1809 2736; x_wconf 90' lang='lat' dir='ltr'><strong>opera</strong></span> <span class='ocrx_word' id='word_1_239' title='bbox 1842 2677 1963 2719; x_wconf 87' lang='lat' dir='ltr'><strong>sua</strong></span> <span class='ocrx_word' id='word_1_240' title='bbox 1993 2661 2085 2720; x_wconf 87' lang='lat' dir='ltr'><strong>ita</strong></span> <span class='ocrx_word' id='word_1_241' title='bbox 2112 2661 2504 2735; x_wconf 88' lang='lat' dir='ltr'><strong>occultaret,</strong></span> <span class='ocrx_word' id='word_1_242' title='bbox 2543 2675 2623 2718; x_wconf 92' lang='lat' dir='ltr'><strong>ne</strong></span> <span class='ocrx_word' id='word_1_243' title='bbox 2657 2659 2773 2718; x_wconf 91' lang='lat' dir='ltr'><strong>alii</strong></span> <span class='ocrx_word' id='word_1_244' title='bbox 2807 2660 2873 2718; x_wconf 92' lang='lat' dir='ltr'><strong>in</strong></span> <span class='ocrx_word' id='word_1_245' title='bbox 2910 2659 3084 2717; x_wconf 91' lang='lat' dir='ltr'><strong>idem</strong></span> <span class='ocrx_word' id='word_1_246' title='bbox 3106 2653 3156 2737; x_wconf 80' lang='lat'><strong>³)</strong></span> <span class='ocrx_word' id='word_1_247' title='bbox 3194 2659 3728 2731; x_wconf 85' lang='lat' dir='ltr'><strong>aedificarentur,</strong></span> 
     </span>
     <span class='ocr_line' id='line_1_23' title="bbox 636 2763 3735 2838; baseline 0 -16"><span class='ocrx_word' id='word_1_248' title='bbox 636 2764 754 2825; x_wconf 87' lang='lat' dir='ltr'><strong>sed</strong></span> <span class='ocrx_word' id='word_1_249' title='bbox 793 2771 862 2824; x_wconf 88' lang='lat' dir='ltr'><strong>ut</strong></span> <span class='ocrx_word' id='word_1_250' title='bbox 909 2764 1354 2825; x_wconf 89' lang='lat' dir='ltr'><strong>humilitatem</strong></span> <span class='ocrx_word' id='word_1_251' title='bbox 1390 2770 1455 2824; x_wconf 91' lang='lat' dir='ltr'><strong>et</strong></span> <span class='ocrx_word' id='word_1_252' title='bbox 1506 2766 1817 2824; x_wconf 88' lang='lat' dir='ltr'><strong>timorem</strong></span> <span class='ocrx_word' id='word_1_253' title='bbox 1854 2764 1920 2823; x_wconf 92' lang='lat' dir='ltr'><strong>in</strong></span> <span class='ocrx_word' id='word_1_254' title='bbox 1966 2766 2066 2824; x_wconf 89' lang='lat' dir='ltr'><strong>eis</strong></span> <span class='ocrx_word' id='word_1_255' title='bbox 2101 2765 2402 2838; x_wconf 88' lang='lat' dir='ltr'><strong>haberet,</strong></span> <span class='ocrx_word' id='word_1_256' title='bbox 2457 2764 2573 2824; x_wconf 89' lang='lat' dir='ltr'><strong>sed</strong></span> <span class='ocrx_word' id='word_1_257' title='bbox 2608 2770 2831 2823; x_wconf 89' lang='lat' dir='ltr'><strong>tamen</strong></span> <span class='ocrx_word' id='word_1_258' title='bbox 2864 2780 3017 2823; x_wconf 89' lang='lat' dir='ltr'><strong>cum</strong></span> <span class='ocrx_word' id='word_1_259' title='bbox 3065 2763 3472 2824; x_wconf 87' lang='lat' dir='ltr'><strong>discretione</strong></span> <span class='ocrx_word' id='word_1_260' title='bbox 3522 2780 3605 2824; x_wconf 87' lang='lat' dir='ltr'><strong>ea</strong></span> <span class='ocrx_word' id='word_1_261' title='bbox 3639 2763 3735 2823; x_wconf 91' lang='lat' dir='ltr'><strong>lu-</strong></span> 
     </span>
     <span class='ocr_line' id='line_1_24' title="bbox 636 2868 3727 2946; baseline -0.001 -17"><span class='ocrx_word' id='word_1_262' title='bbox 636 2886 789 2929; x_wconf 90' lang='lat' dir='ltr'><strong>cere</strong></span> <span class='ocrx_word' id='word_1_263' title='bbox 825 2869 1268 2946; x_wconf 87' lang='lat' dir='ltr'><strong>permitteret,</strong></span> <span class='ocrx_word' id='word_1_264' title='bbox 1314 2871 1510 2946; x_wconf 86' lang='lat' dir='ltr'><strong>quasi</strong></span> <span class='ocrx_word' id='word_1_265' title='bbox 1543 2869 1864 2929; x_wconf 83' lang='lat' dir='ltr'><strong>dicerent:</strong></span> <span class='ocrx_word' id='word_1_266' title='bbox 1925 2888 1957 2927; x_wconf 62' lang='lat' dir='ltr'><strong>a</strong></span> <span class='ocrx_word' id='word_1_267' title='bbox 1987 2869 2168 2944; x_wconf 92' lang='lat' dir='ltr'><strong>Opus</strong></span> <span class='ocrx_word' id='word_1_268' title='bbox 2201 2875 2509 2928; x_wconf 86' lang='lat' dir='ltr'><strong>nostrum</strong></span> <span class='ocrx_word' id='word_1_269' title='bbox 2543 2873 2849 2944; x_wconf 84' lang='lat' dir='ltr'><strong>apertum</strong></span> <span class='ocrx_word' id='word_1_270' title='bbox 2883 2873 3012 2943; x_wconf 89' lang='lat' dir='ltr'><strong>est,</strong></span> <span class='ocrx_word' id='word_1_271' title='bbox 3049 2874 3117 2928; x_wconf 90' lang='lat' dir='ltr'><strong>et</strong></span> <span class='ocrx_word' id='word_1_272' title='bbox 3164 2884 3295 2927; x_wconf 89' lang='lat' dir='ltr'><strong>non</strong></span> <span class='ocrx_word' id='word_1_273' title='bbox 3342 2868 3727 2928; x_wconf 61' lang='lat' dir='ltr'><strong>cecidimus</strong></span> 
     </span>
     <span class='ocr_line' id='line_1_25' title="bbox 637 2957 3730 3048; baseline -0.001 -16"><span class='ocrx_word' id='word_1_274' title='bbox 637 2974 744 3033; x_wconf 89' lang='lat' dir='ltr'><strong>Sic</strong></span> <span class='ocrx_word' id='word_1_275' title='bbox 777 2974 983 3032; x_wconf 86' lang='lat' dir='ltr'><strong>etiam</strong></span> <span class='ocrx_word' id='word_1_276' title='bbox 1024 2973 1360 3047; x_wconf 79' lang='lat' dir='ltr'><strong>volumuS,</strong></span> <span class='ocrx_word' id='word_1_277' title='bbox 1413 2975 1485 3033; x_wconf 90' lang='lat' dir='ltr'><strong>ut</strong></span> <span class='ocrx_word' id='word_1_278' title='bbox 1517 2978 1590 3031; x_wconf 88' lang='lat' dir='ltr'><strong>tu</strong></span> <span class='ocrx_word' id='word_1_279' title='bbox 1627 2972 1857 3045; x_wconf 80' lang='lat' dir='ltr'><strong>faciaS,</strong></span> <span class='ocrx_word' id='word_1_280' title='bbox 1910 2957 1976 3032; x_wconf 88' lang='lat' dir='ltr'><strong>et</strong></span> <span class='ocrx_word' id='word_1_281' title='bbox 2010 2989 2142 3032; x_wconf 89' lang='lat' dir='ltr'><strong>non</strong></span> <span class='ocrx_word' id='word_1_282' title='bbox 2187 2973 2478 3046; x_wconf 86' lang='lat' dir='ltr'><strong>dubites;</strong></span> <span class='ocrx_word' id='word_1_283' title='bbox 2515 2972 2830 3048; x_wconf 86' lang='lat' dir='ltr'><strong>quoniam</strong></span> <span class='ocrx_word' id='word_1_284' title='bbox 2877 2970 3075 3031; x_wconf 89' lang='lat' dir='ltr'><strong>homo</strong></span> <span class='ocrx_word' id='word_1_285' title='bbox 3113 2970 3473 3047; x_wconf 87' lang='lat' dir='ltr'><strong>aliquando</strong></span> <span class='ocrx_word' id='word_1_286' title='bbox 3526 2987 3730 3048; x_wconf 88' lang='lat' dir='ltr'><strong>supra</strong></span> 
     </span>
     <span class='ocr_line' id='line_1_26' title="bbox 637 3070 3725 3154; baseline 0 -17"><span class='ocrx_word' id='word_1_287' title='bbox 637 3078 908 3139; x_wconf 90' lang='lat' dir='ltr'><strong>modum</strong></span> <span class='ocrx_word' id='word_1_288' title='bbox 939 3077 1021 3138; x_wconf 88' lang='lat' dir='ltr'><strong>de</strong></span> <span class='ocrx_word' id='word_1_289' title='bbox 1055 3077 1274 3152; x_wconf 87' lang='lat' dir='ltr'><strong>gratia</strong></span> <span class='ocrx_word' id='word_1_290' title='bbox 1309 3076 1427 3136; x_wconf 91' lang='lat' dir='ltr'><strong>Dei</strong></span> <span class='ocrx_word' id='word_1_291' title='bbox 1461 3077 1727 3153; x_wconf 82' lang='lat' dir='ltr'><strong>diffidit,</strong></span> <span class='ocrx_word' id='word_1_292' title='bbox 1781 3077 1875 3137; x_wconf 89' lang='lat' dir='ltr'><strong>ita</strong></span> <span class='ocrx_word' id='word_1_293' title='bbox 1913 3082 1986 3136; x_wconf 91' lang='lat' dir='ltr'><strong>ut</strong></span> <span class='ocrx_word' id='word_1_294' title='bbox 2020 3077 2268 3136; x_wconf 90' lang='lat' dir='ltr'><strong>donum</strong></span> <span class='ocrx_word' id='word_1_295' title='bbox 2317 3075 2437 3136; x_wconf 89' lang='lat' dir='ltr'><strong>Dei</strong></span> <span class='ocrx_word' id='word_1_296' title='bbox 2471 3078 2537 3136; x_wconf 91' lang='lat' dir='ltr'><strong>in</strong></span> <span class='ocrx_word' id='word_1_297' title='bbox 2570 3092 2643 3136; x_wconf 92' lang='lat' dir='ltr'><strong>se</strong></span> <span class='ocrx_word' id='word_1_298' title='bbox 2677 3076 3068 3150; x_wconf 88' lang='lat' dir='ltr'><strong>abscondat,</strong></span> <span class='ocrx_word' id='word_1_299' title='bbox 3120 3082 3189 3136; x_wconf 89' lang='lat' dir='ltr'><strong>et</strong></span> <span class='ocrx_word' id='word_1_300' title='bbox 3221 3077 3423 3136; x_wconf 89' lang='lat' dir='ltr'><strong>nimis</strong></span> <span class='ocrx_word' id='word_1_301' title='bbox 3450 3078 3649 3153; x_wconf 88' lang='lat' dir='ltr'><strong>celet,</strong></span> <span class='ocrx_word' id='word_1_302' title='bbox 3681 3070 3725 3154; x_wconf 83' lang='lat'><strong>⁴)</strong></span> 
     </span>
     <span class='ocr_line' id='line_1_27' title="bbox 636 3181 1528 3244; baseline -0.003 -2"><span class='ocrx_word' id='word_1_303' title='bbox 636 3191 705 3242; x_wconf 92' lang='lat' dir='ltr'><strong>et</strong></span> <span class='ocrx_word' id='word_1_304' title='bbox 739 3183 866 3244; x_wconf 87' lang='lat' dir='ltr'><strong>hoc</strong></span> <span class='ocrx_word' id='word_1_305' title='bbox 899 3181 1076 3242; x_wconf 87' lang='lat' dir='ltr'><strong>Deus</strong></span> <span class='ocrx_word' id='word_1_306' title='bbox 1110 3199 1241 3242; x_wconf 90' lang='lat' dir='ltr'><strong>non</strong></span> <span class='ocrx_word' id='word_1_307' title='bbox 1274 3183 1439 3242; x_wconf 87' lang='lat' dir='ltr'><strong>vult.</strong></span> <span class='ocrx_word' id='word_1_308' title='bbox 1496 3199 1528 3239; x_wconf 71' lang='lat'><strong>2&gt;</strong></span> 
     </span>
    </p>

    <p class='ocr_par' dir='ltr' id='par_1_7' title="bbox 636 3284 3775 3675">
     <span class='ocr_line' id='line_1_28' title="bbox 729 3284 3723 3368; baseline 0 -22"><span class='ocrx_word' id='word_1_309' title='bbox 729 3288 808 3347; x_wconf 88' lang='lat' dir='ltr'><strong>Et</strong></span> <span class='ocrx_word' id='word_1_310' title='bbox 859 3287 1195 3346; x_wconf 82' lang='lat' dir='ltr'><strong>descendit</strong></span> <span class='ocrx_word' id='word_1_311' title='bbox 1232 3305 1381 3346; x_wconf 82' lang='lat' dir='ltr'><strong>cum</strong></span> <span class='ocrx_word' id='word_1_312' title='bbox 1429 3288 1546 3359; x_wconf 72' lang='lat' dir='ltr'><strong>eie,</strong></span> <span class='ocrx_word' id='word_1_313' title='bbox 1584 3285 1699 3344; x_wconf 92' lang='lat' dir='ltr'><strong>ubi</strong></span> <span class='ocrx_word' id='word_1_314' title='bbox 1749 3284 1946 3345; x_wconf 93' lang='lat' dir='ltr'><strong>homo</strong></span> <span class='ocrx_word' id='word_1_315' title='bbox 1997 3286 2409 3346; x_wconf 88' lang='lat' dir='ltr'><strong>voluntatem</strong></span> <span class='ocrx_word' id='word_1_316' title='bbox 2461 3302 2649 3368; x_wconf 88' lang='lat' dir='ltr'><strong>suam</strong></span> <span class='ocrx_word' id='word_1_317' title='bbox 2702 3285 2974 3358; x_wconf 89' lang='lat' dir='ltr'><strong>deserit,</strong></span> <span class='ocrx_word' id='word_1_318' title='bbox 3027 3291 3091 3344; x_wconf 86' lang='lat' dir='ltr'><strong>et</strong></span> <span class='ocrx_word' id='word_1_319' title='bbox 3139 3288 3316 3344; x_wconf 80' lang='lat' dir='ltr'><strong>venit</strong></span> <span class='ocrx_word' id='word_1_320' title='bbox 3369 3286 3723 3357; x_wconf 78' lang='lat' dir='ltr'><strong>Nazareth,</strong></span> 
     </span>
     <span class='ocr_line' id='line_1_29' title="bbox 636 3390 3775 3467; baseline -0.001 -15"><span class='ocrx_word' id='word_1_321' title='bbox 636 3394 897 3452; x_wconf 89' lang='lat' dir='ltr'><strong>scilicet</strong></span> <span class='ocrx_word' id='word_1_322' title='bbox 945 3409 1097 3452; x_wconf 90' lang='lat' dir='ltr'><strong>cum</strong></span> <span class='ocrx_word' id='word_1_323' title='bbox 1133 3391 1318 3451; x_wconf 85' lang='lat' dir='ltr'><strong>vadit</strong></span> <span class='ocrx_word' id='word_1_324' title='bbox 1369 3393 1434 3451; x_wconf 91' lang='lat' dir='ltr'><strong>in</strong></span> <span class='ocrx_word' id='word_1_325' title='bbox 1468 3398 1699 3467; x_wconf 88' lang='lat' dir='ltr'><strong>aperta</strong></span> <span class='ocrx_word' id='word_1_326' title='bbox 1734 3392 1906 3451; x_wconf 89' lang='lat' dir='ltr'><strong>bona</strong></span> <span class='ocrx_word' id='word_1_327' title='bbox 1956 3407 2183 3467; x_wconf 87' lang='lat' dir='ltr'><strong>opera;</strong></span> <span class='ocrx_word' id='word_1_328' title='bbox 2236 3397 2298 3450; x_wconf 86' lang='lat' dir='ltr'><strong>et</strong></span> <span class='ocrx_word' id='word_1_329' title='bbox 2333 3397 2476 3451; x_wconf 84' lang='lat' dir='ltr'><strong>erat</strong></span> <span class='ocrx_word' id='word_1_330' title='bbox 2527 3390 2825 3451; x_wconf 81' lang='lat' dir='ltr'><strong>subditus</strong></span> <span class='ocrx_word' id='word_1_331' title='bbox 2876 3391 3038 3465; x_wconf 79' lang='lat' dir='ltr'><strong>illis,</strong></span> <span class='ocrx_word' id='word_1_332' title='bbox 3091 3391 3159 3450; x_wconf 90' lang='lat' dir='ltr'><strong>in</strong></span> <span class='ocrx_word' id='word_1_333' title='bbox 3193 3407 3432 3467; x_wconf 81' lang='lat' dir='ltr'><strong>magno</strong></span> <span class='ocrx_word' id='word_1_334' title='bbox 3482 3393 3723 3455; x_wconf 88' lang='lat' dir='ltr'><strong>timore</strong></span> <span class='ocrx_word' id='word_1_335' title='bbox 3763 3403 3775 3415; x_wconf 87' lang='lat'><strong>·</strong></span> 
     </span>
     <span class='ocr_line' id='line_1_30' title="bbox 641 3492 3725 3571; baseline -0.001 -16"><span class='ocrx_word' id='word_1_336' title='bbox 641 3496 1006 3570; x_wconf 71' lang='lat' dir='ltr'><strong>subjectus».</strong></span> <span class='ocrx_word' id='word_1_337' title='bbox 1044 3495 1128 3555; x_wconf 87' lang='lat' dir='ltr'><strong>Et</strong></span> <span class='ocrx_word' id='word_1_338' title='bbox 1170 3503 1383 3553; x_wconf 82' lang='lat' dir='ltr'><strong>mater</strong></span> <span class='ocrx_word' id='word_1_339' title='bbox 1416 3492 1582 3568; x_wconf 80' lang='lat' dir='ltr'><strong>ejuS,</strong></span> <span class='ocrx_word' id='word_1_340' title='bbox 1636 3494 1700 3553; x_wconf 91' lang='lat' dir='ltr'><strong>id</strong></span> <span class='ocrx_word' id='word_1_341' title='bbox 1735 3502 1839 3553; x_wconf 88' lang='lat' dir='ltr'><strong>est</strong></span> <span class='ocrx_word' id='word_1_342' title='bbox 1873 3496 2226 3571; x_wconf 85' lang='lat' dir='ltr'><strong>sapientia,</strong></span> <span class='ocrx_word' id='word_1_343' title='bbox 2276 3493 2690 3555; x_wconf 79' lang='lat' dir='ltr'><strong>conservabat</strong></span> <span class='ocrx_word' id='word_1_344' title='bbox 2740 3497 2964 3555; x_wconf 83' lang='lat' dir='ltr'><strong>omnia</strong></span> <span class='ocrx_word' id='word_1_345' title='bbox 3008 3493 3201 3554; x_wconf 85' lang='lat' dir='ltr'><strong>verba</strong></span> <span class='ocrx_word' id='word_1_346' title='bbox 3230 3498 3411 3571; x_wconf 81' lang='lat' dir='ltr'><strong>haec,</strong></span> <span class='ocrx_word' id='word_1_347' title='bbox 3466 3496 3725 3556; x_wconf 84' lang='lat' dir='ltr'><strong>scilicet</strong></span> 
     </span>
     <span class='ocr_line' id='line_1_31' title="bbox 639 3597 3435 3675; baseline 0.001 -16"><span class='ocrx_word' id='word_1_348' title='bbox 639 3601 976 3672; x_wconf 87' lang='lat' dir='ltr'><strong>timorem,</strong></span> <span class='ocrx_word' id='word_1_349' title='bbox 1013 3599 1395 3672; x_wconf 88' lang='lat' dir='ltr'><strong>angustiam</strong></span> <span class='ocrx_word' id='word_1_350' title='bbox 1427 3604 1495 3658; x_wconf 87' lang='lat' dir='ltr'><strong>et</strong></span> <span class='ocrx_word' id='word_1_351' title='bbox 1528 3597 1998 3673; x_wconf 89' lang='lat' dir='ltr'><strong>obedientiam,</strong></span> <span class='ocrx_word' id='word_1_352' title='bbox 2036 3602 2110 3658; x_wconf 82' lang='lat' dir='ltr'><strong>in</strong></span> <span class='ocrx_word' id='word_1_353' title='bbox 2144 3600 2335 3660; x_wconf 83' lang='lat' dir='ltr'><strong>eorde</strong></span> <span class='ocrx_word' id='word_1_354' title='bbox 2369 3618 2503 3675; x_wconf 77' lang='lat' dir='ltr'><strong>sue,</strong></span> <span class='ocrx_word' id='word_1_355' title='bbox 2546 3599 2806 3659; x_wconf 88' lang='lat' dir='ltr'><strong>scilicet</strong></span> <span class='ocrx_word' id='word_1_356' title='bbox 2840 3600 2906 3658; x_wconf 91' lang='lat' dir='ltr'><strong>in</strong></span> <span class='ocrx_word' id='word_1_357' title='bbox 2935 3600 3259 3659; x_wconf 89' lang='lat' dir='ltr'><strong>memoria</strong></span> <span class='ocrx_word' id='word_1_358' title='bbox 3292 3617 3435 3661; x_wconf 90' lang='lat' dir='ltr'><strong>sua.</strong></span> 
     </span>
    </p>

    <p class='ocr_par' dir='ltr' id='par_1_8' title="bbox 638 3701 3728 4098">
     <span class='ocr_line' id='line_1_32' title="bbox 729 3701 3728 3786; baseline 0.001 -22"><span class='ocrx_word' id='word_1_359' title='bbox 729 3705 810 3764; x_wconf 88' lang='lat' dir='ltr'><strong>Et</strong></span> <span class='ocrx_word' id='word_1_360' title='bbox 846 3702 1037 3765; x_wconf 83' lang='lat' dir='ltr'><strong>Jesus</strong></span> <span class='ocrx_word' id='word_1_361' title='bbox 1066 3701 1442 3786; x_wconf 82' lang='lat' dir='ltr'><strong>proficiebat</strong></span> <span class='ocrx_word' id='word_1_362' title='bbox 1493 3706 1843 3779; x_wconf 79' lang='lat' dir='ltr'><strong>sapientia,</strong></span> <span class='ocrx_word' id='word_1_363' title='bbox 1895 3704 2211 3763; x_wconf 86' lang='lat' dir='ltr'><strong>videlicet</strong></span> <span class='ocrx_word' id='word_1_364' title='bbox 2244 3705 2310 3763; x_wconf 88' lang='lat' dir='ltr'><strong>iu</strong></span> <span class='ocrx_word' id='word_1_365' title='bbox 2343 3704 2769 3764; x_wconf 88' lang='lat' dir='ltr'><strong>multitudine</strong></span> <span class='ocrx_word' id='word_1_366' title='bbox 2814 3704 3140 3765; x_wconf 88' lang='lat' dir='ltr'><strong>bonorum</strong></span> <span class='ocrx_word' id='word_1_367' title='bbox 3173 3722 3471 3782; x_wconf 89' lang='lat' dir='ltr'><strong>operum,</strong></span> <span class='ocrx_word' id='word_1_368' title='bbox 3524 3715 3592 3767; x_wconf 86' lang='lat' dir='ltr'><strong>et</strong></span> <span class='ocrx_word' id='word_1_369' title='bbox 3624 3726 3728 3766; x_wconf 87' lang='lat' dir='ltr'><strong>ae-</strong></span> 
     </span>
     <span class='ocr_line' id='line_1_33' title="bbox 638 3805 3722 3887; baseline 0.001 -20"><span class='ocrx_word' id='word_1_370' title='bbox 638 3815 796 3882; x_wconf 85' lang='lat' dir='ltr'><strong>tate,</strong></span> <span class='ocrx_word' id='word_1_371' title='bbox 832 3807 990 3882; x_wconf 86' lang='lat' dir='ltr'><strong>quia</strong></span> <span class='ocrx_word' id='word_1_372' title='bbox 1025 3808 1090 3865; x_wconf 89' lang='lat' dir='ltr'><strong>in</strong></span> <span class='ocrx_word' id='word_1_373' title='bbox 1124 3805 1330 3882; x_wconf 87' lang='lat' dir='ltr'><strong>justis</strong></span> <span class='ocrx_word' id='word_1_374' title='bbox 1363 3808 1679 3882; x_wconf 88' lang='lat' dir='ltr'><strong>operibus</strong></span> <span class='ocrx_word' id='word_1_375' title='bbox 1729 3808 1995 3868; x_wconf 87' lang='lat' dir='ltr'><strong>stabilis</strong></span> <span class='ocrx_word' id='word_1_376' title='bbox 2029 3816 2197 3884; x_wconf 90' lang='lat' dir='ltr'><strong>erat,</strong></span> <span class='ocrx_word' id='word_1_377' title='bbox 2234 3815 2297 3868; x_wconf 83' lang='lat' dir='ltr'><strong>et</strong></span> <span class='ocrx_word' id='word_1_378' title='bbox 2345 3811 2582 3887; x_wconf 77' lang='lat' dir='ltr'><strong>qratia,</strong></span> <span class='ocrx_word' id='word_1_379' title='bbox 2620 3810 2880 3870; x_wconf 89' lang='lat' dir='ltr'><strong>scilicet</strong></span> <span class='ocrx_word' id='word_1_380' title='bbox 2929 3811 2994 3870; x_wconf 91' lang='lat' dir='ltr'><strong>in</strong></span> <span class='ocrx_word' id='word_1_381' title='bbox 3036 3811 3446 3886; x_wconf 86' lang='lat' dir='ltr'><strong>plenitudine</strong></span> <span class='ocrx_word' id='word_1_382' title='bbox 3492 3826 3722 3871; x_wconf 86' lang='lat' dir='ltr'><strong>eorum</strong></span> 
     </span>
     <span class='ocr_line' id='line_1_34' title="bbox 639 3913 3721 3995; baseline -0.001 -18"><span class='ocrx_word' id='word_1_383' title='bbox 639 3918 819 3995; x_wconf 82' lang='lat' dir='ltr'><strong>apud</strong></span> <span class='ocrx_word' id='word_1_384' title='bbox 854 3916 1088 3990; x_wconf 84' lang='lat' dir='ltr'><strong>Deum,</strong></span> <span class='ocrx_word' id='word_1_385' title='bbox 1141 3915 1299 3990; x_wconf 90' lang='lat' dir='ltr'><strong>quia</strong></span> <span class='ocrx_word' id='word_1_386' title='bbox 1335 3914 1399 3973; x_wconf 89' lang='lat' dir='ltr'><strong>in</strong></span> <span class='ocrx_word' id='word_1_387' title='bbox 1449 3920 1709 3974; x_wconf 90' lang='lat' dir='ltr'><strong>secreto</strong></span> <span class='ocrx_word' id='word_1_388' title='bbox 1759 3914 1984 3974; x_wconf 91' lang='lat' dir='ltr'><strong>cordis</strong></span> <span class='ocrx_word' id='word_1_389' title='bbox 2035 3915 2141 3974; x_wconf 90' lang='lat' dir='ltr'><strong>sui</strong></span> <span class='ocrx_word' id='word_1_390' title='bbox 2181 3915 2394 3975; x_wconf 90' lang='lat' dir='ltr'><strong>bonus</strong></span> <span class='ocrx_word' id='word_1_391' title='bbox 2427 3920 2533 3974; x_wconf 88' lang='lat' dir='ltr'><strong>est</strong></span> <span class='ocrx_word' id='word_1_392' title='bbox 2580 3931 2807 3975; x_wconf 88' lang='lat' dir='ltr'><strong>coram</strong></span> <span class='ocrx_word' id='word_1_393' title='bbox 2854 3913 2988 3975; x_wconf 90' lang='lat' dir='ltr'><strong>Deo</strong></span> <span class='ocrx_word' id='word_1_394' title='bbox 3022 3922 3085 3975; x_wconf 87' lang='lat' dir='ltr'><strong>et</strong></span> <span class='ocrx_word' id='word_1_395' title='bbox 3132 3915 3521 3990; x_wconf 74' lang='lat' dir='ltr'><strong>hominibus,</strong></span> <span class='ocrx_word' id='word_1_396' title='bbox 3575 3930 3721 3976; x_wconf 89' lang='lat' dir='ltr'><strong>cum</strong></span> 
     </span>
     <span class='ocr_line' id='line_1_35' title="bbox 639 4019 2357 4098; baseline -0.001 -17"><span class='ocrx_word' id='word_1_397' title='bbox 639 4022 860 4098; x_wconf 88' lang='lat' dir='ltr'><strong>palam</strong></span> <span class='ocrx_word' id='word_1_398' title='bbox 896 4036 1045 4080; x_wconf 90' lang='lat' dir='ltr'><strong>curn</strong></span> <span class='ocrx_word' id='word_1_399' title='bbox 1081 4021 1179 4079; x_wconf 90' lang='lat' dir='ltr'><strong>eis</strong></span> <span class='ocrx_word' id='word_1_400' title='bbox 1217 4020 1279 4078; x_wconf 91' lang='lat' dir='ltr'><strong>in</strong></span> <span class='ocrx_word' id='word_1_401' title='bbox 1316 4019 1508 4078; x_wconf 92' lang='lat' dir='ltr'><strong>bonis</strong></span> <span class='ocrx_word' id='word_1_402' title='bbox 1544 4019 1861 4096; x_wconf 90' lang='lat' dir='ltr'><strong>operibus</strong></span> <span class='ocrx_word' id='word_1_403' title='bbox 1897 4025 2357 4080; x_wconf 88' lang='lat' dir='ltr'><strong>conversatur.</strong></span> 
     </span>
    </p>
   </div>
   <div class='ocr_carea' id='block_1_3' title="bbox 652 4251 2697 4408">
    <p class='ocr_par' dir='ltr' id='par_1_9' title="bbox 652 4251 2697 4408">
     <span class='ocr_line' id='line_1_36' title="bbox 719 4251 2697 4319; baseline -0.002 -8"><span class='ocrx_word' id='word_1_404' title='bbox 719 4255 759 4316; x_wconf 90' lang='lat'><strong>¹)</strong></span> <span class='ocrx_word' id='word_1_405' title='bbox 788 4255 874 4311; x_wconf 84' lang='lat' dir='ltr'><strong>Ps.</strong></span> <span class='ocrx_word' id='word_1_406' title='bbox 907 4253 1068 4317; x_wconf 82' lang='lat' dir='ltr'><strong>CXL.</strong></span> <span class='ocrx_word' id='word_1_407' title='bbox 1099 4259 1150 4309; x_wconf 80' lang='lat'><strong>2.</strong></span> <span class='ocrx_word' id='word_1_408' title='bbox 1187 4285 1243 4294; x_wconf 89' lang='lat'><strong>—</strong></span> <span class='ocrx_word' id='word_1_409' title='bbox 1275 4256 1322 4319; x_wconf 67' lang='grc'><strong>2)</strong></span> <span class='ocrx_word' id='word_1_410' title='bbox 1349 4257 1411 4310; x_wconf 75' lang='lat' dir='ltr'><strong>id</strong></span> <span class='ocrx_word' id='word_1_411' title='bbox 1445 4261 1521 4311; x_wconf 72' lang='lat' dir='ltr'><strong>eet</strong></span> <span class='ocrx_word' id='word_1_412' title='bbox 1557 4259 1737 4311; x_wconf 78' lang='lat' dir='ltr'><strong>oritur</strong></span> <span class='ocrx_word' id='word_1_413' title='bbox 1763 4252 1883 4310; x_wconf 85' lang='lat' dir='ltr'><strong>cod.</strong></span> <span class='ocrx_word' id='word_1_414' title='bbox 1915 4284 1982 4293; x_wconf 88' lang='lat'>—</span> <span class='ocrx_word' id='word_1_415' title='bbox 2008 4253 2052 4317; x_wconf 83' lang='lat'><strong>⁸)</strong></span> <span class='ocrx_word' id='word_1_416' title='bbox 2080 4256 2142 4309; x_wconf 77' lang='lat' dir='ltr'><strong>id</strong></span> <span class='ocrx_word' id='word_1_417' title='bbox 2234 4253 2277 4318; x_wconf 82' lang='lat'><strong>⁴)</strong></span> <span class='ocrx_word' id='word_1_418' title='bbox 2314 4253 2451 4309; x_wconf 77' lang='lat' dir='ltr'><strong>celat</strong></span> <span class='ocrx_word' id='word_1_419' title='bbox 2477 4251 2599 4308; x_wconf 85' lang='lat' dir='ltr'><strong>cod.</strong></span> <span class='ocrx_word' id='word_1_420' title='bbox 2631 4283 2697 4291; x_wconf 89' lang='lat'>—</span> 
     </span>
     <span class='ocr_line' id='line_1_37' title="bbox 652 4323 2147 4408; baseline -0.003 -27"><span class='ocrx_word' id='word_1_421' title='bbox 652 4333 725 4381; x_wconf 77' lang='lat' dir='ltr'><strong>est</strong></span> <span class='ocrx_word' id='word_1_422' title='bbox 753 4324 957 4381; x_wconf 85' lang='lat' dir='ltr'><strong>iterum</strong></span> <span class='ocrx_word' id='word_1_423' title='bbox 985 4326 1105 4380; x_wconf 85' lang='lat' dir='ltr'><strong>cod.</strong></span> <span class='ocrx_word' id='word_1_424' title='bbox 1135 4324 1283 4395; x_wconf 87' lang='lat' dir='ltr'><strong>quod</strong></span> <span class='ocrx_word' id='word_1_425' title='bbox 1313 4340 1506 4408; x_wconf 80' lang='lat' dir='ltr'><strong>rursus</strong></span> <span class='ocrx_word' id='word_1_426' title='bbox 1527 4331 1778 4396; x_wconf 78' lang='lat' dir='ltr'><strong>utsupra</strong></span> <span class='ocrx_word' id='word_1_427' title='bbox 1805 4323 2059 4382; x_wconf 84' lang='lat' dir='ltr'><strong>emendo.</strong></span> <span class='ocrx_word' id='word_1_428' title='bbox 2083 4354 2147 4362; x_wconf 91' lang='lat'><strong>—-</strong></span> 
     </span>
    </p>
   </div>
  </div>
 </body>
</html>
