4036 6117
786 437 919 502 482
1936 455 1986 503 s,
2041 453 2611 505 menusanum.

713 596 788 639 ca
826 583 1159 639 terrarum
1208 577 1642 652 descendunt,
1679 584 1747 636 et
1796 577 1885 637 ibi
1922 585 2436 654 congregantur:
2488 580 2601 639 ubi
2638 578 2840 639 etiam
2892 577 3113 654 aliqua
3162 579 3445 639 flumina
3487 576 3799 652 oriuntur,

710 690 778 741 et
825 681 1144 757 effluunt,
1196 698 1368 758 quae
1419 683 1709 741 calorem
1759 684 1826 742 et
1875 682 2184 742 ardorem
2233 698 2312 742 ex
2360 683 2615 742 eisdem
2665 682 2933 758 ignibus
2982 682 3430 758 contrahunt3
3495 683 3589 743 ita
3641 681 3795 759 quod

704 787 907 848 etiam
936 786 1188 862 judicio
1223 786 1337 847 Dei
1374 785 1700 865 quaedam
1740 785 2000 845 animae
2037 787 2100 845 in
2138 786 2305 861 ipsis
2341 786 2607 861 ignibus
2642 792 2710 846 et
2746 788 2811 845 in
2861 785 3027 861 ipsis
3061 787 3257 862 aquis
3307 786 3785 858 examinantur3

708 896 776 950 et
825 890 1097 966 quidam
1149 890 1349 950 rivuli
1401 907 1478 950 ex
1527 890 1780 949 eisdem
1832 891 2029 965 aquis
2088 890 2445 966 aliquando
2507 891 2570 949 in
2626 890 2935 949 diversas
2994 892 3211 949 terras
3272 890 3445 949 inter
3502 889 3795 950 homiues

705 996 941 1070 fluunt,
995 996 1109 1071 qui
1161 1011 1428 1069 semper
1475 995 1676 1054 calidi
1726 1001 1918 1064 suut,
1969 996 2128 1070 quia
2163 996 2243 1054 de
2294 994 2916 1069 inextinguibilibus
2952 995 3215 1070 ignibus
3264 1000 3527 1054 exeunt.
3565 993 3690 1052 Sed
3734 999 3790 1052 et

702 1100 1029 1176 quaedam
1079 1106 1304 1175 partes
1344 1103 1673 1158 terrarum
1725 1104 1902 1170 sunt,
1943 1115 2149 1173 super
2196 1116 2366 1174 quas
2414 1099 2588 1158 Deus
2638 1099 2865 1158 divina
2916 1100 3164 1158 ultione
3212 1099 3577 1173 aliquando
3631 1099 3789 1172 ignis

701 1204 1050 1265 descendit
1093 1199 1274 1283 (sic),
1312 1208 1385 1262 ut
1435 1205 1755 1276 scripturn
1794 1212 1917 1263 est:
1965 1204 2150 1264 Fluit
2189 1223 2388 1280 super
2429 1222 2532 1262 eos
2568 1202 2872 1262 carbones
2905 1205 3104 1278 iynis,
3139 1210 3200 1259 et
3239 1205 3517 1278 spiritus
3545 1202 3787 1278 procel-

703 1312 923 1368 larum
953 1329 1112 1386 pars
1148 1310 1370 1370 calicis
1406 1327 1651 1369 eorum.
1684 1305 1729 1386 ¹)
1766 1310 1844 1369 Et
1879 1316 2058 1368 terra
2092 1315 2159 1368 et
2194 1314 2457 1367 montes
2489 1315 2554 1366 et
2589 1308 2849 1383 lapides
2882 1324 3055 1382 quos
3088 1308 3262 1381 ignis
3298 1308 3408 1367 ille
3444 1309 3693 1383 tetigit,
3729 1309 3784 1366 in

699 1415 851 1490 igne
899 1431 1165 1490 semper
1199 1414 1524 1473 ardebunt
1573 1428 1786 1488 usque
1820 1413 1901 1473 ad
1951 1412 2394 1472 novissimum
2430 1411 2629 1485 diem;
2682 1413 2881 1487 atque
2915 1412 2979 1471 in
3033 1412 3167 1470 illis
3203 1413 3370 1472 locis
3403 1412 3518 1488 qui
3556 1412 3659 1470 sic
3689 1426 3793 1469 ar«

699 1517 886 1586 dent,
942 1517 1141 1576 rivuli
1192 1518 1521 1576 interdum
1571 1517 1913 1588 oriuntur,
1967 1515 2080 1590 qui
2117 1514 2197 1573 de
2232 1514 2464 1573 eodem
2515 1516 2665 1589 igne
2715 1531 2979 1593 semper
3027 1516 3227 1575 calidi
3262 1522 3441 1589 sunt,
3492 1521 3561 1575 et
3593 1515 3788 1574 calidi

698 1622 927 1682 fluunt.
978 1622 1056 1681 Et
1090 1621 1395 1681 homines
1446 1621 1778 1681 interdum
1816 1626 1959 1678 arte
2010 1635 2133 1678 sua
2170 1618 2253 1677 ad
2301 1618 2530 1676 eadem
2568 1619 2712 1678 loca
2763 1621 3121 1696 aliquando
3154 1621 3482 1697 quosdam
3531 1621 3781 1680 rivulos

696 1725 1052 1799 ducebant,
1105 1732 1178 1785 ut
1211 1741 1289 1784 ex
1338 1725 1439 1784 eis
1473 1724 1874 1783 calefierent.
1925 1722 2047 1793 Qui
2085 1737 2202 1798 per
2248 1722 2477 1780 eadem
2515 1723 2662 1782 loca
2706 1723 3010 1797 fluentes
3046 1730 3115 1784 et
3148 1707 3454 1783 ardorem
3490 1724 3581 1783 ibi
3619 1724 3781 1782 acci·

698 1832 982 1906 pienteS‚
1032 1832 1271 1891 deinde
1307 1830 1507 1891 calidi
1556 1829 1939 1890 effluebant.
1974 1828 2054 1887 Et
2101 1842 2319 1903 aquae
2353 1828 2525 1886 istac
2574 1827 2878 1889 homines
2913 1829 3066 1888 illos
3115 1830 3229 1905 qui
3278 1828 3537 1888 balneis
3589 1831 3657 1888 in
3687 1829 3781 1887 eis

699 1943 999 2012 utuntur,
1038 1939 1371 1998 interdum
1419 1952 1549 1996 non
1597 1935 1905 2007 laedunt,
1967 1932 2086 1992 sed
2134 1933 2234 1990 eis
2269 1933 2624 1991 sanitatem
2674 1932 3063 2007 conferunt,
3115 1934 3272 2009 quia
3320 1934 3505 1993 calor
3550 1948 3777 1996 earum

696 2041 1013 2119 injustum
1047 2043 1356 2102 ardorem
1391 2042 1505 2119 qui
1542 2041 1607 2099 in
1641 2040 1777 2099 illis
1812 2044 1938 2112 est,
1977 2037 2368 2111 compescit,
2406 2043 2473 2096 et
2509 2038 2721 2096 malos
2756 2037 3074 2099 humores
3112 2039 3179 2098 in
3210 2040 3312 2098 eis
3345 2038 3703 2098 consumit.

763 2192 841 2247 De
867 2207 989 2247 asso
1013 2191 1238 2246 balneo,
2312 2179 2391 2234 De
2419 2179 2811 2251 conceptionis
2830 2180 3188 2237 diversitate.

691 2274 770 2332 De
795 2279 1086 2333 oculorum
1114 2273 1446 2330 diversitate
1470 2274 1536 2336 2).
1752 2281 1757 2285 ·
2309 2265 2542 2320 Rubeus
2568 2266 2799 2334 sanguis
2823 2281 3010 2324 sanus,

687 2363 768 2419 De
794 2364 999 2419 cerasis
1026 2368 1082 2418 et
1109 2361 1335 2433 crapula
1367 2358 1636 2429 ipsarum.
2310 2351 2496 2417 Quare
2523 2352 2787 2408 homines
2809 2354 3101 2409 dormiunt
3121 2360 3247 2425 post
3269 2351 3559 2424 potionem
3590 2359 3646 2407 et
3670 2351 3769 2409 mi.-

690 2449 975 2515 Quaedam
1000 2448 1068 2502 de
1094 2451 1391 2517 conceptu.
2421 2437 2751 2493 nutionem?

687 2535 767 2590 De
793 2534 1107 2590 elementis,
2313 2522 2518 2580 Contra
2547 2540 2802 2580 corruam
2827 2527 2893 2588 ⁸).

682 2619 933 2685 Quarum
974 2621 1263 2691 plagarum
1303 2617 1531 2678 herbae.
1568 2613 1779 2686 quibus
1824 2613 1982 2669 curis
2016 2628 2148 2669 con·
2314 2609 2392 2664 De
2422 2608 2668 2664 febrium
2696 2611 2885 2665 causis

797 2706 1047 2760 veniant.

775 2833 1167 2910 Expliciunt
1200 2832 1582 2907 prophetiae
1613 2835 1870 2886 sanctae
1913 2823 2353 2899 HildeyardiS.

861 2936 1146 3012 Explicit
1178 2935 1308 2994 iste
1344 2934 1529 2992 liber.
1566 2931 1860 3004 Scriptor
1896 2930 1982 2987 sit
2017 2926 2296 2985 crimine
2331 2926 2521 2986 liber.

772 3046 980 3106 Amen
1012 3042 1236 3101 dicant
1271 3040 1515 3099 omnia.

751 3251 794 3315 ί)
820 3250 911 3306 Ps.
944 3246 1019 3310 Χ.
1050 3252 1100 3303 7.
1133 3279 1199 3286 —
1225 3246 1269 3309 ²)
1302 3240 1613 3299 incidimus
1643 3237 1703 3295 in
1728 3233 1991 3293 addititia
2020 3232 2170 3308 capi·
2263 3243 2411 3300 rent.
2452 3245 2507 3295 et
2536 3241 2595 3298 hi
2635 3257 2830 3300 omnes
2855 3258 2984 3300 cum
3012 3242 3113 3298 5110
3153 3242 3211 3298 ῑῃ
3240 3242 3514 3297 mundum
3554 3241 3759 3298 machi.

684 3342 819 3395 tula.
868 3354 1013 3409 quae
1043 3336 1307 3391 videntur
1332 3331 1486 3388 curis
1525 3325 1938 3401 posterioribus
1984 3325 2171 3397 pullu·
2264 3330 2489 3381 uantur.
2509 3328 2616 3383 Sed
2638 3330 2703 3383 ad
2729 3329 3180 3397 magnitudinem
3205 3329 3363 3385 iliius
3383 3327 3657 3383 Diabolus
3672 3331 3755 3382 est

682 3427 839 3481 tasse.
885 3456 945 3464 -
987 3423 1034 3484 ³)
1073 3422 1223 3489 Quid
1262 3421 1377 3476 sere
1403 3416 1593 3476 simile
1618 3414 1844 3471 humori
1872 3412 1969 3483 qui
2002 3425 2169 3481 supra
2263 3410 2375 3466 sere
2406 3419 2592 3469 tautae
2621 3414 2978 3471 fortitudinis
3002 3420 3060 3471 et
3082 3413 3379 3487 potestatis
3399 3418 3456 3468 et
3480 3412 3753 3472 malitiae.

673 3511 889 3566 dicitur
934 3510 1161 3564 Corzza.
1212 3506 1423 3577 Incipit
1467 3504 1620 3560 enim
1664 3500 1999 3572 capitulum:
2046 3520 2066 3546 ι
2103 3497 2163 3552 Si
2258 3498 2407 3554 sicut
2434 3506 2491 3554 et
2526 3501 2622 3555 ille
2650 3509 2757 3565 est,
2796 3500 2956 3571 quasi
2986 3500 3227 3555 aviditas
3265 3504 3323 3553 et
3365 3500 3521 3553 velut
3560 3497 3748 3551 volun-

673 3612 863 3653 reuma
885 3613 913 3649 a
938 3595 1168 3650 naribus
1189 3590 1470 3663 superflue
1492 3586 1988 3649 effluit,sumusde
2010 3585 2165 3652 ligno
2257 3589 2341 3638 tas
2370 3583 2566 3656 ipsius.
2599 3587 2670 3640 Et
2694 3585 2828 3657 quia
2859 3585 2956 3640 ille
2994 3584 3204 3640 moveri
3235 3600 3344 3637 non
3374 3581 3748 3653 permittitur,

672 3682 878 3739 abietis
904 3680 1139 3735 naribus
1160 3676 1477 3748 excipiatur
1497 3680 1603 3728 etc.
1641 3695 1662 3720 ι
1713 3704 1748 3711 --
1771 3673 2013 3727 Favente
2043 3670 2164 3725 loco
2255 3668 2314 3724 in
2356 3671 2627 3726 mundum
2657 3670 2819 3741 quasi
2856 3671 3081 3742 Phyton
3106 3669 3440 3724 daemonum
3474 3666 3743 3722 mittitur.

671 3787 866 3831 vacuo.
890 3786 958 3824 ex
980 3767 1100 3823 cod.
1129 3764 1298 3820 Hasn.
1333 3763 1371 3819 s.
1404 3766 1471 3815 ³2
1492 3760 1709 3832 aliquid
1731 3760 1990 3816 addimus
2010 3759 2161 3830 quod
2254 3756 2391 3810 Nam
2424 3755 2694 3811 virtutem
2722 3755 3042 3827 decipiendi
3071 3769 3167 3826 per
3206 3752 3631 3808 simulationem
3656 3752 3745 3806 ha·

667 3857 733 3910 ad
763 3842 1183 3911 Antichristum
1213 3857 1269 3904 et
1299 3847 1618 3905 Luciferum
1647 3846 1917 3918 pertinet.
2253 3841 2371 3905 bet,
2401 3847 2458 3895 et
2484 3844 2662 3897 multa
2690 3841 2799 3897 alia
2830 3840 2991 3902 vitia,
3024 3840 3101 3895 ita
3127 3840 3276 3911 quod
3303 3839 3483 3895 Adam
3509 3839 3568 3894 in
3588 3841 3748 3895 Para-

738 3943 817 3998 De
856 3960 985 3998 casu
1031 3939 1295 4008 Luciferi.
1347 3932 1571 3990 Lucifer
1619 3938 1774 3989 tanta
1821 3930 2160 3987 fortitudine
2247 3925 2370 3980 diso
2397 3926 2646 3989 seduxit.
2673 3933 2730 3981 et
2756 3925 3050 3981 dominum
3083 3931 3261 3981 terrae
3296 3939 3427 3980 eum
3463 3939 3744 3996 nuncupa·

664 4032 949 4103 projectus
987 4032 1071 4083 est
1109 4042 1137 4081 a
1177 4026 1354 4086 coelo,
1392 4020 1543 4093 quod
1582 4034 1693 4075 non
1732 4015 2089 4089 permittitur
2126 4029 2155 4067 a
2250 4013 2353 4074 vit,
2383 4018 2439 4067 et
2468 4012 2661 4067 flatum
2688 4009 2933 4067 Luciferi
2965 4011 3023 4065 in
3048 4009 3442 4065 Antichistum
3468 4027 3568 4082 per
3590 4007 3743 4063 sorti-

664 4124 905 4174 tartareo
932 4107 1053 4171 loco
1077 4111 1308 4168 moveri.
1332 4110 1470 4165 Nam
1499 4107 1545 4163 si
1569 4106 1778 4162 moveri
1805 4108 2010 4176 posset,
2038 4116 2153 4157 om·
2248 4098 2500 4153 tudinem
2526 4098 2683 4152 illius
2705 4097 2847 4152 seret
2868 4096 2933 4150 ad
2955 4095 3391 4166 concipiendum
3413 4110 3565 4150 eum:
3583 4094 3747 4165 cujus

659 4206 750 4260 nia
798 4206 1071 4260 elementa
1121 4197 1459 4255 fortitudine
1505 4210 1602 4249 sua
1655 4192 2020 4249 immutaret,
2072 4186 2151 4241 ita
2247 4184 2521 4240 fortitudo
2549 4183 2615 4237 ad
2646 4185 2827 4238 locum
2858 4182 3019 4237 illum
3042 4180 3377 4242 ascendet,a
3397 4194 3515 4249 quo
3541 4178 3740 4234 Diabo-

653 4290 993 4363 quodetiam
1022 4288 1443 4342 firmamentum
1466 4286 1773 4336 retrorsum
1798 4275 2055 4332 incedere
2077 4273 2151 4327 sa·
2240 4272 2328 4326 lus
2367 4270 2652 4341 projectus
2691 4267 2929 4329 corruit,
2980 4266 3076 4321 ubi
3121 4265 3274 4320 zelus
3312 4262 3540 4319 Domini
3596 4260 3745 4332 ignis

655 4385 827 4442 cerci,
855 4384 909 4432 et
930 4375 1081 4447 quod
1110 4375 1280 4429 solem
1305 4375 1362 4427 et
1384 4371 1575 4424 lunam
1598 4372 1654 4421 ct
1677 4365 1866 4420 stellas
1892 4360 2149 4415 obfusca-
2240 4355 2419 4410 sactus
2443 4357 2500 4410 in
2527 4356 2682 4423 nigra
2708 4352 2940 4408 materia
2965 4352 3335 4423 procellarum
3367 4356 3559 4405 tantae
3580 4348 3739 4405 sorti-

655 4472 761 4529 ret‚
790 4471 847 4521 et
870 4464 1018 4535 quod
1047 4478 1220 4533 aquae
1247 4472 1472 4515 cursum
1498 4456 1538 4516 ι)
1562 4452 1854 4511 retineret,
1882 4453 1938 4502 et
1968 4448 2146 4501 multa
2239 4442 2455 4497 tudinis
2494 4446 2552 4497 et
2578 4437 2979 4494 amaritudinis
3015 4443 3124 4499 est.
3150 4434 3301 4506 quod
3339 4450 3505 4505 saepe
3531 4433 3591 4489 iu
3631 4434 3737 4488 ele·

652 4551 931 4609 contraria
980 4550 1037 4604 in
1085 4545 1358 4605 creaturis
1406 4542 1630 4597 faceret.
1681 4535 1835 4592 Huic
1879 4534 2147 4593 adhaeret
2236 4534 2422 4585 menta
2449 4531 2494 4595 2)
2522 4525 2711 4582 exurit
2749 4533 2807 4581 et
2834 4523 3069 4585 scindit.
3096 4528 3153 4577 et
3181 4536 3314 4577 voce
3351 4536 3453 4576 sua
3494 4527 3737 4575 terrores

651 4638 835 4695 omnis
865 4637 1026 4691 turba
1055 4635 1410 4691 daemonum,
1437 4640 1676 4697 quorum
1712 4621 1941 4693 quidam
1972 4622 2143 4692 majo·
2234 4615 2472 4671 emittit:
2518 4613 2594 4667 ita
2632 4610 2780 4680 quod
2817 4609 3091 4665 Diabolus
3130 4622 3228 4678 per
3257 4611 3526 4661 terrorem
3567 4605 3738 4663 istius

647 4727 726 4781 ris
753 4720 1131 4781 fortitudini5‚
1158 4717 1388 4788 quidam
1427 4711 1665 4766 minoris
1693 4715 1845 4764 sunt.
1887 4708 1994 4763 Sed
2020 4706 2146 4777 qui-
2237 4701 2383 4755 vires
2426 4714 2554 4754 suas
2598 4701 2790 4768 aperte
2834 4708 3094 4749 exercere
3139 4707 3251 4746 non
3288 4690 3481 4788 audet,
3529 4692 3645 4788 nisi
3670 4696 3736 4747 ut

645 4814 771 4868 dam
795 4811 965 4865 etiam
989 4813 1121 4862 suut
1140 4803 1237 4876 qui
1262 4817 1388 4857 curn
1411 4797 1739 4854 hominibus
1768 4794 1989 4865 saepius
2012 4809 2142 4848 con·
2235 4789 2343 4844 fur.
2374 4787 2531 4844 Unde
2557 4790 2613 4840 et
2642 4781 2877 4837 mendax
2905 4786 3007 4835 est.
3034 4779 3149 4834 Iste
3176 4778 3330 4872 zelus
3349 4783 3524 4832 etiam
3551 4794 3609 4832 in
3638 4794 3735 4833 no-

646 4902 962 4956 versantnr‚
986 4899 1041 4947 et
1070 4906 1221 4947 sacra
1248 4891 1362 4942 loca
1391 4885 1582 4939 minus
1609 4881 1859 4949 fugiunt,
1881 4885 1939 4934 et
1964 4879 2139 4934 etiam
2232 4872 2462 4929 vissimo
2484 4869 2578 4925 die
2597 4869 2874 4924 elementa
2896 4868 3115 4926 exuret,
3139 4868 3195 4918 et
3216 4862 3458 4924 scindet.
3479 4877 3627 4932 quae
3645 4866 3733 4917 est

641 4998 861 5038 crucem
902 4976 1128 5035 Domini
1171 4981 1228 5030 et
1261 4972 1452 5027 diviua
1492 4968 1670 5022 officia
1710 4965 1899 5020 minus
1936 4965 2141 5018 abhor-
2226 4963 2268 5023 ³)
2300 4960 2394 5017 Dei
2426 4957 2695 5013 vindicta.

712 5158 750 5217 ¹)
777 5173 951 5228 aquas
978 5170 1192 5208 rursum
1218 5148 1337 5203 cod.
1393 5179 1426 5184 μ
1455 5148 1500 5209 ⁴²)
1531 5148 1587 5197 in
1615 5145 1880 5198 elementis
1906 5140 2025 5194 cod.
2056 5138 2201 5194 infra
2230 5152 2373 5193 corr.
2424 5166 2467 5172 -
2494 5133 2538 5197 ³>
2567 5134 2667 5203 qui
2691 5136 2765 5183 eet
2794 5127 2897 5181 ibi.
