<?xml version="1.0" encoding="UTF-8"?>
<!DOCTYPE html PUBLIC "-//W3C//DTD XHTML 1.0 Transitional//EN"
    "http://www.w3.org/TR/xhtml1/DTD/xhtml1-transitional.dtd">
<html xmlns="http://www.w3.org/1999/xhtml" xml:lang="en" lang="en">
 <head>
  <title>
</title>
<meta http-equiv="Content-Type" content="text/html;charset=utf-8" />
  <meta name='ocr-system' content='tesseract 3.04.00' />
  <meta name='ocr-capabilities' content='ocr_page ocr_carea ocr_par ocr_line ocrx_word'/>
</head>
<body>
  <div class='ocr_page' id='page_1' title='image "analectasacrasp05pitrgoog_0108.png"; bbox 0 0 4036 6117; ppageno 0'>
   <div class='ocr_carea' id='block_1_1' title="bbox 753 464 2564 536">
    <p class='ocr_par' dir='ltr' id='par_1_1' title="bbox 753 464 2564 536">
     <span class='ocr_line' id='line_1_1' title="bbox 753 464 2564 536; baseline 0.008 -14"><span class='ocrx_word' id='word_1_1' title='bbox 753 464 833 523; x_wconf 75' lang='lat'><strong>72</strong></span> <span class='ocrx_word' id='word_1_2' title='bbox 1899 487 1950 527; x_wconf 85' lang='lat' dir='ltr'><strong>s.</strong></span> <span class='ocrx_word' id='word_1_3' title='bbox 2011 487 2564 536; x_wconf 76' lang='lat' dir='ltr'><strong>HILDEGARDIS</strong></span> 
     </span>
    </p>
   </div>
   <div class='ocr_carea' id='block_1_2' title="bbox 1340 707 3094 989">
    <p class='ocr_par' dir='ltr' id='par_1_2' title="bbox 1340 707 3094 989">
     <span class='ocr_line' id='line_1_2' title="bbox 2103 707 2319 768; baseline 0.005 -2"><span class='ocrx_word' id='word_1_4' title='bbox 2103 707 2319 768; x_wconf 81' lang='lat' dir='ltr'><strong>XXIII.</strong></span> 
     </span>
     <span class='ocr_line' id='line_1_3' title="bbox 1340 912 3094 989; baseline 0.006 -19"><span class='ocrx_word' id='word_1_5' title='bbox 1340 912 1785 989; x_wconf 79' lang='lat' dir='ltr'><strong>Sanctificatio</strong></span> <span class='ocrx_word' id='word_1_6' title='bbox 1834 915 1904 970; x_wconf 80' lang='lat' dir='ltr'><strong>in</strong></span> <span class='ocrx_word' id='word_1_7' title='bbox 1955 917 2160 972; x_wconf 81' lang='lat' dir='ltr'><strong>veteri</strong></span> <span class='ocrx_word' id='word_1_8' title='bbox 2218 922 2278 973; x_wconf 86' lang='lat' dir='ltr'><strong>et</strong></span> <span class='ocrx_word' id='word_1_9' title='bbox 2331 918 2401 974; x_wconf 81' lang='lat' dir='ltr'><strong>in</strong></span> <span class='ocrx_word' id='word_1_10' title='bbox 2452 936 2612 975; x_wconf 79' lang='lat' dir='ltr'><strong>novo</strong></span> <span class='ocrx_word' id='word_1_11' title='bbox 2667 919 3094 981; x_wconf 74' lang='lat' dir='ltr'><em>Testamenta.</em></span> 
     </span>
    </p>
   </div>
   <div class='ocr_carea' id='block_1_3' title="bbox 651 1118 3755 1611">
    <p class='ocr_par' dir='ltr' id='par_1_3' title="bbox 651 1118 3755 1611">
     <span class='ocr_line' id='line_1_4' title="bbox 752 1118 3755 1197; baseline 0.004 -16"><span class='ocrx_word' id='word_1_12' title='bbox 752 1122 861 1181; x_wconf 81' lang='lat'><strong>32.</strong></span> <span class='ocrx_word' id='word_1_13' title='bbox 911 1119 1038 1180; x_wconf 85' lang='lat' dir='ltr'><strong>Sed</strong></span> <span class='ocrx_word' id='word_1_14' title='bbox 1086 1119 1216 1193; x_wconf 91' lang='lat' dir='ltr'><strong>ala,</strong></span> <span class='ocrx_word' id='word_1_15' title='bbox 1253 1133 1424 1194; x_wconf 85' lang='lat' dir='ltr'><strong>quae</strong></span> <span class='ocrx_word' id='word_1_16' title='bbox 1473 1118 1556 1178; x_wconf 87' lang='lat' dir='ltr'><strong>ad</strong></span> <span class='ocrx_word' id='word_1_17' title='bbox 1589 1123 1825 1194; x_wconf 86' lang='lat' dir='ltr'><strong>pectus</strong></span> <span class='ocrx_word' id='word_1_18' title='bbox 1862 1120 2076 1197; x_wconf 90' lang='lat' dir='ltr'><strong>ipsius</strong></span> <span class='ocrx_word' id='word_1_19' title='bbox 2125 1124 2250 1197; x_wconf 86' lang='lat' dir='ltr'><strong>est,</strong></span> <span class='ocrx_word' id='word_1_20' title='bbox 2292 1123 2356 1182; x_wconf 91' lang='lat' dir='ltr'><strong>in</strong></span> <span class='ocrx_word' id='word_1_21' title='bbox 2391 1127 2779 1186; x_wconf 83' lang='lat' dir='ltr'><strong>summitate</strong></span> <span class='ocrx_word' id='word_1_22' title='bbox 2812 1130 3259 1189; x_wconf 82' lang='lat' dir='ltr'>extremitatis</span> <span class='ocrx_word' id='word_1_23' title='bbox 3294 1147 3455 1190; x_wconf 89' lang='lat' dir='ltr'><strong>suae</strong></span> <span class='ocrx_word' id='word_1_24' title='bbox 3493 1133 3557 1191; x_wconf 91' lang='lat' dir='ltr'><strong>in</strong></span> <span class='ocrx_word' id='word_1_25' title='bbox 3589 1133 3755 1194; x_wconf 87' lang='lat' dir='ltr'><strong>duas</strong></span> 
     </span>
     <span class='ocr_line' id='line_1_5' title="bbox 664 1221 3750 1313; baseline 0.003 -27"><span class='ocrx_word' id='word_1_26' title='bbox 664 1228 892 1303; x_wconf 89' lang='lat' dir='ltr'><strong>partes</strong></span> <span class='ocrx_word' id='word_1_27' title='bbox 935 1224 1351 1300; x_wconf 87' lang='lat' dir='ltr'><strong>aliquantum</strong></span> <span class='ocrx_word' id='word_1_28' title='bbox 1386 1221 1604 1282; x_wconf 89' lang='lat' dir='ltr'><strong>divisa</strong></span> <span class='ocrx_word' id='word_1_29' title='bbox 1652 1226 1778 1298; x_wconf 88' lang='lat' dir='ltr'><strong>est,</strong></span> <span class='ocrx_word' id='word_1_30' title='bbox 1816 1225 2132 1299; x_wconf 87' lang='lat' dir='ltr'><strong>quoniam</strong></span> <span class='ocrx_word' id='word_1_31' title='bbox 2180 1228 2509 1301; x_wconf 89' lang='lat' dir='ltr'><strong>protectio</strong></span> <span class='ocrx_word' id='word_1_32' title='bbox 2545 1236 2847 1290; x_wconf 86' lang='lat' dir='ltr'><strong>secretae</strong></span> <span class='ocrx_word' id='word_1_33' title='bbox 2895 1231 3375 1307; x_wconf 85' lang='lat' dir='ltr'>profunditatis</span> <span class='ocrx_word' id='word_1_34' title='bbox 3407 1229 3452 1313; x_wconf 87' lang='lat'><strong>¹)</strong></span> <span class='ocrx_word' id='word_1_35' title='bbox 3506 1236 3572 1295; x_wconf 91' lang='lat' dir='ltr'><strong>in</strong></span> <span class='ocrx_word' id='word_1_36' title='bbox 3604 1244 3750 1296; x_wconf 90' lang='lat' dir='ltr'><strong>ortu</strong></span> 
     </span>
     <span class='ocr_line' id='line_1_6' title="bbox 665 1326 3752 1414; baseline 0.004 -26"><span class='ocrx_word' id='word_1_37' title='bbox 665 1328 975 1405; x_wconf 90' lang='lat' dir='ltr'><strong>principii</strong></span> <span class='ocrx_word' id='word_1_38' title='bbox 1010 1327 1118 1386; x_wconf 89' lang='lat' dir='ltr'><strong>sui</strong></span> <span class='ocrx_word' id='word_1_39' title='bbox 1151 1326 1233 1386; x_wconf 88' lang='lat' dir='ltr'><strong>ad</strong></span> <span class='ocrx_word' id='word_1_40' title='bbox 1267 1331 1462 1385; x_wconf 87' lang='lat' dir='ltr'><strong>vetus</strong></span> <span class='ocrx_word' id='word_1_41' title='bbox 1495 1329 1562 1386; x_wconf 89' lang='lat' dir='ltr'><strong>et</strong></span> <span class='ocrx_word' id='word_1_42' title='bbox 1594 1326 1677 1386; x_wconf 90' lang='lat' dir='ltr'><strong>ad</strong></span> <span class='ocrx_word' id='word_1_43' title='bbox 1709 1343 1953 1387; x_wconf 86' lang='lat' dir='ltr'><strong>novum</strong></span> <span class='ocrx_word' id='word_1_44' title='bbox 2000 1329 2501 1390; x_wconf 80' lang='lat' dir='ltr'><strong>Testamentum</strong></span> <span class='ocrx_word' id='word_1_45' title='bbox 2535 1333 2915 1409; x_wconf 90' lang='lat' dir='ltr'><strong>inclinatur,</strong></span> <span class='ocrx_word' id='word_1_46' title='bbox 2951 1351 3104 1395; x_wconf 91' lang='lat' dir='ltr'><strong>cum</strong></span> <span class='ocrx_word' id='word_1_47' title='bbox 3138 1337 3283 1397; x_wconf 86' lang='lat' dir='ltr'><strong>veri</strong></span> <span class='ocrx_word' id='word_1_48' title='bbox 3315 1338 3651 1414; x_wconf 81' lang='lat' dir='ltr'><strong>doctoreS,</strong></span> <span class='ocrx_word' id='word_1_49' title='bbox 3689 1341 3752 1399; x_wconf 92' lang='lat' dir='ltr'><strong>in</strong></span> 
     </span>
     <span class='ocr_line' id='line_1_7' title="bbox 660 1429 3748 1518; baseline 0.004 -27"><span class='ocrx_word' id='word_1_50' title='bbox 660 1431 1005 1509; x_wconf 91' lang='lat' dir='ltr'><strong>prophetis</strong></span> <span class='ocrx_word' id='word_1_51' title='bbox 1031 1437 1098 1491; x_wconf 88' lang='lat' dir='ltr'><strong>et</strong></span> <span class='ocrx_word' id='word_1_52' title='bbox 1135 1431 1200 1489; x_wconf 92' lang='lat' dir='ltr'><strong>in</strong></span> <span class='ocrx_word' id='word_1_53' title='bbox 1222 1429 1602 1504; x_wconf 80' lang='lat' dir='ltr'><strong>EvangeliO,</strong></span> <span class='ocrx_word' id='word_1_54' title='bbox 1628 1431 1693 1489; x_wconf 91' lang='lat' dir='ltr'><strong>in</strong></span> <span class='ocrx_word' id='word_1_55' title='bbox 1721 1432 2022 1505; x_wconf 81' lang='lat' dir='ltr'><strong>mysticis</strong></span> <span class='ocrx_word' id='word_1_56' title='bbox 2049 1433 2276 1492; x_wconf 87' lang='lat' dir='ltr'><strong>verbis</strong></span> <span class='ocrx_word' id='word_1_57' title='bbox 2304 1436 2588 1510; x_wconf 87' lang='lat' dir='ltr'><strong>mystica</strong></span> <span class='ocrx_word' id='word_1_58' title='bbox 2614 1439 2936 1512; x_wconf 89' lang='lat' dir='ltr'><strong>mysteria</strong></span> <span class='ocrx_word' id='word_1_59' title='bbox 2963 1440 3432 1515; x_wconf 88' lang='lat' dir='ltr'><strong>multiplicant;</strong></span> <span class='ocrx_word' id='word_1_60' title='bbox 3455 1443 3547 1502; x_wconf 90' lang='lat' dir='ltr'><strong>ita</strong></span> <span class='ocrx_word' id='word_1_61' title='bbox 3573 1443 3748 1518; x_wconf 91' lang='lat' dir='ltr'><strong>quod</strong></span> 
     </span>
     <span class='ocr_line' id='line_1_8' title="bbox 651 1535 3749 1611; baseline 0.003 -15"><span class='ocrx_word' id='word_1_62' title='bbox 651 1538 856 1598; x_wconf 89' lang='lat' dir='ltr'><strong>etiam</strong></span> <span class='ocrx_word' id='word_1_63' title='bbox 892 1537 957 1596; x_wconf 90' lang='lat' dir='ltr'><strong>in</strong></span> <span class='ocrx_word' id='word_1_64' title='bbox 988 1538 1200 1597; x_wconf 88' lang='lat' dir='ltr'><strong>veteri</strong></span> <span class='ocrx_word' id='word_1_65' title='bbox 1235 1536 1405 1611; x_wconf 85' lang='lat' dir='ltr'><strong>Lege</strong></span> <span class='ocrx_word' id='word_1_66' title='bbox 1439 1535 1728 1594; x_wconf 86' lang='lat' dir='ltr'><strong>diversis</strong></span> <span class='ocrx_word' id='word_1_67' title='bbox 1775 1536 2356 1611; x_wconf 84' lang='lat' dir='ltr'><strong>purificationibus</strong></span> <span class='ocrx_word' id='word_1_68' title='bbox 2406 1542 2586 1599; x_wconf 91' lang='lat' dir='ltr'><strong>terra</strong></span> <span class='ocrx_word' id='word_1_69' title='bbox 2624 1542 2919 1601; x_wconf 84' lang='lat' dir='ltr'><strong>exterius</strong></span> <span class='ocrx_word' id='word_1_70' title='bbox 2969 1544 3330 1604; x_wconf 81' lang='lat' dir='ltr'><strong>carnaliter</strong></span> <span class='ocrx_word' id='word_1_71' title='bbox 3378 1545 3749 1605; x_wconf 88' lang='lat' dir='ltr'><strong>sanctifica-</strong></span> 
     </span>
    </p>
   </div>
   <div class='ocr_carea' id='block_1_4' title="bbox 646 1637 3748 1818">
    <p class='ocr_par' dir='ltr' id='par_1_4' title="bbox 646 1637 3748 1818">
     <span class='ocr_line' id='line_1_9' title="bbox 653 1637 3748 1721; baseline 0.003 -23"><span class='ocrx_word' id='word_1_72' title='bbox 653 1639 874 1713; x_wconf 84' lang='lat' dir='ltr'><strong>batur,</strong></span> <span class='ocrx_word' id='word_1_73' title='bbox 911 1639 976 1697; x_wconf 92' lang='lat' dir='ltr'><strong>in</strong></span> <span class='ocrx_word' id='word_1_74' title='bbox 1007 1655 1179 1698; x_wconf 92' lang='lat' dir='ltr'><strong>nova</strong></span> <span class='ocrx_word' id='word_1_75' title='bbox 1212 1641 1432 1698; x_wconf 90' lang='lat' dir='ltr'><strong>autem</strong></span> <span class='ocrx_word' id='word_1_76' title='bbox 1467 1654 1587 1713; x_wconf 92' lang='lat' dir='ltr'><strong>per</strong></span> <span class='ocrx_word' id='word_1_77' title='bbox 1618 1637 1857 1698; x_wconf 86' lang='lat' dir='ltr'><strong>Filium</strong></span> <span class='ocrx_word' id='word_1_78' title='bbox 1892 1638 2033 1713; x_wconf 90' lang='lat' dir='ltr'><strong>Dei,</strong></span> <span class='ocrx_word' id='word_1_79' title='bbox 2071 1641 2332 1701; x_wconf 91' lang='lat' dir='ltr'><strong>coelum</strong></span> <span class='ocrx_word' id='word_1_80' title='bbox 2358 1643 2587 1703; x_wconf 89' lang='lat' dir='ltr'><strong>multis</strong></span> <span class='ocrx_word' id='word_1_81' title='bbox 2614 1646 2682 1704; x_wconf 91' lang='lat' dir='ltr'><strong>et</strong></span> <span class='ocrx_word' id='word_1_82' title='bbox 2714 1645 2924 1705; x_wconf 86' lang='lat' dir='ltr'><strong>variis</strong></span> <span class='ocrx_word' id='word_1_83' title='bbox 2957 1645 3283 1721; x_wconf 79' lang='lat' dir='ltr'><strong>prodigiis</strong></span> <span class='ocrx_word' id='word_1_84' title='bbox 3311 1650 3649 1708; x_wconf 84' lang='lat' dir='ltr'><strong>rectarum</strong></span> <span class='ocrx_word' id='word_1_85' title='bbox 3682 1653 3748 1708; x_wconf 90' lang='lat' dir='ltr'><strong>et</strong></span> 
     </span>
     <span class='ocr_line' id='line_1_10' title="bbox 646 1742 2146 1818; baseline 0.003 -18"><span class='ocrx_word' id='word_1_86' title='bbox 646 1743 1100 1817; x_wconf 83' lang='lat' dir='ltr'><strong>spiritualium</strong></span> <span class='ocrx_word' id='word_1_87' title='bbox 1130 1742 1685 1818; x_wconf 83' lang='lat' dir='ltr'><strong>justificationum</strong></span> <span class='ocrx_word' id='word_1_88' title='bbox 1718 1743 2146 1804; x_wconf 84' lang='lat' dir='ltr'><strong>clarificatur.</strong></span> 
     </span>
    </p>
   </div>
   <div class='ocr_carea' id='block_1_5' title="bbox 2023 1953 2272 2015">
    <p class='ocr_par' dir='ltr' id='par_1_5' title="bbox 2023 1953 2272 2015">
     <span class='ocr_line' id='line_1_11' title="bbox 2023 1953 2272 2015; baseline 0.004 -2"><span class='ocrx_word' id='word_1_89' title='bbox 2023 1953 2272 2015; x_wconf 87' lang='lat' dir='ltr'><strong>XXIIII.</strong></span> 
     </span>
    </p>
   </div>
   <div class='ocr_carea' id='block_1_6' title="bbox 1613 2168 2757 2246">
    <p class='ocr_par' dir='ltr' id='par_1_6' title="bbox 1613 2168 2757 2246">
     <span class='ocr_line' id='line_1_12' title="bbox 1613 2168 2757 2246; baseline 0.002 -19"><span class='ocrx_word' id='word_1_90' title='bbox 1613 2170 1709 2227; x_wconf 82' lang='lat' dir='ltr'><strong>De</strong></span> <span class='ocrx_word' id='word_1_91' title='bbox 1760 2171 2258 2229; x_wconf 79' lang='lat' dir='ltr'><strong>circumcisione</strong></span> <span class='ocrx_word' id='word_1_92' title='bbox 2309 2175 2370 2227; x_wconf 83' lang='lat' dir='ltr'><strong>et</strong></span> <span class='ocrx_word' id='word_1_93' title='bbox 2420 2168 2757 2246; x_wconf 64' lang='lat' dir='ltr'><strong>baptisma</strong></span> 
     </span>
    </p>
   </div>
   <div class='ocr_carea' id='block_1_7' title="bbox 615 2374 3735 3077">
    <p class='ocr_par' dir='ltr' id='par_1_7' title="bbox 615 2374 3735 3077">
     <span class='ocr_line' id='line_1_13' title="bbox 726 2374 3735 2453; baseline 0.002 -13"><span class='ocrx_word' id='word_1_94' title='bbox 726 2381 835 2440; x_wconf 86' lang='lat'><strong>33.</strong></span> <span class='ocrx_word' id='word_1_95' title='bbox 884 2377 964 2437; x_wconf 85' lang='lat' dir='ltr'><strong>Et</strong></span> <span class='ocrx_word' id='word_1_96' title='bbox 995 2392 1153 2453; x_wconf 90' lang='lat' dir='ltr'><strong>pars</strong></span> <span class='ocrx_word' id='word_1_97' title='bbox 1201 2375 1415 2435; x_wconf 89' lang='lat' dir='ltr'><strong>altera</strong></span> <span class='ocrx_word' id='word_1_98' title='bbox 1449 2374 1531 2434; x_wconf 89' lang='lat' dir='ltr'><strong>ad</strong></span> <span class='ocrx_word' id='word_1_99' title='bbox 1567 2376 1744 2433; x_wconf 89' lang='lat' dir='ltr'><strong>alam</strong></span> <span class='ocrx_word' id='word_1_100' title='bbox 1777 2376 2147 2450; x_wconf 83' lang='lat' dir='ltr'><strong>sinistram,</strong></span> <span class='ocrx_word' id='word_1_101' title='bbox 2200 2380 2265 2436; x_wconf 87' lang='lat' dir='ltr'><strong>et</strong></span> <span class='ocrx_word' id='word_1_102' title='bbox 2297 2394 2456 2453; x_wconf 88' lang='lat' dir='ltr'><strong>pars</strong></span> <span class='ocrx_word' id='word_1_103' title='bbox 2491 2378 2701 2438; x_wconf 89' lang='lat' dir='ltr'><strong>altera</strong></span> <span class='ocrx_word' id='word_1_104' title='bbox 2737 2380 2819 2438; x_wconf 84' lang='lat' dir='ltr'><strong>ad</strong></span> <span class='ocrx_word' id='word_1_105' title='bbox 2853 2380 3030 2439; x_wconf 90' lang='lat' dir='ltr'><strong>alam</strong></span> <span class='ocrx_word' id='word_1_106' title='bbox 3064 2380 3367 2441; x_wconf 87' lang='lat' dir='ltr'><strong>dextram</strong></span> <span class='ocrx_word' id='word_1_107' title='bbox 3401 2399 3473 2443; x_wconf 88' lang='lat' dir='ltr'><strong>se</strong></span> <span class='ocrx_word' id='word_1_108' title='bbox 3509 2401 3735 2446; x_wconf 84' lang='lat' dir='ltr'><strong>recur-</strong></span> 
     </span>
     <span class='ocr_line' id='line_1_14' title="bbox 627 2473 3731 2559; baseline 0.002 -15"><span class='ocrx_word' id='word_1_109' title='bbox 627 2488 765 2558; x_wconf 86' lang='lat' dir='ltr'><strong>vat,</strong></span> <span class='ocrx_word' id='word_1_110' title='bbox 801 2483 960 2559; x_wconf 88' lang='lat' dir='ltr'><strong>quia</strong></span> <span class='ocrx_word' id='word_1_111' title='bbox 985 2482 1178 2540; x_wconf 89' lang='lat' dir='ltr'><strong>vetus</strong></span> <span class='ocrx_word' id='word_1_112' title='bbox 1213 2480 1711 2540; x_wconf 89' lang='lat' dir='ltr'><strong>Testamentum</strong></span> <span class='ocrx_word' id='word_1_113' title='bbox 1743 2479 1827 2538; x_wconf 89' lang='lat' dir='ltr'><strong>ad</strong></span> <span class='ocrx_word' id='word_1_114' title='bbox 1853 2479 2311 2540; x_wconf 89' lang='lat' dir='ltr'><strong>defensionem</strong></span> <span class='ocrx_word' id='word_1_115' title='bbox 2337 2488 2760 2542; x_wconf 88' lang='lat' dir='ltr'><strong>terrenorum</strong></span> <span class='ocrx_word' id='word_1_116' title='bbox 2792 2482 3193 2559; x_wconf 82' lang='lat' dir='ltr'><strong>declinabat,</strong></span> <span class='ocrx_word' id='word_1_117' title='bbox 3223 2501 3469 2546; x_wconf 89' lang='lat' dir='ltr'><strong>novum</strong></span> <span class='ocrx_word' id='word_1_118' title='bbox 3504 2473 3731 2549; x_wconf 83' lang='lat' dir='ltr'><strong>autem</strong></span> 
     </span>
     <span class='ocr_line' id='line_1_15' title="bbox 624 2584 3732 2665; baseline 0.001 -15"><span class='ocrx_word' id='word_1_119' title='bbox 624 2590 708 2650; x_wconf 89' lang='lat' dir='ltr'><strong>ad</strong></span> <span class='ocrx_word' id='word_1_120' title='bbox 744 2587 1222 2665; x_wconf 88' lang='lat' dir='ltr'><strong>protectionem</strong></span> <span class='ocrx_word' id='word_1_121' title='bbox 1272 2584 1667 2643; x_wconf 89' lang='lat' dir='ltr'><strong>coelestium</strong></span> <span class='ocrx_word' id='word_1_122' title='bbox 1702 2585 1992 2659; x_wconf 82' lang='lat' dir='ltr'><strong>anhelat3</strong></span> <span class='ocrx_word' id='word_1_123' title='bbox 2032 2601 2185 2644; x_wconf 91' lang='lat' dir='ltr'><strong>cum</strong></span> <span class='ocrx_word' id='word_1_124' title='bbox 2218 2586 2475 2662; x_wconf 88' lang='lat' dir='ltr'><strong>antiqui</strong></span> <span class='ocrx_word' id='word_1_125' title='bbox 2527 2587 2592 2646; x_wconf 91' lang='lat' dir='ltr'><strong>in</strong></span> <span class='ocrx_word' id='word_1_126' title='bbox 2626 2588 3138 2647; x_wconf 86' lang='lat' dir='ltr'><strong>circumcisione</strong></span> <span class='ocrx_word' id='word_1_127' title='bbox 3187 2591 3579 2651; x_wconf 89' lang='lat' dir='ltr'><strong>carnalibus</strong></span> <span class='ocrx_word' id='word_1_128' title='bbox 3618 2593 3732 2653; x_wconf 91' lang='lat' dir='ltr'><strong>ad-</strong></span> 
     </span>
     <span class='ocr_line' id='line_1_16' title="bbox 628 2687 3732 2771; baseline 0.001 -19"><span class='ocrx_word' id='word_1_129' title='bbox 628 2691 1014 2763; x_wconf 83' lang='lat' dir='ltr'><strong>haerebant,</strong></span> <span class='ocrx_word' id='word_1_130' title='bbox 1051 2688 1278 2748; x_wconf 88' lang='lat' dir='ltr'><strong>fideles</strong></span> <span class='ocrx_word' id='word_1_131' title='bbox 1311 2702 1470 2746; x_wconf 86' lang='lat' dir='ltr'><strong>vero</strong></span> <span class='ocrx_word' id='word_1_132' title='bbox 1504 2702 1624 2762; x_wconf 90' lang='lat' dir='ltr'><strong>per</strong></span> <span class='ocrx_word' id='word_1_133' title='bbox 1657 2687 1899 2747; x_wconf 89' lang='lat' dir='ltr'><strong>Filium</strong></span> <span class='ocrx_word' id='word_1_134' title='bbox 1924 2687 2041 2746; x_wconf 92' lang='lat' dir='ltr'><strong>Dei</strong></span> <span class='ocrx_word' id='word_1_135' title='bbox 2072 2689 2139 2747; x_wconf 91' lang='lat' dir='ltr'><strong>in</strong></span> <span class='ocrx_word' id='word_1_136' title='bbox 2172 2689 2504 2765; x_wconf 89' lang='lat' dir='ltr'><strong>baptismo</strong></span> <span class='ocrx_word' id='word_1_137' title='bbox 2541 2691 2810 2766; x_wconf 90' lang='lat' dir='ltr'><strong>spiritui</strong></span> <span class='ocrx_word' id='word_1_138' title='bbox 2845 2690 3253 2751; x_wconf 89' lang='lat' dir='ltr'><strong>deserviunt.</strong></span> <span class='ocrx_word' id='word_1_139' title='bbox 3285 2692 3408 2752; x_wconf 86' lang='lat' dir='ltr'><strong>Sed</strong></span> <span class='ocrx_word' id='word_1_140' title='bbox 3446 2694 3543 2753; x_wconf 92' lang='lat' dir='ltr'><strong>illi</strong></span> <span class='ocrx_word' id='word_1_141' title='bbox 3577 2712 3732 2771; x_wconf 90' lang='lat' dir='ltr'><strong>pro-</strong></span> 
     </span>
     <span class='ocr_line' id='line_1_17' title="bbox 626 2790 3731 2871; baseline 0.001 -17"><span class='ocrx_word' id='word_1_142' title='bbox 626 2801 775 2871; x_wconf 89' lang='lat' dir='ltr'><strong>pter</strong></span> <span class='ocrx_word' id='word_1_143' title='bbox 822 2792 1358 2854; x_wconf 88' lang='lat' dir='ltr'><strong>observationem</strong></span> <span class='ocrx_word' id='word_1_144' title='bbox 1411 2790 1679 2849; x_wconf 87' lang='lat' dir='ltr'><strong>illorum</strong></span> <span class='ocrx_word' id='word_1_145' title='bbox 1708 2790 2055 2866; x_wconf 84' lang='lat' dir='ltr'><strong>justificati</strong></span> <span class='ocrx_word' id='word_1_146' title='bbox 2105 2808 2233 2851; x_wconf 88' lang='lat' dir='ltr'><strong>non</strong></span> <span class='ocrx_word' id='word_1_147' title='bbox 2284 2795 2461 2868; x_wconf 90' lang='lat' dir='ltr'><strong>sunt,</strong></span> <span class='ocrx_word' id='word_1_148' title='bbox 2515 2794 2628 2855; x_wconf 91' lang='lat' dir='ltr'><strong>isti</strong></span> <span class='ocrx_word' id='word_1_149' title='bbox 2678 2810 2838 2854; x_wconf 87' lang='lat' dir='ltr'><strong>vero</strong></span> <span class='ocrx_word' id='word_1_150' title='bbox 2877 2796 2942 2854; x_wconf 93' lang='lat' dir='ltr'><strong>in</strong></span> <span class='ocrx_word' id='word_1_151' title='bbox 2988 2796 3527 2856; x_wconf 86' lang='lat' dir='ltr'><strong>emundationem</strong></span> <span class='ocrx_word' id='word_1_152' title='bbox 3565 2799 3731 2858; x_wconf 87' lang='lat' dir='ltr'><strong>isto-</strong></span> 
     </span>
     <span class='ocr_line' id='line_1_18' title="bbox 621 2895 3723 2974; baseline 0 -16"><span class='ocrx_word' id='word_1_153' title='bbox 621 2915 770 2958; x_wconf 88' lang='lat' dir='ltr'><strong>rum</strong></span> <span class='ocrx_word' id='word_1_154' title='bbox 825 2914 943 2974; x_wconf 89' lang='lat' dir='ltr'><strong>per</strong></span> <span class='ocrx_word' id='word_1_155' title='bbox 1004 2896 1200 2956; x_wconf 85' lang='lat' dir='ltr'><strong>fidem</strong></span> <span class='ocrx_word' id='word_1_156' title='bbox 1255 2895 1506 2955; x_wconf 84' lang='lat' dir='ltr'><strong>Christi</strong></span> <span class='ocrx_word' id='word_1_157' title='bbox 1567 2910 1926 2970; x_wconf 89' lang='lat' dir='ltr'><strong>supernam</strong></span> <span class='ocrx_word' id='word_1_158' title='bbox 1984 2896 2587 2956; x_wconf 88' lang='lat' dir='ltr'><strong>remunerationem</strong></span> <span class='ocrx_word' id='word_1_159' title='bbox 2647 2897 2866 2973; x_wconf 88' lang='lat' dir='ltr'><strong>adepti</strong></span> <span class='ocrx_word' id='word_1_160' title='bbox 2920 2901 3097 2970; x_wconf 88' lang='lat' dir='ltr'><strong>sunt,</strong></span> <span class='ocrx_word' id='word_1_161' title='bbox 3156 2898 3723 2973; x_wconf 89' lang='lat' dir='ltr'><strong>quemadmodum</strong></span> 
     </span>
     <span class='ocr_line' id='line_1_19' title="bbox 615 2999 1697 3077; baseline -0.006 -14"><span class='ocrx_word' id='word_1_162' title='bbox 615 3003 820 3063; x_wconf 88' lang='lat' dir='ltr'><strong>etiam</strong></span> <span class='ocrx_word' id='word_1_163' title='bbox 854 3002 1100 3062; x_wconf 86' lang='lat' dir='ltr'><strong>Paulus</strong></span> <span class='ocrx_word' id='word_1_164' title='bbox 1134 2999 1482 3077; x_wconf 91' lang='lat' dir='ltr'><strong>apostolus</strong></span> <span class='ocrx_word' id='word_1_165' title='bbox 1515 2999 1697 3057; x_wconf 89' lang='lat' dir='ltr'><strong>dicit:</strong></span> 
     </span>
    </p>
   </div>
   <div class='ocr_carea' id='block_1_8' title="bbox 1258 3211 3047 3501">
    <p class='ocr_par' dir='ltr' id='par_1_8' title="bbox 1258 3211 3047 3501">
     <span class='ocr_line' id='line_1_20' title="bbox 2050 3211 2229 3271; baseline -0.006 0"><span class='ocrx_word' id='word_1_166' title='bbox 2050 3211 2229 3271; x_wconf 84' lang='lat' dir='ltr'><strong>XXV.</strong></span> 
     </span>
     <span class='ocr_line' id='line_1_21' title="bbox 1258 3416 3047 3501; baseline 0.003 -23"><span class='ocrx_word' id='word_1_167' title='bbox 1258 3420 1439 3492; x_wconf 79' lang='lat' dir='ltr'><strong>Quod</strong></span> <span class='ocrx_word' id='word_1_168' title='bbox 1486 3424 1672 3480; x_wconf 83' lang='lat' dir='ltr'><strong>homo</strong></span> <span class='ocrx_word' id='word_1_169' title='bbox 1723 3438 1853 3479; x_wconf 81' lang='lat' dir='ltr'><strong>non</strong></span> <span class='ocrx_word' id='word_1_170' title='bbox 1885 3416 2303 3499; x_wconf 81' lang='lat' dir='ltr'><strong>justificatur</strong></span> <span class='ocrx_word' id='word_1_171' title='bbox 2350 3442 2435 3481; x_wconf 76' lang='lat' dir='ltr'><strong>ex</strong></span> <span class='ocrx_word' id='word_1_172' title='bbox 2486 3421 2787 3500; x_wconf 78' lang='lat' dir='ltr'><strong>operibus</strong></span> <span class='ocrx_word' id='word_1_173' title='bbox 2840 3425 3047 3501; x_wconf 86' lang='lat' dir='ltr'><strong>Le9is.</strong></span> 
     </span>
    </p>
   </div>
   <div class='ocr_carea' id='block_1_9' title="bbox 591 3625 3715 4332">
    <p class='ocr_par' dir='ltr' id='par_1_9' title="bbox 591 3625 3715 4332">
     <span class='ocr_line' id='line_1_22' title="bbox 692 3625 3715 3711; baseline -0 -17"><span class='ocrx_word' id='word_1_174' title='bbox 692 3632 804 3694; x_wconf 75' lang='lat'><strong>34.</strong></span> <span class='ocrx_word' id='word_1_175' title='bbox 858 3633 1151 3693; x_wconf 81' lang='lat' dir='ltr'><strong>Scientes</strong></span> <span class='ocrx_word' id='word_1_176' title='bbox 1201 3635 1427 3689; x_wconf 85' lang='lat' dir='ltr'><strong>autem</strong></span> <span class='ocrx_word' id='word_1_177' title='bbox 1458 3630 1630 3706; x_wconf 82' lang='lat' dir='ltr'><strong>quod</strong></span> <span class='ocrx_word' id='word_1_178' title='bbox 1661 3646 1796 3688; x_wconf 77' lang='lat' dir='ltr'><strong>non</strong></span> <span class='ocrx_word' id='word_1_179' title='bbox 1818 3625 2227 3709; x_wconf 80' lang='lat' dir='ltr'><strong>justificatur</strong></span> <span class='ocrx_word' id='word_1_180' title='bbox 2259 3634 2445 3691; x_wconf 85' lang='lat' dir='ltr'><strong>homo</strong></span> <span class='ocrx_word' id='word_1_181' title='bbox 2478 3649 2561 3691; x_wconf 76' lang='lat' dir='ltr'><strong>ex</strong></span> <span class='ocrx_word' id='word_1_182' title='bbox 2596 3631 2899 3709; x_wconf 79' lang='lat' dir='ltr'><strong>operibus</strong></span> <span class='ocrx_word' id='word_1_183' title='bbox 2938 3633 3157 3709; x_wconf 76' lang='lat' dir='ltr'><strong>Leyis,</strong></span> <span class='ocrx_word' id='word_1_184' title='bbox 3193 3633 3327 3690; x_wconf 81' lang='lat' dir='ltr'><strong>nisi</strong></span> <span class='ocrx_word' id='word_1_185' title='bbox 3353 3650 3479 3708; x_wconf 75' lang='lat' dir='ltr'><strong>per</strong></span> <span class='ocrx_word' id='word_1_186' title='bbox 3511 3633 3715 3711; x_wconf 84' lang='lat' dir='ltr'><strong>fidem</strong></span> 
     </span>
     <span class='ocr_line' id='line_1_23' title="bbox 607 3729 3709 3815; baseline 0 -18"><span class='ocrx_word' id='word_1_187' title='bbox 607 3737 760 3797; x_wconf 86' lang='lat' dir='ltr'><strong>Iesu</strong></span> <span class='ocrx_word' id='word_1_188' title='bbox 797 3736 1066 3806; x_wconf 79' lang='lat' dir='ltr'><strong>Christi,</strong></span> <span class='ocrx_word' id='word_1_189' title='bbox 1102 3740 1165 3793; x_wconf 86' lang='lat' dir='ltr'><strong>et</strong></span> <span class='ocrx_word' id='word_1_190' title='bbox 1198 3752 1314 3793; x_wconf 83' lang='lat' dir='ltr'><strong>nos</strong></span> <span class='ocrx_word' id='word_1_191' title='bbox 1348 3736 1422 3793; x_wconf 77' lang='lat' dir='ltr'><strong>in</strong></span> <span class='ocrx_word' id='word_1_192' title='bbox 1461 3734 1713 3794; x_wconf 82' lang='lat' dir='ltr'><strong>Christo</strong></span> <span class='ocrx_word' id='word_1_193' title='bbox 1746 3733 1901 3793; x_wconf 87' lang='lat' dir='ltr'><strong>Iesu</strong></span> <span class='ocrx_word' id='word_1_194' title='bbox 1933 3735 2293 3805; x_wconf 85' lang='lat' dir='ltr'><strong>credimus,</strong></span> <span class='ocrx_word' id='word_1_195' title='bbox 2328 3741 2401 3793; x_wconf 90' lang='lat' dir='ltr'><strong>ut</strong></span> <span class='ocrx_word' id='word_1_196' title='bbox 2425 3729 2874 3814; x_wconf 79' lang='lat' dir='ltr'><strong>justificemur</strong></span> <span class='ocrx_word' id='word_1_197' title='bbox 2907 3755 2992 3795; x_wconf 78' lang='lat' dir='ltr'><strong>eae</strong></span> <span class='ocrx_word' id='word_1_198' title='bbox 3017 3736 3143 3815; x_wconf 84' lang='lat' dir='ltr'><strong>fide</strong></span> <span class='ocrx_word' id='word_1_199' title='bbox 3175 3736 3439 3811; x_wconf 82' lang='lat' dir='ltr'><strong>Christi,</strong></span> <span class='ocrx_word' id='word_1_200' title='bbox 3468 3743 3532 3795; x_wconf 86' lang='lat' dir='ltr'><strong>et</strong></span> <span class='ocrx_word' id='word_1_201' title='bbox 3570 3755 3709 3797; x_wconf 81' lang='lat' dir='ltr'><strong>non</strong></span> 
     </span>
     <span class='ocr_line' id='line_1_24' title="bbox 594 3836 3700 3918; baseline -0.001 -17"><span class='ocrx_word' id='word_1_202' title='bbox 594 3861 682 3901; x_wconf 79' lang='lat' dir='ltr'><strong>ex</strong></span> <span class='ocrx_word' id='word_1_203' title='bbox 730 3839 1031 3918; x_wconf 82' lang='lat' dir='ltr'><strong>operibus</strong></span> <span class='ocrx_word' id='word_1_204' title='bbox 1085 3842 1293 3916; x_wconf 73' lang='lat' dir='ltr'><strong>chis.</strong></span> <span class='ocrx_word' id='word_1_205' title='bbox 1329 3836 1379 3916; x_wconf 85' lang='lat'><strong>²)</strong></span> <span class='ocrx_word' id='word_1_206' title='bbox 1433 3838 1640 3914; x_wconf 89' lang='lat' dir='ltr'><strong>Cujus</strong></span> <span class='ocrx_word' id='word_1_207' title='bbox 1692 3855 1932 3900; x_wconf 89' lang='lat' dir='ltr'><strong>sensus</strong></span> <span class='ocrx_word' id='word_1_208' title='bbox 1983 3840 2137 3899; x_wconf 90' lang='lat' dir='ltr'><strong>talis</strong></span> <span class='ocrx_word' id='word_1_209' title='bbox 2186 3842 2305 3899; x_wconf 91' lang='lat' dir='ltr'><strong>est.</strong></span> <span class='ocrx_word' id='word_1_210' title='bbox 2359 3838 2587 3899; x_wconf 87' lang='lat' dir='ltr'><strong>Gratia</strong></span> <span class='ocrx_word' id='word_1_211' title='bbox 2635 3839 2752 3899; x_wconf 94' lang='lat' dir='ltr'><strong>Dei</strong></span> <span class='ocrx_word' id='word_1_212' title='bbox 2788 3839 3271 3915; x_wconf 88' lang='lat' dir='ltr'><strong>subjectionem</strong></span> <span class='ocrx_word' id='word_1_213' title='bbox 3305 3840 3536 3916; x_wconf 90' lang='lat' dir='ltr'><strong>populi</strong></span> <span class='ocrx_word' id='word_1_214' title='bbox 3570 3856 3700 3915; x_wconf 89' lang='lat' dir='ltr'><strong>per</strong></span> 
     </span>
     <span class='ocr_line' id='line_1_25' title="bbox 596 3942 3695 4022; baseline -0.001 -18"><span class='ocrx_word' id='word_1_215' title='bbox 596 3944 920 4022; x_wconf 90' lang='lat' dir='ltr'><strong>Spiritum</strong></span> <span class='ocrx_word' id='word_1_216' title='bbox 952 3943 1264 4003; x_wconf 90' lang='lat' dir='ltr'><strong>Sanctum</strong></span> <span class='ocrx_word' id='word_1_217' title='bbox 1299 3942 1570 4017; x_wconf 88' lang='lat' dir='ltr'><strong>invenit,</strong></span> <span class='ocrx_word' id='word_1_218' title='bbox 1606 3945 1765 4019; x_wconf 87' lang='lat' dir='ltr'><strong>quia</strong></span> <span class='ocrx_word' id='word_1_219' title='bbox 1800 3944 2030 4019; x_wconf 87' lang='lat' dir='ltr'><strong>lapsus</strong></span> <span class='ocrx_word' id='word_1_220' title='bbox 2063 3943 2243 4003; x_wconf 88' lang='lat' dir='ltr'><strong>Adae</strong></span> <span class='ocrx_word' id='word_1_221' title='bbox 2291 3943 2550 4003; x_wconf 89' lang='lat' dir='ltr'><strong>animas</strong></span> <span class='ocrx_word' id='word_1_222' title='bbox 2579 3943 2918 4018; x_wconf 88' lang='lat' dir='ltr'><strong>justorum</strong></span> <span class='ocrx_word' id='word_1_223' title='bbox 2949 3943 3401 4018; x_wconf 86' lang='lat' dir='ltr'><strong>mortificavit,</strong></span> <span class='ocrx_word' id='word_1_224' title='bbox 3437 3946 3505 4003; x_wconf 91' lang='lat' dir='ltr'><strong>et</strong></span> <span class='ocrx_word' id='word_1_225' title='bbox 3542 3943 3695 4002; x_wconf 89' lang='lat' dir='ltr'><strong>ideo</strong></span> 
     </span>
     <span class='ocr_line' id='line_1_26' title="bbox 591 4046 3696 4124; baseline 0 -17"><span class='ocrx_word' id='word_1_226' title='bbox 591 4048 795 4109; x_wconf 80' lang='lat' dir='ltr'><strong>etiam</strong></span> <span class='ocrx_word' id='word_1_227' title='bbox 829 4048 1081 4124; x_wconf 82' lang='lat' dir='ltr'><strong>digitus</strong></span> <span class='ocrx_word' id='word_1_228' title='bbox 1113 4047 1230 4107; x_wconf 89' lang='lat' dir='ltr'><strong>Dei</strong></span> <span class='ocrx_word' id='word_1_229' title='bbox 1279 4048 1518 4122; x_wconf 82' lang='lat' dir='ltr'><strong>Legem</strong></span> <span class='ocrx_word' id='word_1_230' title='bbox 1553 4063 1671 4123; x_wconf 88' lang='lat' dir='ltr'><strong>per</strong></span> <span class='ocrx_word' id='word_1_231' title='bbox 1719 4048 1985 4122; x_wconf 86' lang='lat' dir='ltr'><strong>Moysen</strong></span> <span class='ocrx_word' id='word_1_232' title='bbox 2021 4047 2314 4122; x_wconf 90' lang='lat' dir='ltr'><strong>scripsit.</strong></span> <span class='ocrx_word' id='word_1_233' title='bbox 2352 4046 2513 4106; x_wconf 89' lang='lat' dir='ltr'><strong>Nam</strong></span> <span class='ocrx_word' id='word_1_234' title='bbox 2564 4064 2720 4107; x_wconf 88' lang='lat' dir='ltr'><strong>caro</strong></span> <span class='ocrx_word' id='word_1_235' title='bbox 2754 4047 3004 4107; x_wconf 86' lang='lat' dir='ltr'><strong>violata</strong></span> <span class='ocrx_word' id='word_1_236' title='bbox 3053 4048 3372 4108; x_wconf 86' lang='lat' dir='ltr'><strong>violatam</strong></span> <span class='ocrx_word' id='word_1_237' title='bbox 3419 4062 3696 4109; x_wconf 88' lang='lat' dir='ltr'><strong>carnem</strong></span> 
     </span>
     <span class='ocr_line' id='line_1_27' title="bbox 593 4149 3701 4228; baseline 0 -18"><span class='ocrx_word' id='word_1_238' title='bbox 593 4151 881 4212; x_wconf 87' lang='lat' dir='ltr'><strong>liberare</strong></span> <span class='ocrx_word' id='word_1_239' title='bbox 914 4167 1045 4212; x_wconf 91' lang='lat' dir='ltr'><strong>non</strong></span> <span class='ocrx_word' id='word_1_240' title='bbox 1077 4151 1315 4228; x_wconf 88' lang='lat' dir='ltr'><strong>potuit,</strong></span> <span class='ocrx_word' id='word_1_241' title='bbox 1353 4153 1666 4227; x_wconf 88' lang='lat' dir='ltr'><strong>quoniam</strong></span> <span class='ocrx_word' id='word_1_242' title='bbox 1703 4151 1952 4211; x_wconf 87' lang='lat' dir='ltr'><strong>violata</strong></span> <span class='ocrx_word' id='word_1_243' title='bbox 1988 4150 2132 4210; x_wconf 87' lang='lat' dir='ltr'><strong>fuit.</strong></span> <span class='ocrx_word' id='word_1_244' title='bbox 2170 4149 2351 4210; x_wconf 91' lang='lat' dir='ltr'><strong>Unde</strong></span> <span class='ocrx_word' id='word_1_245' title='bbox 2384 4149 2701 4210; x_wconf 90' lang='lat' dir='ltr'><strong>Dominus</strong></span> <span class='ocrx_word' id='word_1_246' title='bbox 2745 4151 2955 4226; x_wconf 84' lang='lat' dir='ltr'><strong>Moysi</strong></span> <span class='ocrx_word' id='word_1_247' title='bbox 2994 4167 3113 4227; x_wconf 88' lang='lat' dir='ltr'><strong>per</strong></span> <span class='ocrx_word' id='word_1_248' title='bbox 3145 4152 3385 4227; x_wconf 84' lang='lat' dir='ltr'><strong>Legem</strong></span> <span class='ocrx_word' id='word_1_249' title='bbox 3421 4166 3701 4228; x_wconf 86' lang='lat' dir='ltr'><strong>praece-</strong></span> 
     </span>
     <span class='ocr_line' id='line_1_28' title="bbox 592 4253 3701 4332; baseline 0.001 -19"><span class='ocrx_word' id='word_1_250' title='bbox 592 4255 714 4329; x_wconf 92' lang='lat' dir='ltr'><strong>pit,</strong></span> <span class='ocrx_word' id='word_1_251' title='bbox 749 4257 823 4315; x_wconf 91' lang='lat' dir='ltr'><strong>ut</strong></span> <span class='ocrx_word' id='word_1_252' title='bbox 856 4255 1158 4315; x_wconf 87' lang='lat' dir='ltr'><strong>homines</strong></span> <span class='ocrx_word' id='word_1_253' title='bbox 1191 4256 1416 4315; x_wconf 90' lang='lat' dir='ltr'><strong>hircos</strong></span> <span class='ocrx_word' id='word_1_254' title='bbox 1449 4258 1516 4315; x_wconf 94' lang='lat' dir='ltr'><strong>et</strong></span> <span class='ocrx_word' id='word_1_255' title='bbox 1548 4258 1780 4316; x_wconf 89' lang='lat' dir='ltr'><strong>tauros</strong></span> <span class='ocrx_word' id='word_1_256' title='bbox 1815 4254 1882 4313; x_wconf 91' lang='lat' dir='ltr'><strong>in</strong></span> <span class='ocrx_word' id='word_1_257' title='bbox 1911 4253 2323 4329; x_wconf 88' lang='lat' dir='ltr'><strong>subjectione</strong></span> <span class='ocrx_word' id='word_1_258' title='bbox 2349 4254 2764 4315; x_wconf 90' lang='lat' dir='ltr'><strong>obedientiae</strong></span> <span class='ocrx_word' id='word_1_259' title='bbox 2800 4254 2926 4331; x_wconf 88' lang='lat' dir='ltr'><strong>ipsi</strong></span> <span class='ocrx_word' id='word_1_260' title='bbox 2955 4254 3434 4330; x_wconf 88' lang='lat' dir='ltr'><strong>sacrificarent,</strong></span> <span class='ocrx_word' id='word_1_261' title='bbox 3464 4270 3701 4332; x_wconf 86' lang='lat' dir='ltr'><strong>quem-</strong></span> 
     </span>
    </p>
   </div>
   <div class='ocr_carea' id='block_1_10' title="bbox 572 4445 3694 5209">
    <p class='ocr_par' dir='ltr' id='par_1_10' title="bbox 572 4445 3694 5209">
     <span class='ocr_line' id='line_1_29' title="bbox 665 4445 3694 4520; baseline -0.001 -16"><span class='ocrx_word' id='word_1_262' title='bbox 665 4446 707 4512; x_wconf 85' lang='lat'><strong>¹)</strong></span> <span class='ocrx_word' id='word_1_263' title='bbox 734 4447 1101 4520; x_wconf 82' lang='lat' dir='ltr'><strong>Expendatur</strong></span> <span class='ocrx_word' id='word_1_264' title='bbox 1139 4446 1402 4517; x_wconf 80' lang='lat' dir='ltr'><strong>diligenti</strong></span> <span class='ocrx_word' id='word_1_265' title='bbox 1446 4448 1642 4503; x_wconf 87' lang='lat' dir='ltr'><strong>lectori</strong></span> <span class='ocrx_word' id='word_1_266' title='bbox 1683 4453 1740 4502; x_wconf 87' lang='lat' dir='ltr'><strong>et</strong></span> <span class='ocrx_word' id='word_1_267' title='bbox 1773 4446 2102 4504; x_wconf 82' lang='lat' dir='ltr'><strong>conseratur</strong></span> <span class='ocrx_word' id='word_1_268' title='bbox 2187 4445 2455 4502; x_wconf 80' lang='lat' dir='ltr'><strong>stamenti</strong></span> <span class='ocrx_word' id='word_1_269' title='bbox 2487 4453 2774 4518; x_wconf 85' lang='lat' dir='ltr'><strong>respectus</strong></span> <span class='ocrx_word' id='word_1_270' title='bbox 2807 4463 2871 4503; x_wconf 83' lang='lat' dir='ltr'><strong>ac</strong></span> <span class='ocrx_word' id='word_1_271' title='bbox 2906 4446 3233 4519; x_wconf 80' lang='lat' dir='ltr'><strong>prophetica</strong></span> <span class='ocrx_word' id='word_1_272' title='bbox 3268 4448 3517 4508; x_wconf 74' lang='lat' dir='ltr'><strong>oracula.</strong></span> <span class='ocrx_word' id='word_1_273' title='bbox 3544 4462 3694 4516; x_wconf 77' lang='lat' dir='ltr'><strong>quac</strong></span> 
     </span>
     <span class='ocr_line' id='line_1_30' title="bbox 591 4532 3690 4607; baseline 0.001 -23"><span class='ocrx_word' id='word_1_274' title='bbox 591 4532 732 4589; x_wconf 81' lang='lat' dir='ltr'><strong>haec</strong></span> <span class='ocrx_word' id='word_1_275' title='bbox 760 4536 1019 4607; x_wconf 79' lang='lat' dir='ltr'><strong>protectio</strong></span> <span class='ocrx_word' id='word_1_276' title='bbox 1056 4541 1282 4589; x_wconf 72' lang='lat' dir='ltr'><strong>secretae</strong></span> <span class='ocrx_word' id='word_1_277' title='bbox 1311 4535 1736 4605; x_wconf 76' lang='lat' dir='ltr'><strong>profunditatis.</strong></span> <span class='ocrx_word' id='word_1_278' title='bbox 1770 4538 1888 4586; x_wconf 90' lang='lat' dir='ltr'><strong>tum</strong></span> <span class='ocrx_word' id='word_1_279' title='bbox 1929 4548 2095 4604; x_wconf 84' lang='lat' dir='ltr'><strong>supra</strong></span> <span class='ocrx_word' id='word_1_280' title='bbox 2186 4532 2433 4603; x_wconf 86' lang='lat' dir='ltr'><strong>priscum</strong></span> <span class='ocrx_word' id='word_1_281' title='bbox 2462 4532 2657 4589; x_wconf 80' lang='lat' dir='ltr'><strong>foedus</strong></span> <span class='ocrx_word' id='word_1_282' title='bbox 2696 4536 2989 4591; x_wconf 73' lang='lat' dir='ltr'><strong>insudabat</strong></span> <span class='ocrx_word' id='word_1_283' title='bbox 3016 4533 3266 4601; x_wconf 79' lang='lat' dir='ltr'><strong>(active),</strong></span> <span class='ocrx_word' id='word_1_284' title='bbox 3301 4539 3358 4588; x_wconf 85' lang='lat' dir='ltr'><strong>et</strong></span> <span class='ocrx_word' id='word_1_285' title='bbox 3388 4533 3564 4587; x_wconf 85' lang='lat' dir='ltr'><strong>veluti</strong></span> <span class='ocrx_word' id='word_1_286' title='bbox 3601 4549 3690 4586; x_wconf 79' lang='lat' dir='ltr'><strong>ro-</strong></span> 
     </span>
     <span class='ocr_line' id='line_1_31' title="bbox 587 4615 3682 4692; baseline 0.002 -23"><span class='ocrx_word' id='word_1_287' title='bbox 587 4634 645 4672; x_wconf 87' lang='lat' dir='ltr'><strong>n.</strong></span> <span class='ocrx_word' id='word_1_288' title='bbox 678 4622 746 4672; x_wconf 82' lang='lat'><strong>26</strong></span> <span class='ocrx_word' id='word_1_289' title='bbox 773 4636 870 4691; x_wconf 82' lang='lat' dir='ltr'><strong>per</strong></span> <span class='ocrx_word' id='word_1_290' title='bbox 893 4635 1110 4673; x_wconf 79' lang='lat' dir='ltr'><strong>manum</strong></span> <span class='ocrx_word' id='word_1_291' title='bbox 1146 4621 1492 4691; x_wconf 76' lang='lat' dir='ltr'><strong>protectionis</strong></span> <span class='ocrx_word' id='word_1_292' title='bbox 1515 4635 1667 4680; x_wconf 77' lang='lat' dir='ltr'><strong>suae,</strong></span> <span class='ocrx_word' id='word_1_293' title='bbox 1707 4622 1764 4672; x_wconf 86' lang='lat' dir='ltr'><strong>et</strong></span> <span class='ocrx_word' id='word_1_294' title='bbox 1792 4634 1846 4674; x_wconf 91' lang='lat' dir='ltr'><strong>n.</strong></span> <span class='ocrx_word' id='word_1_295' title='bbox 1880 4624 1942 4674; x_wconf 79' lang='grc'><strong>31</strong></span> <span class='ocrx_word' id='word_1_296' title='bbox 1966 4638 2095 4692; x_wconf 79' lang='lat' dir='ltr'><strong>pro-</strong></span> <span class='ocrx_word' id='word_1_297' title='bbox 2183 4617 2263 4673; x_wconf 83' lang='lat' dir='ltr'><strong>ris</strong></span> <span class='ocrx_word' id='word_1_298' title='bbox 2301 4618 2480 4673; x_wconf 82' lang='lat' dir='ltr'><strong>instar</strong></span> <span class='ocrx_word' id='word_1_299' title='bbox 2514 4618 2839 4674; x_wconf 83' lang='lat' dir='ltr'><strong>messianici</strong></span> <span class='ocrx_word' id='word_1_300' title='bbox 2879 4615 3226 4679; x_wconf 78' lang='lat' dir='ltr'><strong>effundebat,</strong></span> <span class='ocrx_word' id='word_1_301' title='bbox 3268 4625 3325 4674; x_wconf 88' lang='lat' dir='ltr'><strong>et</strong></span> <span class='ocrx_word' id='word_1_302' title='bbox 3363 4620 3682 4683; x_wconf 70' lang='lat' dir='ltr'><strong>anhelabat.</strong></span> 
     </span>
     <span class='ocr_line' id='line_1_32' title="bbox 585 4702 3685 4778; baseline 0.001 -19"><span class='ocrx_word' id='word_1_303' title='bbox 585 4707 739 4761; x_wconf 85' lang='lat' dir='ltr'><strong>tectio</strong></span> <span class='ocrx_word' id='word_1_304' title='bbox 773 4708 1117 4778; x_wconf 70' lang='lat' dir='ltr'><strong>propheticae</strong></span> <span class='ocrx_word' id='word_1_305' title='bbox 1151 4707 1564 4766; x_wconf 70' lang='lat' dir='ltr'><strong>admitionis.</strong></span> <span class='ocrx_word' id='word_1_306' title='bbox 1608 4710 1728 4758; x_wconf 88' lang='lat' dir='ltr'><strong>tum</strong></span> <span class='ocrx_word' id='word_1_307' title='bbox 1756 4703 1905 4759; x_wconf 81' lang='lat' dir='ltr'><strong>infra</strong></span> <span class='ocrx_word' id='word_1_308' title='bbox 1933 4722 1988 4761; x_wconf 88' lang='lat' dir='ltr'><strong>n.</strong></span> <span class='ocrx_word' id='word_1_309' title='bbox 2023 4711 2089 4761; x_wconf 89' lang='grc'><strong>33</strong></span> <span class='ocrx_word' id='word_1_310' title='bbox 2180 4718 2356 4772; x_wconf 89' lang='lat' dir='ltr'><strong>quum</strong></span> <span class='ocrx_word' id='word_1_311' title='bbox 2385 4703 2737 4774; x_wconf 79' lang='lat' dir='ltr'><strong>patriarchae</strong></span> <span class='ocrx_word' id='word_1_312' title='bbox 2769 4704 2919 4758; x_wconf 83' lang='lat' dir='ltr'><strong>diem</strong></span> <span class='ocrx_word' id='word_1_313' title='bbox 2948 4702 3161 4759; x_wconf 86' lang='lat' dir='ltr'><strong>Christi</strong></span> <span class='ocrx_word' id='word_1_314' title='bbox 3196 4704 3383 4760; x_wconf 82' lang='lat' dir='ltr'><strong>videre</strong></span> <span class='ocrx_word' id='word_1_315' title='bbox 3408 4709 3685 4775; x_wconf 82' lang='lat' dir='ltr'><strong>optabant</strong></span> 
     </span>
     <span class='ocr_line' id='line_1_33' title="bbox 581 4790 3685 4864; baseline 0 -15"><span class='ocrx_word' id='word_1_316' title='bbox 581 4810 780 4849; x_wconf 74' lang='lat' dir='ltr'><strong>novum</strong></span> <span class='ocrx_word' id='word_1_317' title='bbox 806 4792 1249 4858; x_wconf 82' lang='lat' dir='ltr'><strong>(Testamentum</strong></span> <span class='ocrx_word' id='word_1_318' title='bbox 1284 4790 1457 4859; x_wconf 82' lang='lat' dir='ltr'><strong>quod)</strong></span> <span class='ocrx_word' id='word_1_319' title='bbox 1484 4792 1558 4845; x_wconf 78' lang='lat' dir='ltr'><strong>ad</strong></span> <span class='ocrx_word' id='word_1_320' title='bbox 1576 4795 1954 4863; x_wconf 79' lang='lat' dir='ltr'><strong>protectionem</strong></span> <span class='ocrx_word' id='word_1_321' title='bbox 1977 4810 2091 4848; x_wconf 89' lang='lat' dir='ltr'><strong>coe·</strong></span> <span class='ocrx_word' id='word_1_322' title='bbox 2176 4795 2235 4846; x_wconf 86' lang='lat' dir='ltr'><strong>et</strong></span> <span class='ocrx_word' id='word_1_323' title='bbox 2260 4790 2596 4859; x_wconf 82' lang='lat' dir='ltr'><strong>gaudebant.</strong></span> <span class='ocrx_word' id='word_1_324' title='bbox 2625 4792 2895 4847; x_wconf 81' lang='lat' dir='ltr'><strong>Protectio</strong></span> <span class='ocrx_word' id='word_1_325' title='bbox 2918 4790 3096 4860; x_wconf 85' lang='lat' dir='ltr'><strong>igitur</strong></span> <span class='ocrx_word' id='word_1_326' title='bbox 3114 4797 3173 4847; x_wconf 86' lang='lat' dir='ltr'><strong>et</strong></span> <span class='ocrx_word' id='word_1_327' title='bbox 3197 4794 3436 4864; x_wconf 67' lang='lat' dir='ltr'><strong>defensio</strong></span> <span class='ocrx_word' id='word_1_328' title='bbox 3457 4793 3685 4851; x_wconf 83' lang='lat' dir='ltr'><strong>videtur</strong></span> 
     </span>
     <span class='ocr_line' id='line_1_34' title="bbox 578 4876 3681 4948; baseline 0.001 -15"><span class='ocrx_word' id='word_1_329' title='bbox 578 4880 794 4935; x_wconf 72' lang='lat' dir='ltr'><strong>testium</strong></span> <span class='ocrx_word' id='word_1_330' title='bbox 816 4878 1062 4939; x_wconf 73' lang='lat' dir='ltr'><strong>anhelat,</strong></span> <span class='ocrx_word' id='word_1_331' title='bbox 1091 4881 1150 4931; x_wconf 87' lang='lat' dir='ltr'><strong>et</strong></span> <span class='ocrx_word' id='word_1_332' title='bbox 1176 4892 1230 4931; x_wconf 88' lang='lat' dir='ltr'><strong>n.</strong></span> <span class='ocrx_word' id='word_1_333' title='bbox 1264 4880 1331 4930; x_wconf 89' lang='grc'><strong>35</strong></span> <span class='ocrx_word' id='word_1_334' title='bbox 1357 4878 1582 4931; x_wconf 80' lang='lat' dir='ltr'><strong>divinae</strong></span> <span class='ocrx_word' id='word_1_335' title='bbox 1610 4879 1961 4948; x_wconf 75' lang='lat' dir='ltr'><strong>protectionis</strong></span> <span class='ocrx_word' id='word_1_336' title='bbox 1995 4895 2088 4932; x_wconf 85' lang='lat' dir='ltr'><strong>ra-</strong></span> <span class='ocrx_word' id='word_1_337' title='bbox 2176 4877 2405 4948; x_wconf 80' lang='lat' dir='ltr'><strong>provida</strong></span> <span class='ocrx_word' id='word_1_338' title='bbox 2435 4876 2628 4934; x_wconf 84' lang='lat' dir='ltr'><strong>Sancti</strong></span> <span class='ocrx_word' id='word_1_339' title='bbox 2669 4876 2919 4948; x_wconf 84' lang='lat' dir='ltr'><strong>Spiritus</strong></span> <span class='ocrx_word' id='word_1_340' title='bbox 2949 4877 3296 4940; x_wconf 81' lang='lat' dir='ltr'><strong>oeconomia,</strong></span> <span class='ocrx_word' id='word_1_341' title='bbox 3330 4894 3441 4948; x_wconf 83' lang='lat' dir='ltr'><strong>qua</strong></span> <span class='ocrx_word' id='word_1_342' title='bbox 3470 4881 3681 4936; x_wconf 72' lang='lat' dir='ltr'><strong>vetoris</strong></span> 
     </span>
     <span class='ocr_line' id='line_1_35' title="bbox 579 4961 3683 5033; baseline -0 -14"><span class='ocrx_word' id='word_1_343' title='bbox 579 4964 887 5024; x_wconf 73' lang='lat' dir='ltr'><strong>tionalitas.</strong></span> <span class='ocrx_word' id='word_1_344' title='bbox 916 4967 1086 5031; x_wconf 86' lang='lat' dir='ltr'><strong>atque</strong></span> <span class='ocrx_word' id='word_1_345' title='bbox 1115 4978 1169 5017; x_wconf 91' lang='lat' dir='ltr'><strong>n.</strong></span> <span class='ocrx_word' id='word_1_346' title='bbox 1201 4966 1269 5015; x_wconf 89' lang='grc'><strong>36</strong></span> <span class='ocrx_word' id='word_1_347' title='bbox 1294 4962 1649 5017; x_wconf 73' lang='lat' dir='ltr'><strong>rationalitas</strong></span> <span class='ocrx_word' id='word_1_348' title='bbox 1669 4964 1731 5016; x_wconf 78' lang='lat' dir='ltr'><strong>in</strong></span> <span class='ocrx_word' id='word_1_349' title='bbox 1754 4965 1920 5017; x_wconf 79' lang='lat' dir='ltr'><strong>veteri</strong></span> <span class='ocrx_word' id='word_1_350' title='bbox 1947 4962 2086 5033; x_wconf 75' lang='lat' dir='ltr'><strong>leye</strong></span> <span class='ocrx_word' id='word_1_351' title='bbox 2170 4961 2519 5016; x_wconf 82' lang='lat' dir='ltr'><strong>Testamenti</strong></span> <span class='ocrx_word' id='word_1_352' title='bbox 2548 4978 2746 5017; x_wconf 82' lang='lat' dir='ltr'><strong>arcana</strong></span> <span class='ocrx_word' id='word_1_353' title='bbox 2782 4961 2848 5015; x_wconf 84' lang='lat' dir='ltr'><strong>ad</strong></span> <span class='ocrx_word' id='word_1_354' title='bbox 2891 4961 3023 5016; x_wconf 72' lang='lat' dir='ltr'><strong>novi</strong></span> <span class='ocrx_word' id='word_1_355' title='bbox 3051 4962 3319 5033; x_wconf 78' lang='lat' dir='ltr'><strong>mysteria</strong></span> <span class='ocrx_word' id='word_1_356' title='bbox 3348 4962 3683 5030; x_wconf 80' lang='lat' dir='ltr'><strong>diriguntur</strong></span> 
     </span>
     <span class='ocr_line' id='line_1_36' title="bbox 572 5047 3497 5124; baseline -0.001 -19"><span class='ocrx_word' id='word_1_357' title='bbox 572 5069 670 5124; x_wconf 81' lang='lat' dir='ltr'><strong>per</strong></span> <span class='ocrx_word' id='word_1_358' title='bbox 694 5052 943 5105; x_wconf 76' lang='lat' dir='ltr'><strong>divinam</strong></span> <span class='ocrx_word' id='word_1_359' title='bbox 978 5050 1336 5106; x_wconf 70' lang='lat' dir='ltr'><strong>defensionem</strong></span> <span class='ocrx_word' id='word_1_360' title='bbox 1360 5052 1568 5119; x_wconf 72' lang='lat' dir='ltr'><strong>viqem:</strong></span> <span class='ocrx_word' id='word_1_361' title='bbox 1595 5065 1660 5101; x_wconf 82' lang='lat' dir='ltr'><strong>ex</strong></span> <span class='ocrx_word' id='word_1_362' title='bbox 1689 5047 1900 5117; x_wconf 85' lang='lat' dir='ltr'><strong>quibus</strong></span> <span class='ocrx_word' id='word_1_363' title='bbox 1929 5047 2081 5102; x_wconf 82' lang='lat' dir='ltr'><strong>inter</strong></span> <span class='ocrx_word' id='word_1_364' title='bbox 2168 5053 2223 5102; x_wconf 84' lang='lat' dir='ltr'><strong>ct</strong></span> <span class='ocrx_word' id='word_1_365' title='bbox 2251 5053 2546 5104; x_wconf 75' lang='lat' dir='ltr'><strong>servantur</strong></span> <span class='ocrx_word' id='word_1_366' title='bbox 2572 5047 2961 5117; x_wconf 78' lang='lat' dir='ltr'><strong>intelligenda.</strong></span> <span class='ocrx_word' id='word_1_367' title='bbox 2995 5080 3055 5087; x_wconf 95' lang='lat'><strong>—</strong></span> <span class='ocrx_word' id='word_1_368' title='bbox 3080 5050 3125 5115; x_wconf 76' lang='lat'><strong>²)</strong></span> <span class='ocrx_word' id='word_1_369' title='bbox 3152 5048 3272 5104; x_wconf 80' lang='lat' dir='ltr'><strong>Gal.</strong></span> <span class='ocrx_word' id='word_1_370' title='bbox 3306 5048 3381 5111; x_wconf 87' lang='lat'><strong>11,</strong></span> <span class='ocrx_word' id='word_1_371' title='bbox 3417 5054 3497 5103; x_wconf 80' lang='lat'><strong>16.</strong></span> 
     </span>
     <span class='ocr_line' id='line_1_37' title="bbox 573 5132 2075 5209; baseline -0.001 -19"><span class='ocrx_word' id='word_1_372' title='bbox 573 5136 736 5208; x_wconf 85' lang='lat' dir='ltr'><strong>plura</strong></span> <span class='ocrx_word' id='word_1_373' title='bbox 784 5132 1131 5209; x_wconf 83' lang='lat' dir='ltr'><strong>exprimitur</strong></span> <span class='ocrx_word' id='word_1_374' title='bbox 1176 5138 1410 5189; x_wconf 88' lang='lat' dir='ltr'><strong>mutuus</strong></span> <span class='ocrx_word' id='word_1_375' title='bbox 1453 5132 1655 5189; x_wconf 74' lang='lat' dir='ltr'><strong>veteris</strong></span> <span class='ocrx_word' id='word_1_376' title='bbox 1701 5139 1758 5189; x_wconf 84' lang='lat' dir='ltr'><strong>et</strong></span> <span class='ocrx_word' id='word_1_377' title='bbox 1798 5132 1931 5188; x_wconf 73' lang='lat' dir='ltr'><strong>novi</strong></span> <span class='ocrx_word' id='word_1_378' title='bbox 1974 5132 2075 5188; x_wconf 86' lang='lat' dir='ltr'><strong>Te-</strong></span> 
     </span>
    </p>
   </div>
  </div>
 </body>
</html>
