<?xml version="1.0" encoding="UTF-8"?>
<!DOCTYPE html PUBLIC "-//W3C//DTD XHTML 1.0 Transitional//EN"
    "http://www.w3.org/TR/xhtml1/DTD/xhtml1-transitional.dtd">
<html xmlns="http://www.w3.org/1999/xhtml" xml:lang="en" lang="en">
 <head>
  <title>
</title>
<meta http-equiv="Content-Type" content="text/html;charset=utf-8" />
  <meta name='ocr-system' content='tesseract 3.04.00' />
  <meta name='ocr-capabilities' content='ocr_page ocr_carea ocr_par ocr_line ocrx_word'/>
</head>
<body>
  <div class='ocr_page' id='page_1' title='image "analectasacrasp05pitrgoog_0675.png"; bbox 0 0 4036 6117; ppageno 0'>
   <div class='ocr_carea' id='block_1_1' title="bbox 1602 487 2107 533">
    <p class='ocr_par' dir='ltr' id='par_1_1' title="bbox 1602 487 2107 533">
     <span class='ocr_line' id='line_1_1' title="bbox 1602 487 2107 533; baseline -0.006 -1"><span class='ocrx_word' id='word_1_1' title='bbox 1602 487 2107 533; x_wconf 73' lang='lat' dir='ltr'><strong>EPISTOLAE.</strong></span> 
     </span>
    </p>
   </div>
   <div class='ocr_carea' id='block_1_2' title="bbox 3209 471 3337 531">
    <p class='ocr_par' dir='ltr' id='par_1_2' title="bbox 3209 471 3337 531">
     <span class='ocr_line' id='line_1_2' title="bbox 3209 471 3337 531; baseline 0.008 -1"><span class='ocrx_word' id='word_1_2' title='bbox 3209 471 3337 531; x_wconf 82' lang='lat'><strong>607</strong></span> 
     </span>
    </p>
   </div>
   <div class='ocr_carea' id='block_1_3' title="bbox 295 597 3405 685">
    <p class='ocr_par' dir='ltr' id='par_1_3' title="bbox 295 597 3405 685">
     <span class='ocr_line' id='line_1_3' title="bbox 295 597 3405 685; baseline -0 -27"><span class='ocrx_word' id='word_1_3' title='bbox 295 609 548 660; x_wconf 83' lang='lat' dir='ltr'><strong>moratus</strong></span> <span class='ocrx_word' id='word_1_4' title='bbox 576 617 700 660; x_wconf 88' lang='lat' dir='ltr'><strong>sum</strong></span> <span class='ocrx_word' id='word_1_5' title='bbox 719 611 884 679; x_wconf 82' lang='lat' dir='ltr'><strong>(quae</strong></span> <span class='ocrx_word' id='word_1_6' title='bbox 907 606 1145 659; x_wconf 79' lang='lat' dir='ltr'><strong>varietas</strong></span> <span class='ocrx_word' id='word_1_7' title='bbox 1171 620 1287 659; x_wconf 83' lang='lat' dir='ltr'><strong>cum</strong></span> <span class='ocrx_word' id='word_1_8' title='bbox 1311 607 1430 675; x_wconf 79' lang='lat' dir='ltr'><strong>ipsa</strong></span> <span class='ocrx_word' id='word_1_9' title='bbox 1451 604 1680 685; x_wconf 75' lang='lat' dir='ltr'><strong>epistola</strong></span> <span class='ocrx_word' id='word_1_10' title='bbox 1700 620 1810 657; x_wconf 78' lang='lat' dir='ltr'><strong>non</strong></span> <span class='ocrx_word' id='word_1_11' title='bbox 1889 608 1951 655; x_wconf 89' lang='grc'><strong>18</strong></span> <span class='ocrx_word' id='word_1_12' title='bbox 1991 601 2205 655; x_wconf 82' lang='lat' dir='ltr'><strong>maium</strong></span> <span class='ocrx_word' id='word_1_13' title='bbox 2253 597 2611 670; x_wconf 73' lang='lat' dir='ltr'><strong>expiravit...</strong></span> <span class='ocrx_word' id='word_1_14' title='bbox 2660 598 2694 652; x_wconf 95' lang='grc'><strong>1.</strong></span> <span class='ocrx_word' id='word_1_15' title='bbox 2748 603 2811 651; x_wconf 99' lang='grc'><strong>19</strong></span> <span class='ocrx_word' id='word_1_16' title='bbox 2853 599 3056 654; x_wconf 80' lang='lat' dir='ltr'><strong>habuit</strong></span> <span class='ocrx_word' id='word_1_17' title='bbox 3094 605 3245 671; x_wconf 83' lang='lat' dir='ltr'><strong>quod</strong></span> <span class='ocrx_word' id='word_1_18' title='bbox 3293 622 3405 663; x_wconf 85' lang='lat' dir='ltr'><strong>non</strong></span> 
     </span>
    </p>
   </div>
   <div class='ocr_carea' id='block_1_4' title="bbox 295 675 1809 1955">
    <p class='ocr_par' dir='ltr' id='par_1_4' title="bbox 295 675 1798 804">
     <span class='ocr_line' id='line_1_4' title="bbox 295 675 1798 750; baseline -0.003 -19"><span class='ocrx_word' id='word_1_19' title='bbox 295 680 651 750; x_wconf 67' lang='lat' dir='ltr'><strong>quadrat)...</strong></span> <span class='ocrx_word' id='word_1_20' title='bbox 699 677 733 731; x_wconf 92' lang='grc' dir='ltr'><strong>Ι.</strong></span> <span class='ocrx_word' id='word_1_21' title='bbox 766 681 834 730; x_wconf 89' lang='grc'><strong>29</strong></span> <span class='ocrx_word' id='word_1_22' title='bbox 871 690 943 728; x_wconf 84' lang='lat' dir='ltr'><strong>an</strong></span> <span class='ocrx_word' id='word_1_23' title='bbox 968 680 1020 730; x_wconf 85' lang='lat' dir='ltr'><strong>te</strong></span> <span class='ocrx_word' id='word_1_24' title='bbox 1051 675 1238 730; x_wconf 77' lang='lat' dir='ltr'><strong>inis...</strong></span> <span class='ocrx_word' id='word_1_25' title='bbox 1288 676 1322 729; x_wconf 88' lang='grc' dir='ltr'><strong>Ι.</strong></span> <span class='ocrx_word' id='word_1_26' title='bbox 1367 678 1436 729; x_wconf 92' lang='grc'><strong>30</strong></span> <span class='ocrx_word' id='word_1_27' title='bbox 1466 691 1525 730; x_wconf 79' lang='grc' dir='ltr'><strong>ιη</strong></span> <span class='ocrx_word' id='word_1_28' title='bbox 1553 675 1798 729; x_wconf 83' lang='lat' dir='ltr'><strong>latinum</strong></span> 
     </span>
     <span class='ocr_line' id='line_1_5' title="bbox 321 749 566 804; baseline 0.016 -4"><span class='ocrx_word' id='word_1_29' title='bbox 321 749 566 804; x_wconf 79' lang='lat' dir='ltr'><strong>›roserat.</strong></span> 
     </span>
    </p>

    <p class='ocr_par' dir='ltr' id='par_1_5' title="bbox 296 767 1801 1103">
     <span class='ocr_line' id='line_1_6' title="bbox 299 767 1800 891; baseline -0.005 -16"><span class='ocrx_word' id='word_1_30' title='bbox 299 767 316 819; x_wconf 56' lang='grc' dir='ltr'><strong>ι</strong></span> <span class='ocrx_word' id='word_1_31' title='bbox 368 822 547 891; x_wconf 74' lang='lat' dir='ltr'><strong>Epist.</strong></span> <span class='ocrx_word' id='word_1_32' title='bbox 593 819 672 872; x_wconf 92' lang='grc' dir='ltr'><strong>ΙΙ.</strong></span> <span class='ocrx_word' id='word_1_33' title='bbox 701 836 756 890; x_wconf 84' lang='lat' dir='ltr'><strong>p.</strong></span> <span class='ocrx_word' id='word_1_34' title='bbox 788 819 910 869; x_wconf 79' lang='grc'><strong>331</strong></span> <span class='ocrx_word' id='word_1_35' title='bbox 946 817 1046 870; x_wconf 76' lang='lat' dir='ltr'><strong>liu.</strong></span> <span class='ocrx_word' id='word_1_36' title='bbox 1090 820 1153 869; x_wconf 82' lang='lat'><strong>15</strong></span> <span class='ocrx_word' id='word_1_37' title='bbox 1196 815 1436 870; x_wconf 81' lang='lat' dir='ltr'><strong>vivendo</strong></span> <span class='ocrx_word' id='word_1_38' title='bbox 1477 822 1704 885; x_wconf 80' lang='lat' dir='ltr'><strong>regatur</strong></span> <span class='ocrx_word' id='word_1_39' title='bbox 1743 822 1800 868; x_wconf 88' lang='lat' dir='ltr'><strong>et</strong></span> 
     </span>
     <span class='ocr_line' id='line_1_7' title="bbox 296 886 1801 961; baseline -0.003 -17"><span class='ocrx_word' id='word_1_40' title='bbox 296 892 487 945; x_wconf 84' lang='lat' dir='ltr'><strong>anima</strong></span> <span class='ocrx_word' id='word_1_41' title='bbox 509 908 562 961; x_wconf 88' lang='lat' dir='ltr'><strong>p.</strong></span> <span class='ocrx_word' id='word_1_42' title='bbox 592 888 630 943; x_wconf 83' lang='lat' dir='ltr'><strong>s.</strong></span> <span class='ocrx_word' id='word_1_43' title='bbox 657 907 703 944; x_wconf 91' lang='lat' dir='ltr'><strong>c.</strong></span> <span class='ocrx_word' id='word_1_44' title='bbox 731 888 1169 957; x_wconf 76' lang='lat' dir='ltr'><strong>contempletur:</strong></span> <span class='ocrx_word' id='word_1_45' title='bbox 1200 887 1401 955; x_wconf 83' lang='lat' dir='ltr'><strong>igneus</strong></span> <span class='ocrx_word' id='word_1_46' title='bbox 1423 895 1613 943; x_wconf 81' lang='lat' dir='ltr'><strong>autem</strong></span> <span class='ocrx_word' id='word_1_47' title='bbox 1637 886 1801 958; x_wconf 85' lang='lat' dir='ltr'><strong>spiri·</strong></span> 
     </span>
     <span class='ocr_line' id='line_1_8' title="bbox 302 958 1801 1029; baseline -0.003 -14"><span class='ocrx_word' id='word_1_48' title='bbox 302 967 392 1016; x_wconf 86' lang='lat' dir='ltr'><strong>tus</strong></span> <span class='ocrx_word' id='word_1_49' title='bbox 419 978 556 1016; x_wconf 88' lang='lat' dir='ltr'><strong>suus</strong></span> <span class='ocrx_word' id='word_1_50' title='bbox 582 960 747 1016; x_wconf 88' lang='lat' dir='ltr'><strong>corda</strong></span> <span class='ocrx_word' id='word_1_51' title='bbox 788 974 982 1014; x_wconf 86' lang='lat' dir='ltr'><strong>eorum</strong></span> <span class='ocrx_word' id='word_1_52' title='bbox 1012 958 1090 1012; x_wconf 85' lang='lat' dir='ltr'><strong>ita</strong></span> <span class='ocrx_word' id='word_1_53' title='bbox 1131 958 1424 1021; x_wconf 81' lang='lat' dir='ltr'><strong>accendat,</strong></span> <span class='ocrx_word' id='word_1_54' title='bbox 1455 976 1524 1014; x_wconf 86' lang='lat' dir='ltr'><strong>ue</strong></span> <span class='ocrx_word' id='word_1_55' title='bbox 1554 972 1801 1029; x_wconf 83' lang='lat' dir='ltr'><strong>unquam</strong></span> 
     </span>
     <span class='ocr_line' id='line_1_9' title="bbox 297 1032 833 1103; baseline -0.002 -16"><span class='ocrx_word' id='word_1_56' title='bbox 297 1035 370 1087; x_wconf 89' lang='lat' dir='ltr'><strong>ab</strong></span> <span class='ocrx_word' id='word_1_57' title='bbox 401 1034 522 1103; x_wconf 83' lang='lat' dir='ltr'><strong>ipso</strong></span> <span class='ocrx_word' id='word_1_58' title='bbox 549 1032 833 1087; x_wconf 77' lang='lat' dir='ltr'><strong>recedant.</strong></span> 
     </span>
    </p>

    <p class='ocr_par' dir='ltr' id='par_1_6' title="bbox 295 1100 1809 1246">
     <span class='ocr_line' id='line_1_10' title="bbox 369 1100 1809 1176; baseline -0.002 -18"><span class='ocrx_word' id='word_1_59' title='bbox 369 1105 547 1176; x_wconf 73' lang='lat' dir='ltr'><strong>Epist.</strong></span> <span class='ocrx_word' id='word_1_60' title='bbox 583 1104 677 1158; x_wconf 90' lang='lat'><strong>111</strong></span> <span class='ocrx_word' id='word_1_61' title='bbox 694 1121 752 1175; x_wconf 86' lang='lat' dir='ltr'><strong>p.</strong></span> <span class='ocrx_word' id='word_1_62' title='bbox 784 1103 908 1156; x_wconf 81' lang='lat'><strong>334</strong></span> <span class='ocrx_word' id='word_1_63' title='bbox 936 1102 1062 1157; x_wconf 79' lang='lat' dir='ltr'><strong>coli.</strong></span> <span class='ocrx_word' id='word_1_64' title='bbox 1098 1118 1217 1155; x_wconf 83' lang='lat' dir='ltr'><strong>cum</strong></span> <span class='ocrx_word' id='word_1_65' title='bbox 1236 1104 1386 1157; x_wconf 79' lang='lat' dir='ltr'><strong>codd.</strong></span> <span class='ocrx_word' id='word_1_66' title='bbox 1424 1100 1648 1158; x_wconf 77' lang='lat' dir='ltr'><strong>Vindob.</strong></span> <span class='ocrx_word' id='word_1_67' title='bbox 1683 1102 1809 1155; x_wconf 74' lang='lat'><strong>628</strong></span> 
     </span>
     <span class='ocr_line' id='line_1_11' title="bbox 295 1176 880 1246; baseline -0.009 -15"><span class='ocrx_word' id='word_1_68' title='bbox 295 1177 340 1246; x_wconf 78' lang='lat' dir='ltr'><strong>s.</strong></span> <span class='ocrx_word' id='word_1_69' title='bbox 373 1179 458 1230; x_wconf 87' lang='grc'><strong>33</strong></span> <span class='ocrx_word' id='word_1_70' title='bbox 482 1181 531 1230; x_wconf 84' lang='lat' dir='ltr'><strong>et</strong></span> <span class='ocrx_word' id='word_1_71' title='bbox 555 1176 679 1229; x_wconf 80' lang='lat'><strong>629</strong></span> <span class='ocrx_word' id='word_1_72' title='bbox 704 1176 748 1245; x_wconf 78' lang='lat' dir='ltr'><strong>s.</strong></span> <span class='ocrx_word' id='word_1_73' title='bbox 791 1176 880 1227; x_wconf 85' lang='lat'><strong>17.</strong></span> 
     </span>
    </p>

    <p class='ocr_par' dir='ltr' id='par_1_7' title="bbox 300 1241 1803 1385">
     <span class='ocr_line' id='line_1_12' title="bbox 371 1241 1803 1315; baseline -0.003 -15"><span class='ocrx_word' id='word_1_74' title='bbox 371 1249 473 1300; x_wconf 96' lang='grc'><strong>334</strong></span> <span class='ocrx_word' id='word_1_75' title='bbox 504 1245 602 1299; x_wconf 88' lang='lat' dir='ltr'><strong>liu.</strong></span> <span class='ocrx_word' id='word_1_76' title='bbox 643 1250 702 1298; x_wconf 90' lang='grc'><strong>13</strong></span> <span class='ocrx_word' id='word_1_77' title='bbox 733 1244 1036 1315; x_wconf 83' lang='lat' dir='ltr'><strong>mysticum</strong></span> <span class='ocrx_word' id='word_1_78' title='bbox 1065 1249 1123 1296; x_wconf 86' lang='lat' dir='ltr'><strong>et</strong></span> <span class='ocrx_word' id='word_1_79' title='bbox 1148 1258 1447 1298; x_wconf 83' lang='lat' dir='ltr'><strong>aureum...</strong></span> <span class='ocrx_word' id='word_1_80' title='bbox 1485 1244 1519 1298; x_wconf 94' lang='grc' dir='ltr'><strong>Ι.</strong></span> <span class='ocrx_word' id='word_1_81' title='bbox 1557 1247 1621 1297; x_wconf 89' lang='grc'><strong>19</strong></span> <span class='ocrx_word' id='word_1_82' title='bbox 1651 1241 1803 1296; x_wconf 88' lang='lat' dir='ltr'><strong>inve-</strong></span> 
     </span>
     <span class='ocr_line' id='line_1_13' title="bbox 300 1317 695 1385; baseline -0.005 -12"><span class='ocrx_word' id='word_1_83' title='bbox 300 1317 695 1385; x_wconf 68' lang='lat' dir='ltr'><strong>stigationis...</strong></span> 
     </span>
    </p>

    <p class='ocr_par' dir='ltr' id='par_1_8' title="bbox 321 1383 1807 1513">
     <span class='ocr_line' id='line_1_14' title="bbox 372 1383 1807 1442; baseline -0.003 -1"><span class='ocrx_word' id='word_1_84' title='bbox 372 1393 475 1441; x_wconf 86' lang='grc'><strong>335</strong></span> <span class='ocrx_word' id='word_1_85' title='bbox 507 1390 540 1441; x_wconf 93' lang='grc' dir='ltr'><strong>Ι.</strong></span> <span class='ocrx_word' id='word_1_86' title='bbox 572 1392 640 1440; x_wconf 87' lang='grc'><strong>29</strong></span> <span class='ocrx_word' id='word_1_87' title='bbox 679 1404 736 1441; x_wconf 83' lang='lat' dir='ltr'><strong>se</strong></span> <span class='ocrx_word' id='word_1_88' title='bbox 764 1400 990 1442; x_wconf 85' lang='lat' dir='ltr'><strong>currere</strong></span> <span class='ocrx_word' id='word_1_89' title='bbox 1029 1383 1406 1440; x_wconf 83' lang='lat' dir='ltr'><strong>ostendunt...</strong></span> <span class='ocrx_word' id='word_1_90' title='bbox 1452 1385 1486 1440; x_wconf 90' lang='grc' dir='ltr'><strong>Ι.</strong></span> <span class='ocrx_word' id='word_1_91' title='bbox 1520 1389 1587 1438; x_wconf 88' lang='grc'><strong>36</strong></span> <span class='ocrx_word' id='word_1_92' title='bbox 1629 1383 1685 1438; x_wconf 88' lang='lat' dir='ltr'><strong>in</strong></span> <span class='ocrx_word' id='word_1_93' title='bbox 1734 1389 1807 1437; x_wconf 84' lang='lat' dir='ltr'><strong>te·</strong></span> 
     </span>
     <span class='ocr_line' id='line_1_15' title="bbox 321 1476 500 1513; baseline 0.006 -1"><span class='ocrx_word' id='word_1_94' title='bbox 321 1476 500 1513; x_wconf 66' lang='lat' dir='ltr'><strong>iore...</strong></span> 
     </span>
    </p>

    <p class='ocr_par' dir='ltr' id='par_1_9' title="bbox 302 1478 1383 1602">
     <span class='ocr_line' id='line_1_16' title="bbox 302 1478 1383 1602; baseline -0.004 -17"><span class='ocrx_word' id='word_1_95' title='bbox 302 1478 319 1530; x_wconf 57' lang='grc' dir='ltr'><strong>ι</strong></span> <span class='ocrx_word' id='word_1_96' title='bbox 373 1531 549 1602; x_wconf 70' lang='lat' dir='ltr'><strong>Epist.</strong></span> <span class='ocrx_word' id='word_1_97' title='bbox 595 1528 773 1601; x_wconf 81' lang='lat' dir='ltr'><strong>V11p.</strong></span> <span class='ocrx_word' id='word_1_98' title='bbox 806 1529 927 1581; x_wconf 77' lang='lat'><strong>341</strong></span> <span class='ocrx_word' id='word_1_99' title='bbox 956 1544 1076 1581; x_wconf 83' lang='lat' dir='ltr'><strong>cum</strong></span> <span class='ocrx_word' id='word_1_100' title='bbox 1102 1528 1225 1582; x_wconf 80' lang='lat'><strong>629</strong></span> <span class='ocrx_word' id='word_1_101' title='bbox 1250 1527 1295 1599; x_wconf 81' lang='lat' dir='ltr'><strong>s.</strong></span> <span class='ocrx_word' id='word_1_102' title='bbox 1335 1531 1383 1582; x_wconf 87' lang='lat'><strong>1.</strong></span> 
     </span>
    </p>

    <p class='ocr_par' dir='ltr' id='par_1_10' title="bbox 298 1596 1808 1955">
     <span class='ocr_line' id='line_1_17' title="bbox 374 1596 1807 1655; baseline -0.003 -1"><span class='ocrx_word' id='word_1_103' title='bbox 374 1605 468 1654; x_wconf 83' lang='grc'><strong>341</strong></span> <span class='ocrx_word' id='word_1_104' title='bbox 507 1602 541 1655; x_wconf 95' lang='grc' dir='ltr'><strong>Ι.</strong></span> <span class='ocrx_word' id='word_1_105' title='bbox 570 1605 601 1653; x_wconf 89' lang='grc'>9</span> <span class='ocrx_word' id='word_1_106' title='bbox 632 1617 740 1653; x_wconf 90' lang='lat' dir='ltr'><strong>non</strong></span> <span class='ocrx_word' id='word_1_107' title='bbox 770 1605 856 1653; x_wconf 88' lang='lat' dir='ltr'><strong>cst</strong></span> <span class='ocrx_word' id='word_1_108' title='bbox 882 1612 1138 1653; x_wconf 84' lang='lat' dir='ltr'><strong>meum...</strong></span> <span class='ocrx_word' id='word_1_109' title='bbox 1175 1599 1208 1652; x_wconf 92' lang='grc' dir='ltr'><strong>Ι.</strong></span> <span class='ocrx_word' id='word_1_110' title='bbox 1242 1602 1304 1652; x_wconf 93' lang='grc'><strong>10</strong></span> <span class='ocrx_word' id='word_1_111' title='bbox 1327 1605 1379 1651; x_wconf 81' lang='lat' dir='ltr'><strong>et</strong></span> <span class='ocrx_word' id='word_1_112' title='bbox 1406 1596 1807 1653; x_wconf 80' lang='lat' dir='ltr'><strong>acutissimum</strong></span> 
     </span>
     <span class='ocr_line' id='line_1_18' title="bbox 304 1670 1803 1739; baseline -0.003 -12"><span class='ocrx_word' id='word_1_113' title='bbox 304 1674 583 1727; x_wconf 81' lang='lat' dir='ltr'><strong>bonurn...</strong></span> <span class='ocrx_word' id='word_1_114' title='bbox 621 1673 653 1726; x_wconf 92' lang='grc' dir='ltr'><strong>Ι.</strong></span> <span class='ocrx_word' id='word_1_115' title='bbox 694 1678 751 1725; x_wconf 99' lang='grc'><strong>11</strong></span> <span class='ocrx_word' id='word_1_116' title='bbox 783 1670 934 1739; x_wconf 83' lang='lat' dir='ltr'><strong>quod</strong></span> <span class='ocrx_word' id='word_1_117' title='bbox 965 1670 1129 1723; x_wconf 82' lang='lat' dir='ltr'><strong>bomo</strong></span> <span class='ocrx_word' id='word_1_118' title='bbox 1155 1674 1241 1723; x_wconf 87' lang='lat' dir='ltr'><strong>est</strong></span> <span class='ocrx_word' id='word_1_119' title='bbox 1271 1676 1427 1728; x_wconf 80' lang='lat' dir='ltr'><strong>(recte</strong></span> <span class='ocrx_word' id='word_1_120' title='bbox 1458 1677 1517 1724; x_wconf 86' lang='lat' dir='ltr'><strong>ut</strong></span> <span class='ocrx_word' id='word_1_121' title='bbox 1545 1673 1604 1723; x_wconf 80' lang='lat' dir='ltr'><strong>in</strong></span> <span class='ocrx_word' id='word_1_122' title='bbox 1630 1675 1803 1729; x_wconf 77' lang='lat' dir='ltr'><strong>nota).</strong></span> 
     </span>
     <span class='ocr_line' id='line_1_19' title="bbox 305 1738 1808 1811; baseline -0.005 -12"><span class='ocrx_word' id='word_1_123' title='bbox 305 1744 440 1799; x_wconf 83' lang='lat' dir='ltr'><strong>Nam</strong></span> <span class='ocrx_word' id='word_1_124' title='bbox 466 1746 679 1798; x_wconf 74' lang='lat' dir='ltr'><strong>DeuS...</strong></span> <span class='ocrx_word' id='word_1_125' title='bbox 707 1745 739 1796; x_wconf 94' lang='grc' dir='ltr'><strong>Ι.</strong></span> <span class='ocrx_word' id='word_1_126' title='bbox 767 1747 827 1795; x_wconf 91' lang='grc'><strong>13</strong></span> <span class='ocrx_word' id='word_1_127' title='bbox 858 1742 1137 1809; x_wconf 87' lang='lat' dir='ltr'><strong>designat.</strong></span> <span class='ocrx_word' id='word_1_128' title='bbox 1156 1742 1235 1795; x_wconf 87' lang='lat' dir='ltr'><strong>De</strong></span> <span class='ocrx_word' id='word_1_129' title='bbox 1260 1740 1636 1811; x_wconf 80' lang='lat' dir='ltr'>dispositione</span> <span class='ocrx_word' id='word_1_130' title='bbox 1657 1738 1808 1793; x_wconf 89' lang='lat' dir='ltr'><strong>enim</strong></span> 
     </span>
     <span class='ocr_line' id='line_1_20' title="bbox 300 1811 1807 1871; baseline -0.005 -1"><span class='ocrx_word' id='word_1_131' title='bbox 300 1815 400 1870; x_wconf 81' lang='lat' dir='ltr'><strong>Dei</strong></span> <span class='ocrx_word' id='word_1_132' title='bbox 423 1815 613 1871; x_wconf 86' lang='lat' dir='ltr'><strong>omnia</strong></span> <span class='ocrx_word' id='word_1_133' title='bbox 639 1812 890 1868; x_wconf 85' lang='lat' dir='ltr'><strong>viventia</strong></span> <span class='ocrx_word' id='word_1_134' title='bbox 956 1813 1246 1868; x_wconf 81' lang='lat' dir='ltr'><strong>roceduut.</strong></span> <span class='ocrx_word' id='word_1_135' title='bbox 1268 1811 1396 1865; x_wconf 81' lang='lat' dir='ltr'><strong>ideo</strong></span> <span class='ocrx_word' id='word_1_136' title='bbox 1419 1813 1565 1866; x_wconf 89' lang='lat' dir='ltr'><strong>Deus</strong></span> <span class='ocrx_word' id='word_1_137' title='bbox 1587 1811 1807 1864; x_wconf 71' lang='lat' dir='ltr'><strong>nulium</strong></span> 
     </span>
     <span class='ocr_line' id='line_1_21' title="bbox 298 1882 1806 1955; baseline -0.001 -15"><span class='ocrx_word' id='word_1_138' title='bbox 298 1885 585 1943; x_wconf 84' lang='lat' dir='ltr'><strong>desectum</strong></span> <span class='ocrx_word' id='word_1_139' title='bbox 613 1886 806 1948; x_wconf 83' lang='lat' dir='ltr'><strong>babet,</strong></span> <span class='ocrx_word' id='word_1_140' title='bbox 836 1901 861 1940; x_wconf 94' lang='lat' dir='ltr'><strong>s</strong></span> <span class='ocrx_word' id='word_1_141' title='bbox 960 1884 1079 1954; x_wconf 85' lang='lat' dir='ltr'><strong>ipse</strong></span> <span class='ocrx_word' id='word_1_142' title='bbox 1108 1891 1349 1938; x_wconf 81' lang='lat' dir='ltr'><strong>mortem</strong></span> <span class='ocrx_word' id='word_1_143' title='bbox 1378 1882 1734 1955; x_wconf 81' lang='lat' dir='ltr'><strong>superavit...</strong></span> <span class='ocrx_word' id='word_1_144' title='bbox 1771 1884 1806 1938; x_wconf 94' lang='grc' dir='ltr'><strong>Ι.</strong></span> 
     </span>
    </p>
   </div>
   <div class='ocr_carea' id='block_1_5' title="bbox 1891 670 3411 1951">
    <p class='ocr_par' dir='ltr' id='par_1_11' title="bbox 1891 670 3403 869">
     <span class='ocr_line' id='line_1_22' title="bbox 1891 670 3056 728; baseline 0 -1"><span class='ocrx_word' id='word_1_145' title='bbox 1891 672 2155 727; x_wconf 88' lang='lat' dir='ltr'><strong>decuit...</strong></span> <span class='ocrx_word' id='word_1_146' title='bbox 2192 674 2228 726; x_wconf 88' lang='grc'><strong>1.</strong></span> <span class='ocrx_word' id='word_1_147' title='bbox 2262 674 2331 723; x_wconf 85' lang='grc'><strong>25</strong></span> <span class='ocrx_word' id='word_1_148' title='bbox 2362 686 2458 725; x_wconf 85' lang='lat' dir='ltr'><strong>vos</strong></span> <span class='ocrx_word' id='word_1_149' title='bbox 2488 670 2634 723; x_wconf 90' lang='lat' dir='ltr'><strong>Deus</strong></span> <span class='ocrx_word' id='word_1_150' title='bbox 2662 672 3056 728; x_wconf 80' lang='lat' dir='ltr'><strong>construxit...</strong></span> 
     </span>
     <span class='ocr_line' id='line_1_23' title="bbox 1894 740 3403 867; baseline 0.007 -72"><span class='ocrx_word' id='word_1_151' title='bbox 1894 813 1918 867; x_wconf 64' lang='lat' dir='ltr'><strong>s</strong></span> <span class='ocrx_word' id='word_1_152' title='bbox 1964 745 2132 796; x_wconf 89' lang='grc'><strong>3421.</strong></span> <span class='ocrx_word' id='word_1_153' title='bbox 2172 748 2191 796; x_wconf 94' lang='grc'><strong>1</strong></span> <span class='ocrx_word' id='word_1_154' title='bbox 2229 757 2330 796; x_wconf 89' lang='lat' dir='ltr'><strong>nec</strong></span> <span class='ocrx_word' id='word_1_155' title='bbox 2362 740 2503 796; x_wconf 80' lang='lat' dir='ltr'><strong>iliud</strong></span> <span class='ocrx_word' id='word_1_156' title='bbox 2536 741 2721 810; x_wconf 81' lang='lat' dir='ltr'><strong>tangit</strong></span> <span class='ocrx_word' id='word_1_157' title='bbox 2759 756 2914 799; x_wconf 86' lang='lat' dir='ltr'><strong>me...</strong></span> <span class='ocrx_word' id='word_1_158' title='bbox 2950 745 2984 799; x_wconf 95' lang='grc'><strong>1.</strong></span> <span class='ocrx_word' id='word_1_159' title='bbox 3017 747 3085 797; x_wconf 97' lang='grc'><strong>20</strong></span> <span class='ocrx_word' id='word_1_160' title='bbox 3120 760 3262 815; x_wconf 86' lang='lat' dir='ltr'><strong>quae</strong></span> <span class='ocrx_word' id='word_1_161' title='bbox 3289 766 3403 806; x_wconf 87' lang='lat' dir='ltr'><strong>non</strong></span> 
     </span>
     <span class='ocr_line' id='line_1_24' title="bbox 1917 813 2128 869; baseline -0.009 0"><span class='ocrx_word' id='word_1_162' title='bbox 1917 813 2128 869; x_wconf 86' lang='lat' dir='ltr'><strong>ecistis.</strong></span> 
     </span>
    </p>

    <p class='ocr_par' dir='ltr' id='par_1_12' title="bbox 1894 883 3407 1097">
     <span class='ocr_line' id='line_1_25' title="bbox 1966 883 3402 958; baseline 0.006 -20"><span class='ocrx_word' id='word_1_163' title='bbox 1966 889 2069 939; x_wconf 91' lang='grc'><strong>343</strong></span> <span class='ocrx_word' id='word_1_164' title='bbox 2118 885 2153 938; x_wconf 93' lang='grc'><strong>1.</strong></span> <span class='ocrx_word' id='word_1_165' title='bbox 2198 886 2230 935; x_wconf 90' lang='grc'>9</span> <span class='ocrx_word' id='word_1_166' title='bbox 2269 883 2625 939; x_wconf 79' lang='lat' dir='ltr'><strong>aestimabat:</strong></span> <span class='ocrx_word' id='word_1_167' title='bbox 2677 884 2823 938; x_wconf 87' lang='lat' dir='ltr'><strong>unde</strong></span> <span class='ocrx_word' id='word_1_168' title='bbox 2861 889 2917 939; x_wconf 86' lang='lat' dir='ltr'><strong>et</strong></span> <span class='ocrx_word' id='word_1_169' title='bbox 2956 886 3031 939; x_wconf 90' lang='lat' dir='ltr'><strong>ob</strong></span> <span class='ocrx_word' id='word_1_170' title='bbox 3074 891 3402 958; x_wconf 83' lang='lat' dir='ltr'><strong>superbiam</strong></span> 
     </span>
     <span class='ocr_line' id='line_1_26' title="bbox 1894 954 3407 1026; baseline 0.007 -15"><span class='ocrx_word' id='word_1_171' title='bbox 1894 970 2053 1011; x_wconf 88' lang='lat' dir='ltr'><strong>suam</strong></span> <span class='ocrx_word' id='word_1_172' title='bbox 2085 956 2142 1009; x_wconf 92' lang='lat' dir='ltr'><strong>in</strong></span> <span class='ocrx_word' id='word_1_173' title='bbox 2172 954 2549 1025; x_wconf 83' lang='lat' dir='ltr'><strong>perditionem</strong></span> <span class='ocrx_word' id='word_1_174' title='bbox 2582 954 2707 1010; x_wconf 80' lang='lat' dir='ltr'><strong>ivit.</strong></span> <span class='ocrx_word' id='word_1_175' title='bbox 2740 954 2834 1009; x_wconf 87' lang='lat' dir='ltr'><strong>sed</strong></span> <span class='ocrx_word' id='word_1_176' title='bbox 2861 955 3064 1026; x_wconf 79' lang='lat' dir='ltr'><strong>quia...</strong></span> <span class='ocrx_word' id='word_1_177' title='bbox 3098 959 3135 1014; x_wconf 88' lang='grc' dir='ltr'><strong>Ι.</strong></span> <span class='ocrx_word' id='word_1_178' title='bbox 3170 965 3258 1018; x_wconf 88' lang='grc'><strong>26.</strong></span> <span class='ocrx_word' id='word_1_179' title='bbox 3292 965 3407 1022; x_wconf 86' lang='lat' dir='ltr'><strong>Deo</strong></span> 
     </span>
     <span class='ocr_line' id='line_1_27' title="bbox 1899 1026 2978 1097; baseline 0.001 -15"><span class='ocrx_word' id='word_1_180' title='bbox 1899 1027 2110 1082; x_wconf 79' lang='lat' dir='ltr'><strong>invidit</strong></span> <span class='ocrx_word' id='word_1_181' title='bbox 2137 1032 2193 1081; x_wconf 90' lang='lat' dir='ltr'><strong>et</strong></span> <span class='ocrx_word' id='word_1_182' title='bbox 2222 1042 2392 1097; x_wconf 86' lang='lat' dir='ltr'><strong>supra</strong></span> <span class='ocrx_word' id='word_1_183' title='bbox 2420 1042 2548 1082; x_wconf 88' lang='lat' dir='ltr'><strong>eum</strong></span> <span class='ocrx_word' id='word_1_184' title='bbox 2578 1042 2697 1081; x_wconf 82' lang='lat' dir='ltr'><strong>esse</strong></span> <span class='ocrx_word' id='word_1_185' title='bbox 2728 1026 2978 1083; x_wconf 83' lang='lat' dir='ltr'><strong>voluit...</strong></span> 
     </span>
    </p>

    <p class='ocr_par' dir='ltr' id='par_1_13' title="bbox 1897 1097 3411 1314">
     <span class='ocr_line' id='line_1_28' title="bbox 1970 1097 3400 1167; baseline 0.009 -16"><span class='ocrx_word' id='word_1_186' title='bbox 1970 1099 2137 1151; x_wconf 84' lang='grc'>3441.</span> <span class='ocrx_word' id='word_1_187' title='bbox 2173 1101 2203 1150; x_wconf 91' lang='grc'><strong>3</strong></span> <span class='ocrx_word' id='word_1_188' title='bbox 2241 1098 2342 1167; x_wconf 81' lang='lat' dir='ltr'><strong>qui</strong></span> <span class='ocrx_word' id='word_1_189' title='bbox 2383 1113 2510 1153; x_wconf 90' lang='lat' dir='ltr'><strong>sum</strong></span> <span class='ocrx_word' id='word_1_190' title='bbox 2541 1097 2776 1153; x_wconf 83' lang='lat' dir='ltr'><strong>initium</strong></span> <span class='ocrx_word' id='word_1_191' title='bbox 2816 1104 2873 1153; x_wconf 89' lang='lat' dir='ltr'><strong>et</strong></span> <span class='ocrx_word' id='word_1_192' title='bbox 2908 1098 3040 1154; x_wconf 84' lang='lat' dir='ltr'><strong>finis</strong></span> <span class='ocrx_word' id='word_1_193' title='bbox 3075 1101 3328 1162; x_wconf 79' lang='lat' dir='ltr'><strong>dicam...</strong></span> <span class='ocrx_word' id='word_1_194' title='bbox 3361 1108 3400 1164; x_wconf 91' lang='grc'><strong>1.</strong></span> 
     </span>
     <span class='ocr_line' id='line_1_29' title="bbox 1900 1169 3409 1241; baseline 0.009 -20"><span class='ocrx_word' id='word_1_195' title='bbox 1900 1175 1930 1221; x_wconf 99' lang='grc'>7</span> <span class='ocrx_word' id='word_1_196' title='bbox 1959 1182 2137 1240; x_wconf 86' lang='lat' dir='ltr'><strong>quum</strong></span> <span class='ocrx_word' id='word_1_197' title='bbox 2178 1170 2348 1223; x_wconf 89' lang='lat' dir='ltr'><strong>sudor</strong></span> <span class='ocrx_word' id='word_1_198' title='bbox 2374 1170 2500 1241; x_wconf 85' lang='lat' dir='ltr'><strong>ejus</strong></span> <span class='ocrx_word' id='word_1_199' title='bbox 2527 1169 2858 1237; x_wconf 80' lang='lat' dir='ltr'><strong>sanguinem</strong></span> <span class='ocrx_word' id='word_1_200' title='bbox 2895 1170 3115 1228; x_wconf 83' lang='lat' dir='ltr'><strong>bibit...</strong></span> <span class='ocrx_word' id='word_1_201' title='bbox 3160 1175 3197 1230; x_wconf 89' lang='grc' dir='ltr'><strong>Ι.</strong></span> <span class='ocrx_word' id='word_1_202' title='bbox 3228 1183 3299 1232; x_wconf 91' lang='grc'><strong>29</strong></span> <span class='ocrx_word' id='word_1_203' title='bbox 3325 1195 3409 1234; x_wconf 76' lang='lat' dir='ltr'><strong>se-</strong></span> 
     </span>
     <span class='ocr_line' id='line_1_30' title="bbox 1897 1240 3411 1314; baseline 0.007 -19"><span class='ocrx_word' id='word_1_204' title='bbox 1897 1241 2147 1295; x_wconf 88' lang='lat' dir='ltr'><strong>cundum</strong></span> <span class='ocrx_word' id='word_1_205' title='bbox 2188 1240 2394 1296; x_wconf 82' lang='lat' dir='ltr'><strong>merita</strong></span> <span class='ocrx_word' id='word_1_206' title='bbox 2432 1241 2757 1298; x_wconf 79' lang='lat' dir='ltr'><strong>cadentiS...</strong></span> <span class='ocrx_word' id='word_1_207' title='bbox 2791 1243 2825 1297; x_wconf 92' lang='grc' dir='ltr'><strong>Ι.</strong></span> <span class='ocrx_word' id='word_1_208' title='bbox 2859 1244 2926 1294; x_wconf 89' lang='grc'><strong>40</strong></span> <span class='ocrx_word' id='word_1_209' title='bbox 2965 1243 3034 1297; x_wconf 89' lang='lat' dir='ltr'><strong>de</strong></span> <span class='ocrx_word' id='word_1_210' title='bbox 3060 1259 3174 1314; x_wconf 88' lang='lat' dir='ltr'><strong>quo</strong></span> <span class='ocrx_word' id='word_1_211' title='bbox 3210 1266 3411 1306; x_wconf 86' lang='lat' dir='ltr'><strong>conce-</strong></span> 
     </span>
    </p>

    <p class='ocr_par' dir='ltr' id='par_1_14' title="bbox 1969 1312 3405 1385">
     <span class='ocr_line' id='line_1_31' title="bbox 1969 1312 3405 1385; baseline 0.008 -18"><span class='ocrx_word' id='word_1_212' title='bbox 1969 1312 2050 1367; x_wconf 90' lang='lat' dir='ltr'><strong>rit</strong></span> <span class='ocrx_word' id='word_1_213' title='bbox 2090 1313 2298 1382; x_wconf 86' lang='lat' dir='ltr'><strong>ipsum.</strong></span> <span class='ocrx_word' id='word_1_214' title='bbox 2337 1312 2473 1381; x_wconf 79' lang='lat' dir='ltr'><strong>quia</strong></span> <span class='ocrx_word' id='word_1_215' title='bbox 2517 1313 2574 1368; x_wconf 90' lang='lat' dir='ltr'><strong>iu</strong></span> <span class='ocrx_word' id='word_1_216' title='bbox 2605 1313 2979 1385; x_wconf 86' lang='lat' dir='ltr'><strong>concipiendo</strong></span> <span class='ocrx_word' id='word_1_217' title='bbox 3019 1314 3204 1373; x_wconf 88' lang='lat' dir='ltr'><strong>virum</strong></span> <span class='ocrx_word' id='word_1_218' title='bbox 3247 1320 3405 1377; x_wconf 82' lang='lat' dir='ltr'><strong>illam</strong></span> 
     </span>
    </p>

    <p class='ocr_par' dir='ltr' id='par_1_15' title="bbox 1941 1384 2459 1453">
     <span class='ocr_line' id='line_1_32' title="bbox 1941 1384 2459 1453; baseline 0.006 -16"><span class='ocrx_word' id='word_1_219' title='bbox 1941 1384 2167 1439; x_wconf 85' lang='lat' dir='ltr'><strong>abuisse</strong></span> <span class='ocrx_word' id='word_1_220' title='bbox 2198 1384 2459 1453; x_wconf 83' lang='lat' dir='ltr'><strong>ignoro...</strong></span> 
     </span>
    </p>

    <p class='ocr_par' dir='ltr' id='par_1_16' title="bbox 1897 1453 3408 1599">
     <span class='ocr_line' id='line_1_33' title="bbox 1971 1453 3408 1530; baseline 0.006 -21"><span class='ocrx_word' id='word_1_221' title='bbox 1971 1456 2140 1510; x_wconf 88' lang='grc'>3451.</span> <span class='ocrx_word' id='word_1_222' title='bbox 2174 1459 2205 1509; x_wconf 89' lang='grc'>9</span> <span class='ocrx_word' id='word_1_223' title='bbox 2232 1454 2476 1510; x_wconf 84' lang='lat' dir='ltr'><strong>erimina</strong></span> <span class='ocrx_word' id='word_1_224' title='bbox 2519 1453 2881 1511; x_wconf 88' lang='lat' dir='ltr'><strong>hominum...</strong></span> <span class='ocrx_word' id='word_1_225' title='bbox 2917 1455 2951 1511; x_wconf 91' lang='grc'><strong>1.</strong></span> <span class='ocrx_word' id='word_1_226' title='bbox 2985 1460 3054 1511; x_wconf 91' lang='grc'><strong>30</strong></span> <span class='ocrx_word' id='word_1_227' title='bbox 3091 1461 3241 1530; x_wconf 87' lang='lat' dir='ltr'><strong>quod</strong></span> <span class='ocrx_word' id='word_1_228' title='bbox 3268 1462 3408 1520; x_wconf 77' lang='lat' dir='ltr'><strong>Cain</strong></span> 
     </span>
     <span class='ocr_line' id='line_1_34' title="bbox 1897 1528 3125 1599; baseline 0.006 -20"><span class='ocrx_word' id='word_1_229' title='bbox 1897 1531 2164 1597; x_wconf 82' lang='lat' dir='ltr'><strong>operatus</strong></span> <span class='ocrx_word' id='word_1_230' title='bbox 2190 1534 2343 1582; x_wconf 83' lang='lat' dir='ltr'><strong>est...</strong></span> <span class='ocrx_word' id='word_1_231' title='bbox 2378 1528 2413 1582; x_wconf 96' lang='grc' dir='ltr'><strong>Ι.</strong></span> <span class='ocrx_word' id='word_1_232' title='bbox 2448 1531 2511 1582; x_wconf 93' lang='grc'><strong>31</strong></span> <span class='ocrx_word' id='word_1_233' title='bbox 2543 1544 2640 1599; x_wconf 88' lang='lat' dir='ltr'><strong>per</strong></span> <span class='ocrx_word' id='word_1_234' title='bbox 2666 1541 2861 1581; x_wconf 87' lang='lat' dir='ltr'><strong>omncs</strong></span> <span class='ocrx_word' id='word_1_235' title='bbox 2891 1541 3125 1586; x_wconf 74' lang='lat' dir='ltr'><strong>renas...</strong></span> 
     </span>
    </p>

    <p class='ocr_par' dir='ltr' id='par_1_17' title="bbox 1976 1595 3402 1670">
     <span class='ocr_line' id='line_1_35' title="bbox 1976 1595 3402 1670; baseline 0.008 -19"><span class='ocrx_word' id='word_1_236' title='bbox 1976 1598 2149 1668; x_wconf 77' lang='lat' dir='ltr'><strong>Epist.</strong></span> <span class='ocrx_word' id='word_1_237' title='bbox 2194 1598 2268 1661; x_wconf 82' lang='grc' dir='ltr'><strong>Χ,</strong></span> <span class='ocrx_word' id='word_1_238' title='bbox 2288 1616 2347 1670; x_wconf 81' lang='lat' dir='ltr'><strong>p.</strong></span> <span class='ocrx_word' id='word_1_239' title='bbox 2378 1599 2502 1653; x_wconf 72' lang='lat'><strong>349</strong></span> <span class='ocrx_word' id='word_1_240' title='bbox 2539 1616 2657 1653; x_wconf 82' lang='lat' dir='ltr'><strong>cum</strong></span> <span class='ocrx_word' id='word_1_241' title='bbox 2681 1599 2795 1654; x_wconf 81' lang='lat' dir='ltr'><strong>cod.</strong></span> <span class='ocrx_word' id='word_1_242' title='bbox 2837 1595 3064 1656; x_wconf 77' lang='lat' dir='ltr'><strong>Vindob.</strong></span> <span class='ocrx_word' id='word_1_243' title='bbox 3092 1605 3217 1658; x_wconf 80' lang='lat'><strong>629</strong></span> <span class='ocrx_word' id='word_1_244' title='bbox 3245 1603 3282 1661; x_wconf 74' lang='lat' dir='ltr'><strong>f.</strong></span> <span class='ocrx_word' id='word_1_245' title='bbox 3315 1611 3402 1663; x_wconf 90' lang='grc'><strong>22.</strong></span> 
     </span>
    </p>

    <p class='ocr_par' dir='ltr' id='par_1_18' title="bbox 1903 1669 3404 1796">
     <span class='ocr_line' id='line_1_36' title="bbox 1971 1669 3404 1744; baseline 0.008 -23"><span class='ocrx_word' id='word_1_246' title='bbox 1971 1672 2075 1721; x_wconf 88' lang='grc'>349</span> <span class='ocrx_word' id='word_1_247' title='bbox 2104 1669 2138 1723; x_wconf 94' lang='grc' dir='ltr'><strong>Ι.</strong></span> <span class='ocrx_word' id='word_1_248' title='bbox 2173 1674 2203 1721; x_wconf 90' lang='grc'>7</span> <span class='ocrx_word' id='word_1_249' title='bbox 2233 1669 2424 1737; x_wconf 85' lang='lat' dir='ltr'><strong>genita</strong></span> <span class='ocrx_word' id='word_1_250' title='bbox 2455 1670 2904 1725; x_wconf 85' lang='lat' dir='ltr'><strong>crescentium...</strong></span> <span class='ocrx_word' id='word_1_251' title='bbox 2943 1671 2978 1726; x_wconf 95' lang='grc'><strong>1.</strong></span> <span class='ocrx_word' id='word_1_252' title='bbox 3015 1674 3046 1725; x_wconf 94' lang='grc'>9</span> <span class='ocrx_word' id='word_1_253' title='bbox 3076 1671 3135 1727; x_wconf 89' lang='lat' dir='ltr'><strong>in</strong></span> <span class='ocrx_word' id='word_1_254' title='bbox 3165 1690 3280 1744; x_wconf 86' lang='lat' dir='ltr'><strong>quo</strong></span> <span class='ocrx_word' id='word_1_255' title='bbox 3306 1694 3404 1732; x_wconf 86' lang='lat' dir='ltr'><strong>nu·</strong></span> 
     </span>
     <span class='ocr_line' id='line_1_37' title="bbox 1903 1739 2343 1796; baseline 0.007 -3"><span class='ocrx_word' id='word_1_256' title='bbox 1903 1754 2057 1793; x_wconf 85' lang='lat' dir='ltr'><strong>mero</strong></span> <span class='ocrx_word' id='word_1_257' title='bbox 2085 1739 2343 1796; x_wconf 78' lang='lat' dir='ltr'><strong>bilibres,</strong></span> 
     </span>
    </p>

    <p class='ocr_par' dir='ltr' id='par_1_19' title="bbox 1925 1809 3401 1951">
     <span class='ocr_line' id='line_1_38' title="bbox 1975 1809 3401 1889; baseline 0.007 -25"><span class='ocrx_word' id='word_1_258' title='bbox 1975 1811 2155 1883; x_wconf 75' lang='lat' dir='ltr'><strong>Epist.</strong></span> <span class='ocrx_word' id='word_1_259' title='bbox 2182 1809 2286 1872; x_wconf 84' lang='lat' dir='ltr'><strong>Xi,</strong></span> <span class='ocrx_word' id='word_1_260' title='bbox 2312 1811 2417 1866; x_wconf 87' lang='grc' dir='ltr'><strong>ΧΙΙ</strong></span> <span class='ocrx_word' id='word_1_261' title='bbox 2451 1826 2503 1875; x_wconf 83' lang='lat' dir='ltr'><strong>p.</strong></span> <span class='ocrx_word' id='word_1_262' title='bbox 2538 1814 2640 1864; x_wconf 81' lang='grc'>352</span> <span class='ocrx_word' id='word_1_263' title='bbox 2667 1815 2788 1865; x_wconf 85' lang='grc'>368.</span> <span class='ocrx_word' id='word_1_264' title='bbox 2828 1809 2957 1868; x_wconf 77' lang='lat' dir='ltr'><strong>Vide</strong></span> <span class='ocrx_word' id='word_1_265' title='bbox 2976 1830 3145 1887; x_wconf 77' lang='lat' dir='ltr'><strong>supra</strong></span> <span class='ocrx_word' id='word_1_266' title='bbox 3172 1834 3228 1889; x_wconf 83' lang='lat' dir='ltr'><strong>p.</strong></span> <span class='ocrx_word' id='word_1_267' title='bbox 3261 1819 3401 1875; x_wconf 76' lang='lat'><strong>492.</strong></span> 
     </span>
     <span class='ocr_line' id='line_1_39' title="bbox 1925 1883 2771 1951; baseline 0.002 -16"><span class='ocrx_word' id='word_1_268' title='bbox 1925 1883 2072 1944; x_wconf 81' lang='lat'><strong><em>493,</em></strong></span> <span class='ocrx_word' id='word_1_269' title='bbox 2100 1884 2195 1937; x_wconf 87' lang='lat' dir='ltr'><strong>ubi</strong></span> <span class='ocrx_word' id='word_1_270' title='bbox 2219 1884 2367 1938; x_wconf 81' lang='lat' dir='ltr'><strong>codd.</strong></span> <span class='ocrx_word' id='word_1_271' title='bbox 2399 1884 2771 1951; x_wconf 77' lang='lat' dir='ltr'><strong>conseruntur.</strong></span> 
     </span>
    </p>
   </div>
   <div class='ocr_carea' id='block_1_6' title="bbox 1536 2044 2168 2125">
    <p class='ocr_par' dir='ltr' id='par_1_20' title="bbox 1536 2044 2168 2125">
     <span class='ocr_line' id='line_1_40' title="bbox 1536 2044 2168 2125; baseline -0.005 -15"><span class='ocrx_word' id='word_1_272' title='bbox 1536 2050 1642 2110; x_wconf 87' lang='lat' dir='ltr'><strong>AD</strong></span> <span class='ocrx_word' id='word_1_273' title='bbox 1695 2049 2087 2110; x_wconf 63' lang='lat' dir='ltr'><strong>CARMle.</strong></span> <span class='ocrx_word' id='word_1_274' title='bbox 2124 2044 2168 2125; x_wconf 83' lang='lat'><strong>¹)</strong></span> 
     </span>
    </p>
   </div>
   <div class='ocr_carea' id='block_1_7' title="bbox 304 2235 1818 3239">
    <p class='ocr_par' dir='ltr' id='par_1_21' title="bbox 305 2235 1812 2454">
     <span class='ocr_line' id='line_1_41' title="bbox 376 2235 1812 2297; baseline -0.004 -1"><span class='ocrx_word' id='word_1_275' title='bbox 376 2242 458 2296; x_wconf 86' lang='lat' dir='ltr'><strong>Ex</strong></span> <span class='ocrx_word' id='word_1_276' title='bbox 481 2241 604 2297; x_wconf 88' lang='lat' dir='ltr'><strong>cod.</strong></span> <span class='ocrx_word' id='word_1_277' title='bbox 633 2240 892 2295; x_wconf 81' lang='lat' dir='ltr'><strong>Palatino</strong></span> <span class='ocrx_word' id='word_1_278' title='bbox 921 2238 958 2295; x_wconf 82' lang='lat' dir='ltr'><strong>s.</strong></span> <span class='ocrx_word' id='word_1_279' title='bbox 991 2243 1096 2294; x_wconf 89' lang='grc'><strong>200</strong></span> <span class='ocrx_word' id='word_1_280' title='bbox 1135 2237 1206 2295; x_wconf 83' lang='lat' dir='ltr'><strong>cs.</strong></span> <span class='ocrx_word' id='word_1_281' title='bbox 1238 2237 1389 2294; x_wconf 87' lang='lat' dir='ltr'><strong>Ordo</strong></span> <span class='ocrx_word' id='word_1_282' title='bbox 1419 2235 1699 2292; x_wconf 85' lang='lat' dir='ltr'><strong>virtutum</strong></span> <span class='ocrx_word' id='word_1_283' title='bbox 1723 2253 1812 2291; x_wconf 88' lang='lat' dir='ltr'><strong>su·</strong></span> 
     </span>
     <span class='ocr_line' id='line_1_42' title="bbox 305 2310 1810 2386; baseline -0.001 -20"><span class='ocrx_word' id='word_1_284' title='bbox 305 2330 403 2386; x_wconf 84' lang='lat' dir='ltr'><strong>pra</strong></span> <span class='ocrx_word' id='word_1_285' title='bbox 433 2331 487 2384; x_wconf 91' lang='lat' dir='ltr'><strong>p.</strong></span> <span class='ocrx_word' id='word_1_286' title='bbox 520 2317 642 2367; x_wconf 81' lang='grc'><strong>457.</strong></span> <span class='ocrx_word' id='word_1_287' title='bbox 675 2318 733 2367; x_wconf 85' lang='lat' dir='ltr'><strong>et</strong></span> <span class='ocrx_word' id='word_1_288' title='bbox 766 2312 973 2367; x_wconf 83' lang='lat' dir='ltr'><strong>l’atrol.</strong></span> <span class='ocrx_word' id='word_1_289' title='bbox 1012 2310 1119 2366; x_wconf 82' lang='lat' dir='ltr'><strong>col.</strong></span> <span class='ocrx_word' id='word_1_290' title='bbox 1154 2314 1275 2365; x_wconf 90' lang='grc'>733.</span> <span class='ocrx_word' id='word_1_291' title='bbox 1310 2310 1576 2376; x_wconf 82' lang='lat' dir='ltr'><strong>Querelae</strong></span> <span class='ocrx_word' id='word_1_292' title='bbox 1600 2314 1810 2365; x_wconf 81' lang='lat' dir='ltr'><strong>anima·</strong></span> 
     </span>
     <span class='ocr_line' id='line_1_43' title="bbox 307 2385 1046 2454; baseline -0.008 -13"><span class='ocrx_word' id='word_1_293' title='bbox 307 2405 429 2441; x_wconf 74' lang='lat' dir='ltr'><strong>rum</strong></span> <span class='ocrx_word' id='word_1_294' title='bbox 455 2390 514 2440; x_wconf 77' lang='lat' dir='ltr'><strong>in</strong></span> <span class='ocrx_word' id='word_1_295' title='bbox 538 2400 701 2439; x_wconf 79' lang='lat' dir='ltr'><strong>carne</strong></span> <span class='ocrx_word' id='word_1_296' title='bbox 724 2385 1046 2454; x_wconf 70' lang='lat' dir='ltr'><strong>positarum.</strong></span> 
     </span>
    </p>

    <p class='ocr_par' dir='ltr' id='par_1_22' title="bbox 306 2453 1807 2582">
     <span class='ocr_line' id='line_1_44' title="bbox 375 2453 1807 2510; baseline -0.003 -1"><span class='ocrx_word' id='word_1_297' title='bbox 375 2459 497 2510; x_wconf 81' lang='grc'><strong>458.</strong></span> <span class='ocrx_word' id='word_1_298' title='bbox 558 2454 801 2510; x_wconf 73' lang='lat' dir='ltr'><strong>scientia</strong></span> <span class='ocrx_word' id='word_1_299' title='bbox 847 2453 948 2508; x_wconf 85' lang='lat' dir='ltr'><strong>Dei</strong></span> <span class='ocrx_word' id='word_1_300' title='bbox 991 2455 1066 2508; x_wconf 84' lang='lat' dir='ltr'><strong>ad</strong></span> <span class='ocrx_word' id='word_1_301' title='bbox 1107 2454 1340 2508; x_wconf 83' lang='lat' dir='ltr'><strong>eamdem</strong></span> <span class='ocrx_word' id='word_1_302' title='bbox 1375 2453 1616 2507; x_wconf 82' lang='lat' dir='ltr'><strong>animam</strong></span> <span class='ocrx_word' id='word_1_303' title='bbox 1655 2454 1807 2507; x_wconf 82' lang='lat' dir='ltr'><strong>dicit.</strong></span> 
     </span>
     <span class='ocr_line' id='line_1_45' title="bbox 306 2527 520 2582; baseline 0 -1"><span class='ocrx_word' id='word_1_304' title='bbox 306 2527 520 2582; x_wconf 82' lang='lat' dir='ltr'><strong>Vide...</strong></span> 
     </span>
    </p>

    <p class='ocr_par' dir='ltr' id='par_1_23' title="bbox 378 2593 1561 2663">
     <span class='ocr_line' id='line_1_46' title="bbox 378 2593 1561 2663; baseline -0.003 -11"><span class='ocrx_word' id='word_1_305' title='bbox 378 2601 576 2652; x_wconf 82' lang='lat' dir='ltr'><strong>Anima</strong></span> <span class='ocrx_word' id='word_1_306' title='bbox 601 2597 726 2651; x_wconf 87' lang='lat' dir='ltr'><strong>illa.</strong></span> <span class='ocrx_word' id='word_1_307' title='bbox 759 2594 808 2649; x_wconf 91' lang='grc' dir='ltr'><strong>Ο</strong></span> <span class='ocrx_word' id='word_1_308' title='bbox 837 2593 1028 2649; x_wconf 89' lang='lat' dir='ltr'><strong>nescio</strong></span> <span class='ocrx_word' id='word_1_309' title='bbox 1055 2595 1161 2648; x_wconf 86' lang='lat' dir='ltr'><strong>hoc</strong></span> <span class='ocrx_word' id='word_1_310' title='bbox 1188 2593 1338 2663; x_wconf 84' lang='lat' dir='ltr'><strong>quod</strong></span> <span class='ocrx_word' id='word_1_311' title='bbox 1368 2608 1561 2648; x_wconf 89' lang='lat' dir='ltr'><strong>sum...</strong></span> 
     </span>
    </p>

    <p class='ocr_par' dir='ltr' id='par_1_24' title="bbox 377 2664 1808 2723">
     <span class='ocr_line' id='line_1_47' title="bbox 377 2664 1808 2723; baseline -0.001 -2"><span class='ocrx_word' id='word_1_312' title='bbox 377 2672 501 2723; x_wconf 85' lang='grc'><strong>459.</strong></span> <span class='ocrx_word' id='word_1_313' title='bbox 535 2668 774 2723; x_wconf 83' lang='lat' dir='ltr'><strong>Scientia</strong></span> <span class='ocrx_word' id='word_1_314' title='bbox 805 2666 909 2721; x_wconf 89' lang='lat' dir='ltr'><strong>Dei</strong></span> <span class='ocrx_word' id='word_1_315' title='bbox 928 2668 1003 2720; x_wconf 84' lang='lat' dir='ltr'><strong>ad</strong></span> <span class='ocrx_word' id='word_1_316' title='bbox 1026 2668 1268 2720; x_wconf 80' lang='lat' dir='ltr'><strong>animam</strong></span> <span class='ocrx_word' id='word_1_317' title='bbox 1295 2666 1472 2720; x_wconf 82' lang='lat' dir='ltr'><strong>illam.</strong></span> <span class='ocrx_word' id='word_1_318' title='bbox 1497 2664 1582 2719; x_wconf 85' lang='lat' dir='ltr'><strong>Tu</strong></span> <span class='ocrx_word' id='word_1_319' title='bbox 1605 2664 1808 2719; x_wconf 83' lang='lat' dir='ltr'><strong>nescis,</strong></span> 
     </span>
    </p>

    <p class='ocr_par' dir='ltr' id='par_1_25' title="bbox 307 2738 1814 2866">
     <span class='ocr_line' id='line_1_48' title="bbox 377 2738 1814 2812; baseline -0.004 -17"><span class='ocrx_word' id='word_1_320' title='bbox 377 2741 663 2812; x_wconf 72' lang='lat' dir='ltr'><strong>Suyyestio</strong></span> <span class='ocrx_word' id='word_1_321' title='bbox 711 2738 938 2792; x_wconf 81' lang='lat' dir='ltr'><strong>Diaboli</strong></span> <span class='ocrx_word' id='word_1_322' title='bbox 979 2738 1054 2791; x_wconf 78' lang='lat' dir='ltr'><strong>ad</strong></span> <span class='ocrx_word' id='word_1_323' title='bbox 1096 2738 1330 2792; x_wconf 81' lang='lat' dir='ltr'><strong>eamdem</strong></span> <span class='ocrx_word' id='word_1_324' title='bbox 1371 2740 1614 2791; x_wconf 80' lang='lat' dir='ltr'><strong>animam</strong></span> <span class='ocrx_word' id='word_1_325' title='bbox 1656 2738 1814 2791; x_wconf 82' lang='lat' dir='ltr'><strong>dicit.-</strong></span> 
     </span>
     <span class='ocr_line' id='line_1_49' title="bbox 307 2813 550 2866; baseline -0.004 -1"><span class='ocrx_word' id='word_1_326' title='bbox 307 2813 550 2866; x_wconf 82' lang='lat' dir='ltr'><strong>Fatue...</strong></span> 
     </span>
    </p>

    <p class='ocr_par' dir='ltr' id='par_1_26' title="bbox 304 2877 1809 3019">
     <span class='ocr_line' id='line_1_50' title="bbox 379 2877 1809 2947; baseline -0.003 -12"><span class='ocrx_word' id='word_1_327' title='bbox 379 2882 701 2936; x_wconf 77' lang='lat' dir='ltr'><strong>Humilitas.</strong></span> <span class='ocrx_word' id='word_1_328' title='bbox 728 2878 844 2945; x_wconf 78' lang='lat' dir='ltr'><strong>Ego</strong></span> <span class='ocrx_word' id='word_1_329' title='bbox 867 2877 1228 2934; x_wconf 71' lang='lat' dir='ltr'><strong>humititaS...</strong></span> <span class='ocrx_word' id='word_1_330' title='bbox 1250 2877 1318 2932; x_wconf 83' lang='lat' dir='ltr'><strong>ad</strong></span> <span class='ocrx_word' id='word_1_331' title='bbox 1342 2877 1809 2947; x_wconf 82' lang='lat' dir='ltr'><strong>requirendum...</strong></span> 
     </span>
     <span class='ocr_line' id='line_1_51' title="bbox 304 2950 1241 3019; baseline -0.005 -12"><span class='ocrx_word' id='word_1_332' title='bbox 304 2960 364 3007; x_wconf 85' lang='lat' dir='ltr'><strong>et</strong></span> <span class='ocrx_word' id='word_1_333' title='bbox 390 2954 455 3007; x_wconf 84' lang='lat' dir='ltr'><strong>ad</strong></span> <span class='ocrx_word' id='word_1_334' title='bbox 483 2950 936 3008; x_wconf 83' lang='lat' dir='ltr'><strong>coronandum...</strong></span> <span class='ocrx_word' id='word_1_335' title='bbox 1239 3016 1241 3019; x_wconf 12' lang='grc' dir='ltr'>ι</span> 
     </span>
    </p>

    <p class='ocr_par' dir='ltr' id='par_1_27' title="bbox 383 3019 1760 3097">
     <span class='ocr_line' id='line_1_52' title="bbox 383 3019 1760 3097; baseline -0.004 -18"><span class='ocrx_word' id='word_1_336' title='bbox 383 3025 707 3097; x_wconf 71' lang='lat' dir='ltr'><strong>Responsum</strong></span> <span class='ocrx_word' id='word_1_337' title='bbox 745 3020 1029 3077; x_wconf 78' lang='lat' dir='ltr'><strong>Virtutum.</strong></span> <span class='ocrx_word' id='word_1_338' title='bbox 1061 3021 1110 3076; x_wconf 89' lang='grc' dir='ltr'><strong>Ο</strong></span> <span class='ocrx_word' id='word_1_339' title='bbox 1137 3019 1449 3088; x_wconf 80' lang='lat' dir='ltr'><strong>gloriosa...</strong></span> <span class='ocrx_word' id='word_1_340' title='bbox 1484 3020 1760 3074; x_wconf 82' lang='lat' dir='ltr'><strong>venimus.</strong></span> 
     </span>
    </p>

    <p class='ocr_par' dir='ltr' id='par_1_28' title="bbox 308 3091 1818 3239">
     <span class='ocr_line' id='line_1_53' title="bbox 380 3091 1818 3165; baseline -0.003 -15"><span class='ocrx_word' id='word_1_341' title='bbox 380 3100 500 3150; x_wconf 87' lang='grc'><strong>464.</strong></span> <span class='ocrx_word' id='word_1_342' title='bbox 534 3095 807 3165; x_wconf 75' lang='lat' dir='ltr'><strong>Strepitus</strong></span> <span class='ocrx_word' id='word_1_343' title='bbox 835 3093 1060 3147; x_wconf 81' lang='lat' dir='ltr'><strong>Diaboli</strong></span> <span class='ocrx_word' id='word_1_344' title='bbox 1079 3094 1154 3146; x_wconf 81' lang='lat' dir='ltr'><strong>ad</strong></span> <span class='ocrx_word' id='word_1_345' title='bbox 1177 3091 1558 3145; x_wconf 82' lang='lat' dir='ltr'><strong>Humilitatem</strong></span> <span class='ocrx_word' id='word_1_346' title='bbox 1579 3095 1721 3147; x_wconf 83' lang='lat' dir='ltr'><strong>etad</strong></span> <span class='ocrx_word' id='word_1_347' title='bbox 1741 3111 1818 3146; x_wconf 83' lang='lat' dir='ltr'><strong>re·</strong></span> 
     </span>
     <span class='ocr_line' id='line_1_54' title="bbox 308 3161 1815 3239; baseline -0.004 -17"><span class='ocrx_word' id='word_1_348' title='bbox 308 3169 499 3239; x_wconf 75' lang='lat' dir='ltr'><strong>liquos</strong></span> <span class='ocrx_word' id='word_1_349' title='bbox 543 3165 796 3220; x_wconf 80' lang='lat' dir='ltr'><strong>Virtutes.</strong></span> <span class='ocrx_word' id='word_1_350' title='bbox 822 3164 978 3229; x_wconf 85' lang='lat' dir='ltr'><strong>Quae</strong></span> <span class='ocrx_word' id='word_1_351' title='bbox 1018 3178 1076 3216; x_wconf 84' lang='lat' dir='ltr'><strong>es</strong></span> <span class='ocrx_word' id='word_1_352' title='bbox 1116 3171 1214 3217; x_wconf 83' lang='lat' dir='ltr'><strong>aut</strong></span> <span class='ocrx_word' id='word_1_353' title='bbox 1244 3163 1457 3216; x_wconf 81' lang='lat' dir='ltr'><strong>unde...</strong></span> <span class='ocrx_word' id='word_1_354' title='bbox 1489 3162 1628 3232; x_wconf 83' lang='lat' dir='ltr'><strong>quid</strong></span> <span class='ocrx_word' id='word_1_355' title='bbox 1668 3161 1815 3216; x_wconf 81' lang='lat' dir='ltr'><strong>sitis,</strong></span> 
     </span>
    </p>
   </div>
   <div class='ocr_carea' id='block_1_8' title="bbox 385 3233 1822 3306">
    <p class='ocr_par' dir='ltr' id='par_1_29' title="bbox 385 3233 1822 3306">
     <span class='ocr_line' id='line_1_55' title="bbox 385 3233 1822 3306; baseline -0.003 -14"><span class='ocrx_word' id='word_1_356' title='bbox 385 3238 687 3292; x_wconf 73' lang='lat' dir='ltr'><strong>Humilitas</strong></span> <span class='ocrx_word' id='word_1_357' title='bbox 713 3237 1012 3306; x_wconf 80' lang='lat' dir='ltr'><strong>respondet:</strong></span> <span class='ocrx_word' id='word_1_358' title='bbox 1042 3235 1223 3302; x_wconf 86' lang='lat' dir='ltr'><strong>Eg0...</strong></span> <span class='ocrx_word' id='word_1_359' title='bbox 1258 3234 1315 3288; x_wconf 91' lang='lat' dir='ltr'><strong>in</strong></span> <span class='ocrx_word' id='word_1_360' title='bbox 1344 3233 1611 3304; x_wconf 79' lang='lat' dir='ltr'><strong>abyssum</strong></span> <span class='ocrx_word' id='word_1_361' title='bbox 1639 3234 1822 3305; x_wconf 85' lang='lat' dir='ltr'><strong>proje-</strong></span> 
     </span>
    </p>
   </div>
   <div class='ocr_carea' id='block_1_9' title="bbox 311 3309 740 3377">
    <p class='ocr_par' dir='ltr' id='par_1_30' title="bbox 311 3309 740 3377">
     <span class='ocr_line' id='line_1_56' title="bbox 311 3309 740 3377; baseline -0.012 -12"><span class='ocrx_word' id='word_1_362' title='bbox 311 3310 395 3366; x_wconf 83' lang='lat' dir='ltr'><strong>eit</strong></span> <span class='ocrx_word' id='word_1_363' title='bbox 426 3315 496 3362; x_wconf 79' lang='lat' dir='ltr'><strong>te.</strong></span> <span class='ocrx_word' id='word_1_364' title='bbox 530 3324 582 3377; x_wconf 80' lang='lat' dir='ltr'><strong>p.</strong></span> <span class='ocrx_word' id='word_1_365' title='bbox 616 3309 740 3360; x_wconf 70' lang='lat'><strong>459.</strong></span> 
     </span>
    </p>
   </div>
   <div class='ocr_carea' id='block_1_10' title="bbox 1905 2210 3415 2504">
    <p class='ocr_par' dir='ltr' id='par_1_31' title="bbox 1905 2210 3415 2504">
     <span class='ocr_line' id='line_1_57' title="bbox 1976 2210 2825 2319; baseline 0.006 -30"><span class='ocrx_word' id='word_1_366' title='bbox 1976 2235 2265 2292; x_wconf 81' lang='lat' dir='ltr'><strong>Paenitem</strong></span> <span class='ocrx_word' id='word_1_367' title='bbox 2288 2241 2479 2294; x_wconf 78' lang='lat' dir='ltr'><strong>anima</strong></span> <span class='ocrx_word' id='word_1_368' title='bbox 2504 2242 2563 2291; x_wconf 80' lang='lat' dir='ltr'><strong>in</strong></span> <span class='ocrx_word' id='word_1_369' title='bbox 2588 2210 2825 2319; x_wconf 57' lang='lat' dir='ltr'><strong>eorpore.</strong></span> 
     </span>
     <span class='ocr_line' id='line_1_58' title="bbox 1906 2305 2826 2379; baseline 0.005 -19"><span class='ocrx_word' id='word_1_370' title='bbox 1906 2305 2028 2375; x_wconf 74' lang='lat' dir='ltr'><strong>fugi</strong></span> <span class='ocrx_word' id='word_1_371' title='bbox 2060 2306 2259 2369; x_wconf 80' lang='lat' dir='ltr'><strong>vitam,</strong></span> <span class='ocrx_word' id='word_1_372' title='bbox 2289 2309 2490 2379; x_wconf 86' lang='lat' dir='ltr'><strong>pienus</strong></span> <span class='ocrx_word' id='word_1_373' title='bbox 2518 2310 2826 2365; x_wconf 78' lang='lat' dir='ltr'><strong>ulceribuS.</strong></span> 
     </span>
     <span class='ocr_line' id='line_1_59' title="bbox 1905 2379 3415 2504; baseline 0.006 -71"><span class='ocrx_word' id='word_1_374' title='bbox 1905 2379 2268 2504; x_wconf 58' lang='lat' dir='ltr'><strong>litssmmm</strong></span> <span class='ocrx_word' id='word_1_375' title='bbox 2303 2385 2493 2436; x_wconf 80' lang='lat' dir='ltr'><strong>anima</strong></span> <span class='ocrx_word' id='word_1_376' title='bbox 2528 2384 2589 2436; x_wconf 82' lang='lat' dir='ltr'><strong>iu</strong></span> <span class='ocrx_word' id='word_1_377' title='bbox 2626 2398 2863 2452; x_wconf 83' lang='lat' dir='ltr'><strong>corpore.</strong></span> <span class='ocrx_word' id='word_1_378' title='bbox 2908 2381 2957 2438; x_wconf 91' lang='grc' dir='ltr'><strong>Ο</strong></span> <span class='ocrx_word' id='word_1_379' title='bbox 2987 2389 3045 2437; x_wconf 88' lang='lat' dir='ltr'><strong>tu</strong></span> <span class='ocrx_word' id='word_1_380' title='bbox 3086 2386 3272 2459; x_wconf 85' lang='lat' dir='ltr'><strong>omnis</strong></span> <span class='ocrx_word' id='word_1_381' title='bbox 3311 2387 3415 2442; x_wconf 85' lang='lat' dir='ltr'><strong>mi-</strong></span> 
     </span>
    </p>
   </div>
   <div class='ocr_carea' id='block_1_11' title="bbox 1901 2520 3414 2659">
    <p class='ocr_par' dir='ltr' id='par_1_32' title="bbox 1901 2520 3414 2659">
     <span class='ocr_line' id='line_1_60' title="bbox 1974 2520 3414 2583; baseline 0.006 -9"><span class='ocrx_word' id='word_1_382' title='bbox 1974 2520 2378 2578; x_wconf 69' lang='lat' dir='ltr'><strong>Humilitasad</strong></span> <span class='ocrx_word' id='word_1_383' title='bbox 2411 2521 2665 2579; x_wconf 75' lang='lat' dir='ltr'><strong>Virtutes.</strong></span> <span class='ocrx_word' id='word_1_384' title='bbox 2692 2522 2741 2576; x_wconf 89' lang='grc' dir='ltr'><strong>Ο</strong></span> <span class='ocrx_word' id='word_1_385' title='bbox 2767 2539 2962 2579; x_wconf 87' lang='lat' dir='ltr'><strong>omnes</strong></span> <span class='ocrx_word' id='word_1_386' title='bbox 2993 2525 3302 2583; x_wconf 81' lang='lat' dir='ltr'><strong>virtuteS...</strong></span> <span class='ocrx_word' id='word_1_387' title='bbox 3332 2530 3414 2583; x_wconf 85' lang='lat' dir='ltr'><strong>iu·</strong></span> 
     </span>
     <span class='ocr_line' id='line_1_61' title="bbox 1901 2598 2267 2659; baseline 0.008 -14"><span class='ocrx_word' id='word_1_388' title='bbox 1901 2598 2130 2659; x_wconf 79' lang='lat' dir='ltr'><strong>gentem</strong></span> <span class='ocrx_word' id='word_1_389' title='bbox 2160 2606 2267 2648; x_wconf 88' lang='lat' dir='ltr'><strong>me.</strong></span> 
     </span>
    </p>
   </div>
   <div class='ocr_carea' id='block_1_12' title="bbox 1906 2662 3408 2790">
    <p class='ocr_par' dir='ltr' id='par_1_33' title="bbox 1906 2662 3408 2790">
     <span class='ocr_line' id='line_1_62' title="bbox 1906 2662 3408 2788; baseline 0.007 -70"><span class='ocrx_word' id='word_1_390' title='bbox 1906 2734 1953 2786; x_wconf 78' lang='lat' dir='ltr'>V</span> <span class='ocrx_word' id='word_1_391' title='bbox 1981 2662 2218 2788; x_wconf 50' lang='lat' dir='ltr'><strong>{fir-tutes</strong></span> <span class='ocrx_word' id='word_1_392' title='bbox 2261 2666 2338 2719; x_wconf 82' lang='lat' dir='ltr'><strong>ad</strong></span> <span class='ocrx_word' id='word_1_393' title='bbox 2377 2668 2729 2736; x_wconf 79' lang='lat' dir='ltr'><strong>poenitentem</strong></span> <span class='ocrx_word' id='word_1_394' title='bbox 2777 2671 3022 2721; x_wconf 74' lang='lat' dir='ltr'><strong>animam</strong></span> <span class='ocrx_word' id='word_1_395' title='bbox 3065 2671 3126 2722; x_wconf 80' lang='lat' dir='ltr'><strong>in</strong></span> <span class='ocrx_word' id='word_1_396' title='bbox 3170 2686 3408 2743; x_wconf 80' lang='lat' dir='ltr'><strong>corpore.</strong></span> 
     </span>
     <span class='ocr_line' id='line_1_63' title="bbox 1956 2749 2251 2790; baseline 0 -1"><span class='ocrx_word' id='word_1_397' title='bbox 1956 2750 1990 2789; x_wconf 91' lang='lat' dir='ltr'><strong>o</strong></span> <span class='ocrx_word' id='word_1_398' title='bbox 2020 2749 2251 2790; x_wconf 87' lang='lat' dir='ltr'><strong>umus...</strong></span> 
     </span>
    </p>
   </div>
   <div class='ocr_carea' id='block_1_13' title="bbox 1904 2803 3419 3373">
    <p class='ocr_par' dir='ltr' id='par_1_34' title="bbox 1904 2803 3419 3373">
     <span class='ocr_line' id='line_1_64' title="bbox 1969 2803 3418 2931; baseline 0.006 -72"><span class='ocrx_word' id='word_1_399' title='bbox 1969 2803 2287 2931; x_wconf 33' lang='lat' dir='ltr'><strong>‘Humilitas</strong></span> <span class='ocrx_word' id='word_1_400' title='bbox 2322 2808 2398 2861; x_wconf 83' lang='lat' dir='ltr'><strong>ad</strong></span> <span class='ocrx_word' id='word_1_401' title='bbox 2422 2809 2655 2861; x_wconf 81' lang='lat' dir='ltr'><strong>eamdem</strong></span> <span class='ocrx_word' id='word_1_402' title='bbox 2692 2811 3043 2880; x_wconf 78' lang='lat' dir='ltr'><strong>poenitentem</strong></span> <span class='ocrx_word' id='word_1_403' title='bbox 3078 2815 3337 2867; x_wconf 81' lang='lat' dir='ltr'><strong>animam.</strong></span> <span class='ocrx_word' id='word_1_404' title='bbox 3368 2814 3418 2867; x_wconf 90' lang='lat' dir='ltr'>O</span> 
     </span>
     <span class='ocr_line' id='line_1_65' title="bbox 1905 2891 2326 2933; baseline 0.005 -3"><span class='ocrx_word' id='word_1_405' title='bbox 1905 2891 2109 2933; x_wconf 79' lang='lat' dir='ltr'><strong>misera</strong></span> <span class='ocrx_word' id='word_1_406' title='bbox 2161 2892 2326 2932; x_wconf 78' lang='lat' dir='ltr'><strong>iia...</strong></span> 
     </span>
     <span class='ocr_line' id='line_1_66' title="bbox 1978 2947 3416 3021; baseline 0.006 -19"><span class='ocrx_word' id='word_1_407' title='bbox 1978 2947 2098 3021; x_wconf 70' lang='lat' dir='ltr'><strong>Suq</strong></span> <span class='ocrx_word' id='word_1_408' title='bbox 2137 2952 2268 3003; x_wconf 73' lang='lat' dir='ltr'><strong>estio</strong></span> <span class='ocrx_word' id='word_1_409' title='bbox 2294 2948 2525 3004; x_wconf 81' lang='lat' dir='ltr'><strong>Diaboli</strong></span> <span class='ocrx_word' id='word_1_410' title='bbox 2548 2951 2623 3003; x_wconf 81' lang='lat' dir='ltr'><strong>ad</strong></span> <span class='ocrx_word' id='word_1_411' title='bbox 2646 2950 2880 3003; x_wconf 77' lang='lat' dir='ltr'><strong>eamdem</strong></span> <span class='ocrx_word' id='word_1_412' title='bbox 2910 2955 3269 3021; x_wconf 75' lang='lat' dir='ltr'><strong>poenitentem</strong></span> <span class='ocrx_word' id='word_1_413' title='bbox 3293 2959 3416 3010; x_wconf 83' lang='lat' dir='ltr'><strong>ani·</strong></span> 
     </span>
     <span class='ocr_line' id='line_1_67' title="bbox 1904 3020 2955 3077; baseline 0.003 -3"><span class='ocrx_word' id='word_1_414' title='bbox 1904 3036 2063 3075; x_wconf 88' lang='lat' dir='ltr'><strong>mam.</strong></span> <span class='ocrx_word' id='word_1_415' title='bbox 2151 3034 2252 3074; x_wconf 86' lang='lat' dir='ltr'><strong>uae</strong></span> <span class='ocrx_word' id='word_1_416' title='bbox 2280 3034 2339 3073; x_wconf 83' lang='lat' dir='ltr'><strong>es</strong></span> <span class='ocrx_word' id='word_1_417' title='bbox 2365 3025 2465 3074; x_wconf 84' lang='lat' dir='ltr'><strong>aut</strong></span> <span class='ocrx_word' id='word_1_418' title='bbox 2493 3021 2706 3075; x_wconf 78' lang='lat' dir='ltr'><strong>unde...</strong></span> <span class='ocrx_word' id='word_1_419' title='bbox 2744 3020 2802 3074; x_wconf 99' lang='lat' dir='ltr'><strong>P.</strong></span> <span class='ocrx_word' id='word_1_420' title='bbox 2834 3023 2955 3077; x_wconf 78' lang='grc'><strong>464.</strong></span> 
     </span>
     <span class='ocr_line' id='line_1_68' title="bbox 1983 3091 3412 3163; baseline 0.006 -19"><span class='ocrx_word' id='word_1_421' title='bbox 1983 3093 2271 3146; x_wconf 74' lang='lat' dir='ltr'><strong>l’oenitem</strong></span> <span class='ocrx_word' id='word_1_422' title='bbox 2284 3096 2470 3146; x_wconf 80' lang='lat' dir='ltr'><strong>anima</strong></span> <span class='ocrx_word' id='word_1_423' title='bbox 2485 3099 2672 3146; x_wconf 83' lang='lat' dir='ltr'><strong>contra</strong></span> <span class='ocrx_word' id='word_1_424' title='bbox 2688 3091 2997 3146; x_wconf 80' lang='lat' dir='ltr'><strong>Diabolum.</strong></span> <span class='ocrx_word' id='word_1_425' title='bbox 3019 3093 3135 3163; x_wconf 80' lang='lat' dir='ltr'><strong>Ego</strong></span> <span class='ocrx_word' id='word_1_426' title='bbox 3152 3111 3363 3154; x_wconf 77' lang='lat' dir='ltr'><strong>omnes.</strong></span> <span class='ocrx_word' id='word_1_427' title='bbox 3378 3142 3412 3152; x_wconf 93' lang='lat'><strong>..</strong></span> 
     </span>
     <span class='ocr_line' id='line_1_69' title="bbox 1987 3162 3340 3224; baseline 0.007 -10"><span class='ocrx_word' id='word_1_428' title='bbox 1987 3162 2271 3217; x_wconf 78' lang='lat' dir='ltr'><strong>Poenitem</strong></span> <span class='ocrx_word' id='word_1_429' title='bbox 2294 3167 2479 3217; x_wconf 82' lang='lat' dir='ltr'><strong>anima</strong></span> <span class='ocrx_word' id='word_1_430' title='bbox 2508 3165 2583 3216; x_wconf 85' lang='lat' dir='ltr'><strong>ad</strong></span> <span class='ocrx_word' id='word_1_431' title='bbox 2610 3162 3009 3218; x_wconf 78' lang='lat' dir='ltr'><strong>Humilitatem.</strong></span> <span class='ocrx_word' id='word_1_432' title='bbox 3045 3165 3180 3221; x_wconf 80' lang='lat' dir='ltr'><strong>{nde</strong></span> <span class='ocrx_word' id='word_1_433' title='bbox 3210 3174 3340 3224; x_wconf 85' lang='lat' dir='ltr'><strong>tu...</strong></span> 
     </span>
     <span class='ocr_line' id='line_1_70' title="bbox 1983 3233 3413 3307; baseline 0.007 -21"><span class='ocrx_word' id='word_1_434' title='bbox 1983 3233 2291 3288; x_wconf 77' lang='lat' dir='ltr'><strong>Humilitas</strong></span> <span class='ocrx_word' id='word_1_435' title='bbox 2314 3235 2388 3288; x_wconf 82' lang='lat' dir='ltr'><strong>ad</strong></span> <span class='ocrx_word' id='word_1_436' title='bbox 2415 3233 2707 3289; x_wconf 70' lang='lat' dir='ltr'><strong>Victoriam</strong></span> <span class='ocrx_word' id='word_1_437' title='bbox 2731 3234 2868 3288; x_wconf 79' lang='lat' dir='ltr'><strong>etad</strong></span> <span class='ocrx_word' id='word_1_438' title='bbox 2891 3236 3140 3307; x_wconf 75' lang='lat' dir='ltr'><strong>reliquas</strong></span> <span class='ocrx_word' id='word_1_439' title='bbox 3164 3237 3413 3296; x_wconf 78' lang='lat' dir='ltr'><strong>Virtutes.</strong></span> 
     </span>
     <span class='ocr_line' id='line_1_71' title="bbox 1908 3303 3419 3373; baseline 0.004 -13"><span class='ocrx_word' id='word_1_440' title='bbox 1908 3303 1956 3360; x_wconf 90' lang='grc' dir='ltr'>Ο</span> <span class='ocrx_word' id='word_1_441' title='bbox 1988 3303 2224 3359; x_wconf 81' lang='lat' dir='ltr'><strong>victoria</strong></span> <span class='ocrx_word' id='word_1_442' title='bbox 2264 3319 2473 3373; x_wconf 80' lang='lat' dir='ltr'><strong>quae...</strong></span> <span class='ocrx_word' id='word_1_443' title='bbox 2517 3304 2808 3358; x_wconf 83' lang='lat' dir='ltr'><strong>diabolum</strong></span> <span class='ocrx_word' id='word_1_444' title='bbox 2854 3304 3050 3362; x_wconf 89' lang='lat' dir='ltr'><strong>istum.</strong></span> <span class='ocrx_word' id='word_1_445' title='bbox 3092 3309 3141 3363; x_wconf 88' lang='grc' dir='ltr'><strong>Ο</strong></span> <span class='ocrx_word' id='word_1_446' title='bbox 3175 3307 3419 3367; x_wconf 80' lang='lat' dir='ltr'><strong>fortissi-</strong></span> 
     </span>
    </p>
   </div>
   <div class='ocr_carea' id='block_1_14' title="bbox 2855 2239 3412 2316">
    <p class='ocr_par' dir='ltr' id='par_1_35' title="bbox 2855 2239 3412 2316">
     <span class='ocr_line' id='line_1_72' title="bbox 2855 2239 3412 2316; baseline 0.013 -22"><span class='ocrx_word' id='word_1_447' title='bbox 2855 2239 2970 2309; x_wconf 78' lang='lat' dir='ltr'><strong>Ego</strong></span> <span class='ocrx_word' id='word_1_448' title='bbox 2997 2248 3282 2312; x_wconf 78' lang='lat' dir='ltr'><strong>peccator..</strong></span> <span class='ocrx_word' id='word_1_449' title='bbox 3311 2247 3412 2316; x_wconf 86' lang='lat' dir='ltr'><strong>qui</strong></span> 
     </span>
    </p>
   </div>
   <div class='ocr_carea' id='block_1_15' title="bbox 393 3374 2059 3448">
    <p class='ocr_par' dir='ltr' id='par_1_36' title="bbox 393 3374 2059 3448">
     <span class='ocr_line' id='line_1_73' title="bbox 393 3374 2059 3448; baseline -0.001 -16"><span class='ocrx_word' id='word_1_450' title='bbox 393 3382 649 3434; x_wconf 76' lang='lat' dir='ltr'><strong>Planctus</strong></span> <span class='ocrx_word' id='word_1_451' title='bbox 675 3378 911 3444; x_wconf 74' lang='lat' dir='ltr'><strong>ejusdem</strong></span> <span class='ocrx_word' id='word_1_452' title='bbox 935 3379 1152 3430; x_wconf 82' lang='lat' dir='ltr'><strong>animae</strong></span> <span class='ocrx_word' id='word_1_453' title='bbox 1175 3379 1496 3448; x_wconf 66' lang='lat' dir='ltr'><strong>poenitentis</strong></span> <span class='ocrx_word' id='word_1_454' title='bbox 1520 3380 1580 3430; x_wconf 82' lang='lat' dir='ltr'><strong>in</strong></span> <span class='ocrx_word' id='word_1_455' title='bbox 1601 3393 1822 3448; x_wconf 83' lang='lat' dir='ltr'><strong>corpore</strong></span> <span class='ocrx_word' id='word_1_456' title='bbox 1909 3374 2059 3430; x_wconf 86' lang='lat' dir='ltr'><strong>mi...</strong></span> 
     </span>
    </p>
   </div>
   <div class='ocr_carea' id='block_1_16' title="bbox 313 3447 1714 3733">
    <p class='ocr_par' dir='ltr' id='par_1_37' title="bbox 313 3447 1714 3733">
     <span class='ocr_line' id='line_1_74' title="bbox 313 3447 1672 3514; baseline -0.008 -4"><span class='ocrx_word' id='word_1_457' title='bbox 313 3461 364 3510; x_wconf 87' lang='lat' dir='ltr'><strong>et</strong></span> <span class='ocrx_word' id='word_1_458' title='bbox 398 3450 633 3506; x_wconf 72' lang='lat' dir='ltr'><strong>Virtutes</strong></span> <span class='ocrx_word' id='word_1_459' title='bbox 659 3451 978 3502; x_wconf 75' lang='lat' dir='ltr'><strong>invocantis.</strong></span> <span class='ocrx_word' id='word_1_460' title='bbox 1012 3447 1061 3501; x_wconf 90' lang='grc' dir='ltr'><strong>Ο</strong></span> <span class='ocrx_word' id='word_1_461' title='bbox 1096 3463 1190 3501; x_wconf 77' lang='lat' dir='ltr'><strong>vos</strong></span> <span class='ocrx_word' id='word_1_462' title='bbox 1218 3448 1434 3514; x_wconf 81' lang='lat' dir='ltr'><strong>regaies</strong></span> <span class='ocrx_word' id='word_1_463' title='bbox 1461 3448 1519 3501; x_wconf 87' lang='lat' dir='ltr'><strong>P.</strong></span> <span class='ocrx_word' id='word_1_464' title='bbox 1551 3451 1672 3500; x_wconf 88' lang='grc'><strong>462.</strong></span> 
     </span>
     <span class='ocr_line' id='line_1_75' title="bbox 393 3517 1089 3593; baseline -0.004 -17"><span class='ocrx_word' id='word_1_465' title='bbox 393 3518 683 3593; x_wconf 76' lang='lat' dir='ltr'><strong>[Virtutes]</strong></span> <span class='ocrx_word' id='word_1_466' title='bbox 715 3538 747 3572; x_wconf 93' lang='lat' dir='ltr'><strong>o</strong></span> <span class='ocrx_word' id='word_1_467' title='bbox 776 3517 1089 3584; x_wconf 79' lang='lat' dir='ltr'><strong>fugitiva...</strong></span> 
     </span>
     <span class='ocr_line' id='line_1_76' title="bbox 397 3588 1484 3661; baseline -0.004 -14"><span class='ocrx_word' id='word_1_468' title='bbox 397 3596 676 3647; x_wconf 78' lang='lat' dir='ltr'><strong>l’oeniteus</strong></span> <span class='ocrx_word' id='word_1_469' title='bbox 701 3594 891 3645; x_wconf 80' lang='lat' dir='ltr'><strong>anima</strong></span> <span class='ocrx_word' id='word_1_470' title='bbox 917 3594 978 3645; x_wconf 79' lang='lat' dir='ltr'><strong>in</strong></span> <span class='ocrx_word' id='word_1_471' title='bbox 1001 3607 1239 3661; x_wconf 82' lang='lat' dir='ltr'><strong>corpore.</strong></span> <span class='ocrx_word' id='word_1_472' title='bbox 1272 3588 1484 3643; x_wconf 73' lang='lat' dir='ltr'><strong>Achz...</strong></span> 
     </span>
     <span class='ocr_line' id='line_1_77' title="bbox 359 3659 1714 3733; baseline -0.004 -13"><span class='ocrx_word' id='word_1_473' title='bbox 359 3665 645 3720; x_wconf 79' lang='lat' dir='ltr'><strong>I&#39;oenitens</strong></span> <span class='ocrx_word' id='word_1_474' title='bbox 670 3665 856 3717; x_wconf 82' lang='lat' dir='ltr'><strong>anima</strong></span> <span class='ocrx_word' id='word_1_475' title='bbox 885 3665 942 3716; x_wconf 81' lang='lat' dir='ltr'><strong>iu</strong></span> <span class='ocrx_word' id='word_1_476' title='bbox 970 3678 1208 3733; x_wconf 86' lang='lat' dir='ltr'><strong>corpore.</strong></span> <span class='ocrx_word' id='word_1_477' title='bbox 1244 3659 1472 3715; x_wconf 88' lang='lat' dir='ltr'><strong>Nunc...</strong></span> <span class='ocrx_word' id='word_1_478' title='bbox 1502 3661 1560 3715; x_wconf 88' lang='lat' dir='ltr'><strong>P.</strong></span> <span class='ocrx_word' id='word_1_479' title='bbox 1593 3661 1714 3714; x_wconf 83' lang='grc'>463.</span> 
     </span>
    </p>
   </div>
   <div class='ocr_carea' id='block_1_17' title="bbox 393 3869 1833 3941">
    <p class='ocr_par' dir='ltr' id='par_1_38' title="bbox 393 3869 1833 3941">
     <span class='ocr_line' id='line_1_78' title="bbox 393 3869 1833 3941; baseline -0.005 -12"><span class='ocrx_word' id='word_1_480' title='bbox 393 3877 432 3934; x_wconf 83' lang='lat'><strong>¹)</strong></span> <span class='ocrx_word' id='word_1_481' title='bbox 473 3874 605 3929; x_wconf 82' lang='lat' dir='ltr'><strong>Huc</strong></span> <span class='ocrx_word' id='word_1_482' title='bbox 646 3877 944 3927; x_wconf 77' lang='lat' dir='ltr'><strong>revocatur</strong></span> <span class='ocrx_word' id='word_1_483' title='bbox 983 3886 1123 3941; x_wconf 87' lang='lat' dir='ltr'><strong>opus</strong></span> <span class='ocrx_word' id='word_1_484' title='bbox 1165 3870 1529 3936; x_wconf 80' lang='lat' dir='ltr'><strong>Hildegardis</strong></span> <span class='ocrx_word' id='word_1_485' title='bbox 1567 3869 1833 3923; x_wconf 81' lang='lat' dir='ltr'><strong>dramati-</strong></span> 
     </span>
    </p>
   </div>
   <div class='ocr_carea' id='block_1_18' title="bbox 1984 3445 3331 3730">
    <p class='ocr_par' dir='ltr' id='par_1_39' title="bbox 1984 3445 3331 3659">
     <span class='ocr_line' id='line_1_79' title="bbox 1994 3445 3182 3507; baseline 0.006 -7"><span class='ocrx_word' id='word_1_486' title='bbox 1994 3445 2228 3501; x_wconf 75' lang='lat' dir='ltr'><strong>Virtutes</strong></span> <span class='ocrx_word' id='word_1_487' title='bbox 2251 3447 2327 3501; x_wconf 78' lang='lat' dir='ltr'><strong>ad</strong></span> <span class='ocrx_word' id='word_1_488' title='bbox 2361 3445 2670 3501; x_wconf 70' lang='lat' dir='ltr'><strong>Victoriam.</strong></span> <span class='ocrx_word' id='word_1_489' title='bbox 2708 3445 2758 3498; x_wconf 80' lang='grc' dir='ltr'><strong>Ο</strong></span> <span class='ocrx_word' id='word_1_490' title='bbox 2782 3445 3182 3507; x_wconf 83' lang='lat' dir='ltr'><strong>dulcissima...</strong></span> 
     </span>
     <span class='ocr_line' id='line_1_80' title="bbox 1984 3516 3331 3589; baseline 0.007 -19"><span class='ocrx_word' id='word_1_491' title='bbox 1984 3517 2291 3572; x_wconf 72' lang='lat' dir='ltr'><strong>Humilitas</strong></span> <span class='ocrx_word' id='word_1_492' title='bbox 2313 3519 2388 3571; x_wconf 82' lang='lat' dir='ltr'><strong>ad</strong></span> <span class='ocrx_word' id='word_1_493' title='bbox 2425 3516 2672 3572; x_wconf 71' lang='lat' dir='ltr'><strong>Virtutes.</strong></span> <span class='ocrx_word' id='word_1_494' title='bbox 2710 3517 2901 3584; x_wconf 81' lang='lat' dir='ltr'><strong>Ligate</strong></span> <span class='ocrx_word' id='word_1_495' title='bbox 2928 3535 3061 3589; x_wconf 79' lang='lat' dir='ltr'><strong>ergo</strong></span> <span class='ocrx_word' id='word_1_496' title='bbox 3088 3522 3331 3579; x_wconf 82' lang='lat' dir='ltr'><strong>istum...</strong></span> 
     </span>
     <span class='ocr_line' id='line_1_81' title="bbox 1986 3587 2844 3659; baseline 0.001 -17"><span class='ocrx_word' id='word_1_497' title='bbox 1986 3587 2286 3659; x_wconf 81' lang='lat' dir='ltr'><strong>[Victoria]</strong></span> <span class='ocrx_word' id='word_1_498' title='bbox 2316 3588 2592 3650; x_wconf 84' lang='lat' dir='ltr'><strong>Gaudete.</strong></span> <span class='ocrx_word' id='word_1_499' title='bbox 2625 3605 2656 3638; x_wconf 87' lang='lat' dir='ltr'><strong>o</strong></span> <span class='ocrx_word' id='word_1_500' title='bbox 2684 3589 2844 3647; x_wconf 88' lang='lat' dir='ltr'><strong>socii.</strong></span> 
     </span>
    </p>

    <p class='ocr_par' dir='ltr' id='par_1_40' title="bbox 1985 3658 3140 3730">
     <span class='ocr_line' id='line_1_82' title="bbox 1985 3658 3140 3730; baseline 0.005 -17"><span class='ocrx_word' id='word_1_501' title='bbox 1985 3658 2277 3730; x_wconf 74' lang='lat' dir='ltr'><strong>[Virtutes]</strong></span> <span class='ocrx_word' id='word_1_502' title='bbox 2303 3676 2334 3713; x_wconf 94' lang='lat' dir='ltr'><strong>o</strong></span> <span class='ocrx_word' id='word_1_503' title='bbox 2359 3660 2568 3714; x_wconf 78' lang='lat' dir='ltr'><strong>DeuS...</strong></span> <span class='ocrx_word' id='word_1_504' title='bbox 2605 3660 2891 3714; x_wconf 83' lang='lat' dir='ltr'><strong>baustum.</strong></span> <span class='ocrx_word' id='word_1_505' title='bbox 2924 3662 2984 3716; x_wconf 87' lang='lat' dir='ltr'><strong>P.</strong></span> <span class='ocrx_word' id='word_1_506' title='bbox 3018 3666 3140 3719; x_wconf 77' lang='lat' dir='ltr'><strong>⁴c5.</strong></span> 
     </span>
    </p>
   </div>
   <div class='ocr_carea' id='block_1_19' title="bbox 1922 3870 3421 3949">
    <p class='ocr_par' dir='ltr' id='par_1_41' title="bbox 1922 3870 3421 3949">
     <span class='ocr_line' id='line_1_83' title="bbox 1922 3870 3421 3949; baseline 0.007 -26"><span class='ocrx_word' id='word_1_507' title='bbox 1922 3875 2079 3932; x_wconf 81' lang='lat' dir='ltr'><strong>sunt,</strong></span> <span class='ocrx_word' id='word_1_508' title='bbox 2105 3870 2198 3924; x_wconf 85' lang='lat' dir='ltr'><strong>sed</strong></span> <span class='ocrx_word' id='word_1_509' title='bbox 2230 3870 2627 3925; x_wconf 82' lang='lat' dir='ltr'><strong>tantummodo</strong></span> <span class='ocrx_word' id='word_1_510' title='bbox 2648 3877 2909 3926; x_wconf 83' lang='lat' dir='ltr'><strong>accurata</strong></span> <span class='ocrx_word' id='word_1_511' title='bbox 2933 3873 3281 3942; x_wconf 74' lang='lat' dir='ltr'><strong>significatio</strong></span> <span class='ocrx_word' id='word_1_512' title='bbox 3303 3895 3421 3949; x_wconf 69' lang='lat' dir='ltr'><strong>per-</strong></span> 
     </span>
    </p>
   </div>
   <div class='ocr_carea' id='block_1_20' title="bbox 320 3941 3428 4083">
    <p class='ocr_par' dir='ltr' id='par_1_42' title="bbox 320 3941 3428 4083">
     <span class='ocr_line' id='line_1_84' title="bbox 320 3941 3428 4016; baseline 0.001 -14"><span class='ocrx_word' id='word_1_513' title='bbox 320 3963 475 4008; x_wconf 85' lang='lat' dir='ltr'><strong>cum,</strong></span> <span class='ocrx_word' id='word_1_514' title='bbox 517 3949 687 4016; x_wconf 81' lang='lat' dir='ltr'><strong>prout</strong></span> <span class='ocrx_word' id='word_1_515' title='bbox 726 3948 911 3998; x_wconf 83' lang='lat' dir='ltr'><strong>exstat</strong></span> <span class='ocrx_word' id='word_1_516' title='bbox 944 3941 998 3995; x_wconf 91' lang='lat' dir='ltr'><strong>in</strong></span> <span class='ocrx_word' id='word_1_517' title='bbox 1041 3941 1301 3996; x_wconf 78' lang='lat' dir='ltr'><strong>Palatino</strong></span> <span class='ocrx_word' id='word_1_518' title='bbox 1339 3942 1405 3995; x_wconf 83' lang='lat' dir='ltr'><strong>ad</strong></span> <span class='ocrx_word' id='word_1_519' title='bbox 1445 3942 1655 3996; x_wconf 78' lang='lat' dir='ltr'><strong>calcem</strong></span> <span class='ocrx_word' id='word_1_520' title='bbox 1701 3941 1832 3995; x_wconf 82' lang='lat' dir='ltr'><strong>iibri</strong></span> <span class='ocrx_word' id='word_1_521' title='bbox 1923 3956 2187 3996; x_wconf 81' lang='lat' dir='ltr'><strong>sonarum</strong></span> <span class='ocrx_word' id='word_1_522' title='bbox 2217 3948 2273 3994; x_wconf 88' lang='lat' dir='ltr'><strong>et</strong></span> <span class='ocrx_word' id='word_1_523' title='bbox 2303 3942 2454 3996; x_wconf 65' lang='lat' dir='ltr'><strong>saria</strong></span> <span class='ocrx_word' id='word_1_524' title='bbox 2487 3941 3043 4010; x_wconf 81' lang='lat' dir='ltr'><strong>singuiarumactio‚</strong></span> <span class='ocrx_word' id='word_1_525' title='bbox 3066 3950 3428 4015; x_wconf 80' lang='lat' dir='ltr'><strong>quemadmo-</strong></span> 
     </span>
     <span class='ocr_line' id='line_1_85' title="bbox 324 4011 3335 4083; baseline 0.001 -9"><span class='ocrx_word' id='word_1_526' title='bbox 324 4021 564 4079; x_wconf 64' lang='lat' dir='ltr'><strong>Scit-ias,</strong></span> <span class='ocrx_word' id='word_1_527' title='bbox 596 4032 696 4070; x_wconf 76' lang='lat' dir='ltr'><strong>nec</strong></span> <span class='ocrx_word' id='word_1_528' title='bbox 727 4019 913 4068; x_wconf 82' lang='lat' dir='ltr'><strong>tamen</strong></span> <span class='ocrx_word' id='word_1_529' title='bbox 946 4029 1120 4066; x_wconf 75' lang='lat' dir='ltr'><strong>novae</strong></span> <span class='ocrx_word' id='word_1_530' title='bbox 1152 4013 1424 4068; x_wconf 74' lang='lat' dir='ltr'><strong>lectiones</strong></span> <span class='ocrx_word' id='word_1_531' title='bbox 1455 4012 1835 4083; x_wconf 73' lang='lat' dir='ltr'><strong>expectandae</strong></span> <span class='ocrx_word' id='word_1_532' title='bbox 1922 4012 2057 4066; x_wconf 82' lang='lat' dir='ltr'><strong>dum</strong></span> <span class='ocrx_word' id='word_1_533' title='bbox 2088 4011 2308 4068; x_wconf 78' lang='lat' dir='ltr'><strong>scenica</strong></span> <span class='ocrx_word' id='word_1_534' title='bbox 2340 4013 2692 4083; x_wconf 69' lang='lat' dir='ltr'><strong>praeparatio</strong></span> <span class='ocrx_word' id='word_1_535' title='bbox 2724 4014 2843 4068; x_wconf 72' lang='lat' dir='ltr'><strong>(ieri</strong></span> <span class='ocrx_word' id='word_1_536' title='bbox 2876 4021 2929 4068; x_wconf 84' lang='lat' dir='ltr'><strong>et</strong></span> <span class='ocrx_word' id='word_1_537' title='bbox 2960 4017 3136 4072; x_wconf 82' lang='lat' dir='ltr'><strong>scribi</strong></span> <span class='ocrx_word' id='word_1_538' title='bbox 3169 4023 3335 4080; x_wconf 81' lang='lat' dir='ltr'><strong>solet.</strong></span> 
     </span>
    </p>
   </div>
   <div class='ocr_carea' id='block_1_21' title="bbox 1681 4251 2052 4307">
    <p class='ocr_par' dir='ltr' id='par_1_43' title="bbox 1681 4251 2052 4307">
     <span class='ocr_line' id='line_1_86' title="bbox 1681 4251 2052 4307; baseline 0.003 -1"><span class='ocrx_word' id='word_1_539' title='bbox 1681 4251 2052 4307; x_wconf 72' lang='lat' dir='ltr'><strong>ERRATA.</strong></span> 
     </span>
    </p>
   </div>
   <div class='ocr_carea' id='block_1_22' title="bbox 327 4441 3423 4603">
    <p class='ocr_par' dir='ltr' id='par_1_44' title="bbox 327 4441 3423 4603">
     <span class='ocr_line' id='line_1_87' title="bbox 397 4441 3423 4516; baseline 0.002 -17"><span class='ocrx_word' id='word_1_540' title='bbox 397 4445 533 4499; x_wconf 87' lang='lat' dir='ltr'><strong>Cum</strong></span> <span class='ocrx_word' id='word_1_541' title='bbox 557 4444 674 4516; x_wconf 89' lang='lat' dir='ltr'><strong>jam</strong></span> <span class='ocrx_word' id='word_1_542' title='bbox 703 4442 1005 4515; x_wconf 85' lang='lat' dir='ltr'><strong>praecipua</strong></span> <span class='ocrx_word' id='word_1_543' title='bbox 1038 4443 1235 4497; x_wconf 81' lang='lat' dir='ltr'><strong>menda</strong></span> <span class='ocrx_word' id='word_1_544' title='bbox 1268 4442 1386 4497; x_wconf 68' lang='lat' dir='ltr'><strong>sire</strong></span> <span class='ocrx_word' id='word_1_545' title='bbox 1413 4442 1695 4505; x_wconf 87' lang='lat' dir='ltr'><strong>codicum,</strong></span> <span class='ocrx_word' id='word_1_546' title='bbox 1738 4441 1857 4498; x_wconf 78' lang='lat' dir='ltr'><strong>sive</strong></span> <span class='ocrx_word' id='word_1_547' title='bbox 1889 4451 2148 4515; x_wconf 80' lang='lat' dir='ltr'><strong>typorum</strong></span> <span class='ocrx_word' id='word_1_548' title='bbox 2188 4444 2560 4499; x_wconf 83' lang='lat' dir='ltr'><strong>emendantur</strong></span> <span class='ocrx_word' id='word_1_549' title='bbox 2601 4442 2655 4497; x_wconf 91' lang='lat' dir='ltr'><strong>in</strong></span> <span class='ocrx_word' id='word_1_550' title='bbox 2700 4444 3091 4516; x_wconf 81' lang='lat' dir='ltr'><strong>superioribus</strong></span> <span class='ocrx_word' id='word_1_551' title='bbox 3133 4446 3423 4505; x_wconf 59' lang='lat' dir='ltr'><strong>varietati⁴</strong></span> 
     </span>
     <span class='ocr_line' id='line_1_88' title="bbox 327 4529 3155 4603; baseline 0.001 -17"><span class='ocrx_word' id='word_1_552' title='bbox 327 4532 455 4593; x_wconf 76' lang='lat' dir='ltr'><strong>buS,</strong></span> <span class='ocrx_word' id='word_1_553' title='bbox 487 4547 656 4602; x_wconf 86' lang='lat' dir='ltr'><strong>pauca</strong></span> <span class='ocrx_word' id='word_1_554' title='bbox 688 4538 988 4600; x_wconf 84' lang='lat' dir='ltr'><strong>supersunt</strong></span> <span class='ocrx_word' id='word_1_555' title='bbox 1017 4529 1082 4583; x_wconf 88' lang='lat' dir='ltr'><strong>ad</strong></span> <span class='ocrx_word' id='word_1_556' title='bbox 1111 4534 1357 4584; x_wconf 79' lang='lat' dir='ltr'><strong>saturam</strong></span> <span class='ocrx_word' id='word_1_557' title='bbox 1389 4529 1659 4591; x_wconf 82' lang='lat' dir='ltr'><strong>addenda,</strong></span> <span class='ocrx_word' id='word_1_558' title='bbox 1692 4530 1884 4601; x_wconf 78' lang='lat' dir='ltr'><strong>paucis</strong></span> <span class='ocrx_word' id='word_1_559' title='bbox 1911 4545 2022 4583; x_wconf 86' lang='lat' dir='ltr'><strong>om.</strong></span> <span class='ocrx_word' id='word_1_560' title='bbox 2053 4545 2196 4599; x_wconf 81' lang='lat' dir='ltr'><strong>quac</strong></span> <span class='ocrx_word' id='word_1_561' title='bbox 2227 4532 2402 4584; x_wconf 81' lang='lat' dir='ltr'><strong>tector</strong></span> <span class='ocrx_word' id='word_1_562' title='bbox 2431 4547 2528 4602; x_wconf 87' lang='lat' dir='ltr'><strong>per</strong></span> <span class='ocrx_word' id='word_1_563' title='bbox 2555 4547 2611 4586; x_wconf 84' lang='lat' dir='ltr'><strong>se</strong></span> <span class='ocrx_word' id='word_1_564' title='bbox 2640 4536 2839 4603; x_wconf 86' lang='lat' dir='ltr'><strong>sponte</strong></span> <span class='ocrx_word' id='word_1_565' title='bbox 2870 4532 3155 4589; x_wconf 84' lang='lat' dir='ltr'><strong>restituet.</strong></span> 
     </span>
    </p>
   </div>
   <div class='ocr_carea' id='block_1_23' title="bbox 403 4722 1826 4792">
    <p class='ocr_par' dir='ltr' id='par_1_45' title="bbox 403 4722 1826 4792">
     <span class='ocr_line' id='line_1_89' title="bbox 403 4722 1826 4792; baseline -0.001 -12"><span class='ocrx_word' id='word_1_566' title='bbox 403 4726 461 4780; x_wconf 90' lang='lat' dir='ltr'><strong>P.</strong></span> <span class='ocrx_word' id='word_1_567' title='bbox 494 4727 562 4777; x_wconf 85' lang='lat'><strong>55</strong></span> <span class='ocrx_word' id='word_1_568' title='bbox 593 4724 626 4779; x_wconf 94' lang='grc'><strong>1.</strong></span> <span class='ocrx_word' id='word_1_569' title='bbox 665 4728 727 4778; x_wconf 90' lang='grc'><strong>12</strong></span> <span class='ocrx_word' id='word_1_570' title='bbox 770 4722 979 4792; x_wconf 84' lang='lat' dir='ltr'><strong>legitur</strong></span> <span class='ocrx_word' id='word_1_571' title='bbox 1007 4722 1064 4777; x_wconf 94' lang='lat' dir='ltr'><strong>in</strong></span> <span class='ocrx_word' id='word_1_572' title='bbox 1104 4723 1262 4779; x_wconf 88' lang='lat' dir='ltr'><strong>codd.</strong></span> <span class='ocrx_word' id='word_1_573' title='bbox 1295 4725 1664 4785; x_wconf 77' lang='lat' dir='ltr'><strong>bestialitates‚</strong></span> <span class='ocrx_word' id='word_1_574' title='bbox 1696 4722 1826 4778; x_wconf 80' lang='lat' dir='ltr'><strong>sort.</strong></span> 
     </span>
    </p>
   </div>
   <div class='ocr_carea' id='block_1_24' title="bbox 1921 4724 3426 4798">
    <p class='ocr_par' dir='ltr' id='par_1_46' title="bbox 1921 4724 3426 4798">
     <span class='ocr_line' id='line_1_90' title="bbox 1921 4724 3426 4798; baseline 0.003 -18"><span class='ocrx_word' id='word_1_575' title='bbox 1921 4729 2084 4780; x_wconf 87' lang='lat' dir='ltr'><strong>tem...</strong></span> <span class='ocrx_word' id='word_1_576' title='bbox 2116 4724 2175 4779; x_wconf 88' lang='lat' dir='ltr'><strong>P.</strong></span> <span class='ocrx_word' id='word_1_577' title='bbox 2208 4728 2311 4778; x_wconf 87' lang='grc'><strong>336</strong></span> <span class='ocrx_word' id='word_1_578' title='bbox 2341 4729 2454 4780; x_wconf 90' lang='lat' dir='ltr'><strong>not.</strong></span> <span class='ocrx_word' id='word_1_579' title='bbox 2494 4730 2609 4781; x_wconf 78' lang='lat' dir='ltr'><strong>iex</strong></span> <span class='ocrx_word' id='word_1_580' title='bbox 2636 4743 2813 4798; x_wconf 83' lang='lat' dir='ltr'><strong>qua...</strong></span> <span class='ocrx_word' id='word_1_581' title='bbox 2841 4728 3191 4783; x_wconf 75' lang='lat' dir='ltr'><strong>modestiae...</strong></span> <span class='ocrx_word' id='word_1_582' title='bbox 3223 4727 3284 4783; x_wconf 86' lang='lat' dir='ltr'><strong>P.</strong></span> <span class='ocrx_word' id='word_1_583' title='bbox 3321 4731 3426 4784; x_wconf 82' lang='grc'>392</span> 
     </span>
    </p>
   </div>
   <div class='ocr_carea' id='block_1_25' title="bbox 332 4794 3419 4870">
    <p class='ocr_par' dir='ltr' id='par_1_47' title="bbox 332 4794 3419 4870">
     <span class='ocr_line' id='line_1_91' title="bbox 332 4794 3419 4870; baseline 0.002 -21"><span class='ocrx_word' id='word_1_584' title='bbox 332 4795 438 4863; x_wconf 75' lang='lat' dir='ltr'><strong>leg.</strong></span> <span class='ocrx_word' id='word_1_585' title='bbox 481 4797 840 4850; x_wconf 73' lang='lat' dir='ltr'><strong>bestialiter...</strong></span> <span class='ocrx_word' id='word_1_586' title='bbox 889 4795 949 4849; x_wconf 87' lang='lat' dir='ltr'><strong>P.</strong></span> <span class='ocrx_word' id='word_1_587' title='bbox 985 4797 1052 4847; x_wconf 82' lang='lat'><strong>57</strong></span> <span class='ocrx_word' id='word_1_588' title='bbox 1082 4795 1116 4850; x_wconf 91' lang='grc'><strong>1.</strong></span> <span class='ocrx_word' id='word_1_589' title='bbox 1149 4799 1216 4848; x_wconf 88' lang='grc'><strong>28</strong></span> <span class='ocrx_word' id='word_1_590' title='bbox 1255 4796 1596 4851; x_wconf 70' lang='lat' dir='ltr'><strong>hominum...</strong></span> <span class='ocrx_word' id='word_1_591' title='bbox 1636 4795 1691 4849; x_wconf 88' lang='lat' dir='ltr'><strong>P.</strong></span> <span class='ocrx_word' id='word_1_592' title='bbox 1727 4798 1831 4847; x_wconf 88' lang='grc'><strong>217</strong></span> <span class='ocrx_word' id='word_1_593' title='bbox 1923 4796 1958 4849; x_wconf 92' lang='grc'><strong>1.</strong></span> <span class='ocrx_word' id='word_1_594' title='bbox 1985 4799 2054 4847; x_wconf 86' lang='grc'><strong>24</strong></span> <span class='ocrx_word' id='word_1_595' title='bbox 2076 4795 2293 4867; x_wconf 81' lang='lat' dir='ltr'><strong>Spiritu</strong></span> <span class='ocrx_word' id='word_1_596' title='bbox 2318 4794 2580 4852; x_wconf 82' lang='lat' dir='ltr'><strong>Sancto...</strong></span> <span class='ocrx_word' id='word_1_597' title='bbox 2609 4795 2669 4851; x_wconf 66' lang='lat' dir='ltr'><strong>l).</strong></span> <span class='ocrx_word' id='word_1_598' title='bbox 2691 4800 2793 4850; x_wconf 87' lang='grc'><strong>395</strong></span> <span class='ocrx_word' id='word_1_599' title='bbox 2823 4799 2855 4851; x_wconf 93' lang='grc'><strong>1.</strong></span> <span class='ocrx_word' id='word_1_600' title='bbox 2882 4802 2944 4850; x_wconf 87' lang='grc'><strong>19</strong></span> <span class='ocrx_word' id='word_1_601' title='bbox 2965 4806 3163 4854; x_wconf 78' lang='lat' dir='ltr'><strong>secreta</strong></span> <span class='ocrx_word' id='word_1_602' title='bbox 3182 4800 3419 4870; x_wconf 77' lang='lat' dir='ltr'><strong>desert...</strong></span> 
     </span>
    </p>
   </div>
   <div class='ocr_carea' id='block_1_26' title="bbox 331 4865 1830 5007">
    <p class='ocr_par' dir='ltr' id='par_1_48' title="bbox 331 4865 1830 5007">
     <span class='ocr_line' id='line_1_92' title="bbox 334 4865 1830 4938; baseline -0.001 -18"><span class='ocrx_word' id='word_1_603' title='bbox 334 4867 369 4920; x_wconf 92' lang='grc'><strong>1.</strong></span> <span class='ocrx_word' id='word_1_604' title='bbox 407 4873 470 4920; x_wconf 83' lang='grc'><strong>16</strong></span> <span class='ocrx_word' id='word_1_605' title='bbox 492 4881 562 4918; x_wconf 88' lang='lat' dir='ltr'><strong>an</strong></span> <span class='ocrx_word' id='word_1_606' title='bbox 591 4865 628 4920; x_wconf 82' lang='lat' dir='ltr'><strong>s.</strong></span> <span class='ocrx_word' id='word_1_607' title='bbox 656 4867 808 4921; x_wconf 73' lang='lat' dir='ltr'><strong>honio</strong></span> <span class='ocrx_word' id='word_1_608' title='bbox 839 4866 940 4920; x_wconf 88' lang='lat' dir='ltr'><strong>Dei</strong></span> <span class='ocrx_word' id='word_1_609' title='bbox 964 4871 1102 4920; x_wconf 77' lang='lat' dir='ltr'><strong>est...</strong></span> <span class='ocrx_word' id='word_1_610' title='bbox 1137 4866 1193 4920; x_wconf 90' lang='lat' dir='ltr'><strong>P.</strong></span> <span class='ocrx_word' id='word_1_611' title='bbox 1223 4869 1318 4919; x_wconf 90' lang='grc'><strong>331</strong></span> <span class='ocrx_word' id='word_1_612' title='bbox 1351 4874 1466 4922; x_wconf 82' lang='lat' dir='ltr'><strong>not.</strong></span> <span class='ocrx_word' id='word_1_613' title='bbox 1495 4870 1526 4920; x_wconf 87' lang='lat'><strong>5</strong></span> <span class='ocrx_word' id='word_1_614' title='bbox 1548 4883 1690 4938; x_wconf 82' lang='lat' dir='ltr'><strong>quae</strong></span> <span class='ocrx_word' id='word_1_615' title='bbox 1714 4865 1830 4919; x_wconf 83' lang='lat' dir='ltr'><strong>vul-</strong></span> 
     </span>
     <span class='ocr_line' id='line_1_93' title="bbox 331 4938 1830 5007; baseline 0.001 -16"><span class='ocrx_word' id='word_1_616' title='bbox 331 4955 401 5007; x_wconf 77' lang='lat'><strong>9⁰</strong></span> <span class='ocrx_word' id='word_1_617' title='bbox 427 4938 696 4992; x_wconf 82' lang='lat' dir='ltr'><strong>merula...</strong></span> <span class='ocrx_word' id='word_1_618' title='bbox 734 4938 790 4991; x_wconf 80' lang='lat'><strong>1¹.</strong></span> <span class='ocrx_word' id='word_1_619' title='bbox 836 4941 938 4990; x_wconf 87' lang='grc'><strong>334</strong></span> <span class='ocrx_word' id='word_1_620' title='bbox 970 4943 1083 4990; x_wconf 85' lang='lat' dir='ltr'><strong>not.</strong></span> <span class='ocrx_word' id='word_1_621' title='bbox 1116 4939 1148 4988; x_wconf 90' lang='grc'>4</span> <span class='ocrx_word' id='word_1_622' title='bbox 1187 4945 1309 5007; x_wconf 90' lang='lat' dir='ltr'><strong>(pro</strong></span> <span class='ocrx_word' id='word_1_623' title='bbox 1349 4944 1465 4992; x_wconf 81' lang='lat' dir='ltr'><strong>not.</strong></span> <span class='ocrx_word' id='word_1_624' title='bbox 1500 4942 1554 5000; x_wconf 92' lang='grc'><strong>3)</strong></span> <span class='ocrx_word' id='word_1_625' title='bbox 1592 4942 1640 4991; x_wconf 86' lang='lat' dir='ltr'><strong>et</strong></span> <span class='ocrx_word' id='word_1_626' title='bbox 1666 4940 1830 5006; x_wconf 79' lang='lat' dir='ltr'><strong>seten-</strong></span> 
     </span>
    </p>
   </div>
   <div class='ocr_carea' id='block_1_27' title="bbox 1921 4867 3425 5011">
    <p class='ocr_par' dir='ltr' id='par_1_49' title="bbox 1921 4867 3425 5011">
     <span class='ocr_line' id='line_1_94' title="bbox 1925 4867 3425 4938; baseline 0.005 -18"><span class='ocrx_word' id='word_1_627' title='bbox 1925 4867 1981 4920; x_wconf 86' lang='lat' dir='ltr'><strong>P.</strong></span> <span class='ocrx_word' id='word_1_628' title='bbox 2017 4869 2122 4919; x_wconf 89' lang='grc'><strong>505</strong></span> <span class='ocrx_word' id='word_1_629' title='bbox 2154 4867 2189 4920; x_wconf 93' lang='grc'><strong>1.</strong></span> <span class='ocrx_word' id='word_1_630' title='bbox 2225 4871 2284 4919; x_wconf 90' lang='grc'><strong>31</strong></span> <span class='ocrx_word' id='word_1_631' title='bbox 2330 4885 2470 4938; x_wconf 75' lang='lat' dir='ltr'><strong>quas</strong></span> <span class='ocrx_word' id='word_1_632' title='bbox 2507 4871 2796 4923; x_wconf 55' lang='lat' dir='ltr'><strong>virtum...</strong></span> <span class='ocrx_word' id='word_1_633' title='bbox 2845 4868 2900 4922; x_wconf 88' lang='lat' dir='ltr'><strong>P.</strong></span> <span class='ocrx_word' id='word_1_634' title='bbox 2948 4873 3052 4921; x_wconf 78' lang='grc'><strong>580</strong></span> <span class='ocrx_word' id='word_1_635' title='bbox 3096 4870 3127 4924; x_wconf 93' lang='grc' dir='ltr'><strong>Ι.</strong></span> <span class='ocrx_word' id='word_1_636' title='bbox 3174 4873 3242 4923; x_wconf 89' lang='grc'><strong>25</strong></span> <span class='ocrx_word' id='word_1_637' title='bbox 3267 4877 3316 4925; x_wconf 85' lang='lat' dir='ltr'><strong>et</strong></span> <span class='ocrx_word' id='word_1_638' title='bbox 3339 4888 3425 4926; x_wconf 85' lang='lat' dir='ltr'><strong>ca·</strong></span> 
     </span>
     <span class='ocr_line' id='line_1_95' title="bbox 1921 4937 3071 5011; baseline 0.003 -19"><span class='ocrx_word' id='word_1_639' title='bbox 1921 4941 2021 4992; x_wconf 85' lang='lat' dir='ltr'><strong>rie.</strong></span> <span class='ocrx_word' id='word_1_640' title='bbox 2058 4980 2068 4992; x_wconf 87' lang='lat'><strong>.</strong></span> <span class='ocrx_word' id='word_1_641' title='bbox 2107 4937 2162 4991; x_wconf 91' lang='lat' dir='ltr'><strong>P.</strong></span> <span class='ocrx_word' id='word_1_642' title='bbox 2197 4941 2301 4990; x_wconf 83' lang='lat'><strong>585</strong></span> <span class='ocrx_word' id='word_1_643' title='bbox 2328 4940 2433 4992; x_wconf 82' lang='lat' dir='ltr'><strong>coi.</strong></span> <span class='ocrx_word' id='word_1_644' title='bbox 2468 4942 2521 4999; x_wconf 86' lang='grc'><strong>2.</strong></span> <span class='ocrx_word' id='word_1_645' title='bbox 2556 4956 2604 4992; x_wconf 80' lang='lat' dir='ltr'><strong>v.</strong></span> <span class='ocrx_word' id='word_1_646' title='bbox 2637 4944 2698 4992; x_wconf 90' lang='grc'><strong>21</strong></span> <span class='ocrx_word' id='word_1_647' title='bbox 2733 4941 3071 5011; x_wconf 73' lang='lat' dir='ltr'><strong>disciplinae.</strong></span> 
     </span>
    </p>
   </div>
  </div>
 </body>
</html>
