4036 6117
1611 519 1988 565 nrlsroLA
2012 521 2071 564 E.
3187 505 3315 566 433

283 642 530 711 dandis
562 662 734 725 quae
761 645 1219 721 protulissem,
1272 642 1566 703 studium
1619 643 1922 718 apposui.
1953 642 2086 701 Nec
2122 657 2277 699 vero
2308 646 2395 715 te,
2427 657 2546 700 seu
2580 644 2961 717 quempiam
2990 659 3137 702 mea
3169 644 3391 719 legen-

292 756 484 829 tium,
523 754 647 813 iste
682 751 873 810 latini
921 750 1170 826 eloquii
1207 763 1406 823 quem
1440 749 1660 822 patior
1693 747 2022 820 defectuS,
2076 746 2506 820 scandalizet,
2546 746 2721 821 quod
2772 747 2853 806 ad
2888 763 2965 806 ea
3000 765 3172 824 quae
3224 750 3388 808 mihi

289 859 675 919 revelantur
721 857 826 915 vel
862 871 980 932 per
1028 869 1131 913 me
1166 853 1584 913 manifestari
1632 853 1953 910 divinitus
2009 852 2418 926 imperantur
2451 850 2889 926 proferenda,
2943 854 3144 912 simul
3178 855 3384 913 etiam

290 963 454 1024 mih-i
515 962 799 1022 facultas
849 966 964 1020 aut
1019 966 1399 1034 competens
1449 959 1652 1018 latine
1711 956 2093 1032 proferendi
2153 973 2283 1014 non
2337 955 2537 1014 datur
2584 957 2845 1033 modus,
2906 974 3055 1017 cum
3117 961 3393 1019 intimus

287 1066 757 1127 confabulator
805 1064 920 1124 Dei
972 1064 1463 1139 ineloquentem
1512 1065 1579 1122 et
1627 1061 1984 1137 impeditae
2037 1076 2153 1120 seu
2203 1061 2524 1119 tardioris
2573 1062 2841 1136 linguae
2906 1081 2979 1125 se
3044 1067 3390 1141 profitenS,

289 1172 516 1230 Aaron
574 1169 852 1228 fratrem
904 1184 1096 1226 suum
1158 1185 1275 1244 pro
1311 1168 1773 1242 supplemento
1826 1181 1985 1223 suae
2036 1165 2299 1239 inopiae
2351 1165 2429 1223 ad
2488 1167 2880 1240 explicanda
2929 1185 3100 1243 quae
3151 1186 3269 1245 per
3317 1185 3390 1229 se

291 1293 420 1336 non
469 1277 831 1350 sufficeret,
871 1275 953 1334 ab
1005 1275 1148 1349 ipso
1180 1275 1314 1332 Deo
1365 1274 1801 1348 interpretem
1838 1274 2202 1346 acceperit;
2241 1277 2307 1329 et
2336 1272 2683 1342 Ieremias,
2722 1281 2997 1332 sanctus
3032 1278 3389 1351 antequam

283 1387 520 1455 natus,
572 1396 644 1439 se
693 1378 954 1438 nescire
1004 1379 1189 1453 loqui
1239 1382 1560 1443 testetur:
1614 1383 1681 1434 et
1735 1376 2050 1449 egregius
2098 1374 2545 1450 praedicator,
2598 1391 2728 1433 non
2778 1377 3048 1451 quidem
3084 1379 3388 1450 scientia,

287 1486 410 1546 sed
458 1500 766 1546 sermone
803 1485 1184 1559 imperitum
1231 1479 1276 1560 ¹)
1316 1499 1388 1542 se
1436 1498 1611 1556 esse,
1649 1498 1778 1540 non
1827 1483 2041 1541 solum
2080 1497 2199 1540 sua
2236 1496 2400 1541 voce
2436 1489 2720 1555 asserat,
2760 1483 2875 1541 sed
2911 1486 3137 1559 etiam,
3170 1491 3242 1544 ut
3280 1503 3393 1544 au-

285 1591 402 1649 dio
434 1589 595 1658 dici,
634 1604 869 1664 parum
905 1587 1083 1645 culto
1121 1587 1415 1646 dictandi
1453 1602 1694 1659 genere
1732 1585 2063 1644 ostendat.

1703 1816 1977 1874 XXVIII.

383 2031 508 2091 Sed
558 2032 709 2107 quis
739 2031 918 2091 inter
966 2030 1131 2088 haec
1178 2028 1750 2102 dispensationem
1799 2028 2066 2087 consilii
2118 2028 2575 2088 misericordis
2624 2034 2691 2088 et
2727 2030 3051 2103 sapientis
3103 2031 3386 2090 rectoris

285 2136 511 2196 nostri
557 2136 672 2195 Dei
706 2151 836 2195 non
884 2136 1188 2206 miretur,
1227 2135 1338 2208 qui
1391 2149 1558 2208 quos
1599 2133 1662 2191 in
1714 2133 1941 2191 multis
1976 2134 2238 2192 extollit
2286 2151 2405 2208 pro
2454 2136 2854 2194 removenda
2907 2136 3285 2204 insolentia,
3325 2137 3389 2194 in

295 2238 636 2314 aliquibus
685 2237 1034 2311 deprimit?
1066 2237 1145 2294 Et
1179 2236 1304 2295 hoc
1339 2237 1542 2294 etiam
1593 2235 1786 2294 nobis
1822 2235 1888 2293 in
1920 2236 2258 2295 nonnullis
2294 2237 2521 2296 herbis
2555 2243 2622 2294 et
2657 2237 3037 2298 arbusculis
3071 2219 3396 2314 exempli-⁴

293 2343 620 2417 ficaverit',
670 2355 842 2417 quae
876 2341 1108 2399 eodem
1158 2356 1355 2415 quem
1389 2338 1761 2414 proferunt,
1800 2340 1930 2398 nisi
1967 2341 2234 2400 aliunde
2272 2339 2636 2400 fulciantur
2671 2342 2737 2400 in
2771 2347 2973 2415 terra,
3028 2342 3247 2402 fructu
3283 2345 3394 2402 de·-

296 2446 676 2506 trahuntur.
726 2445 1010 2505 Proinde
1045 2446 1112 2504 et
1159 2445 1226 2502 in
1261 2444 1366 2502 bis
1418 2460 1588 2519 quae
1621 2458 1700 2502 ex
1752 2444 1964 2519 ipsius
1998 2445 2312 2518 largitate
2363 2444 2525 2502 mihi
2564 2450 2823 2519 assunt,
2876 2452 2941 2504 et
2978 2449 3042 2504 in
3080 2447 3184 2506 his
3219 2465 3389 2524 quae

292 2570 415 2630 pro
465 2553 878 2613 correctione
912 2551 1179 2620 desunt,
1234 2550 1470 2609 humili
1506 2565 1606 2608 me
1645 2549 1741 2608 illi
1777 2555 1993 2608 mente
2031 2565 2296 2623 semper
2327 2550 2668 2624 exhibens,
2707 2556 2773 2609 et
2807 2552 3055 2610 nomini
3091 2553 3236 2626 ejus
3272 2569 3392 2628 pro

285 2659 814 2719 revelationibus
864 2657 1109 2733 quibus
1146 2671 1248 2714 me
1297 2656 1619 2726 illustrat,
1657 2653 1831 2713 dabo
1885 2655 2479 2728 magnificentiam,
2517 2661 2583 2713 et
2633 2655 2919 2714 libenter
2953 2656 3295 2731 gloriabor
3332 2658 3392 2716 in

298 2766 823 2838 infirmitatibus,
877 2764 1120 2839 quibus
1156 2783 1190 2820 a
1236 2763 1586 2836 juventute
1624 2777 1770 2818 moa
1818 2777 2034 2835 usque
2069 2777 2241 2819 nunc
2291 2776 2423 2828 me,
2460 2761 2617 2818 dum
2654 2762 2902 2833 elevat,
2942 2762 3218 2821 allidere
3268 2781 3395 2822 non

285 2872 559 2931 desinit.
609 2869 1134 2930 Consolatricem
1173 2867 1334 2925 mihi
1386 2881 1726 2925 assumam
1765 2866 2190 2940 patientiam,
2242 2865 2497 2939 gratias
2533 2866 2596 2922 in
2649 2865 2956 2924 omnibus
2992 2881 3196 2940 agens
3246 2867 3392 2941 ejds

292 2977 775 3054 providentiae,
829 2994 865 3035 a
900 2993 1031 3050 qua
1067 2974 1228 3033 mihi
1281 2991 1358 3032 ne
1397 2974 1460 3032 in
1510 2972 1968 3046 magnitudine
2004 2972 2437 3030 revelationis
2487 2971 2785 3042 extollat,
2839 2972 3115 3044 angelus
3164 2970 3397 3030 Satha-

287 3099 441 3157 nae,
494 3083 607 3159 qui
645 3098 747 3141 me
797 3081 1070 3140 stimulo
1108 3084 1467 3153 perpetuae
1518 3076 1958 3151 aegritudinis
1991 3076 2387 3151 colaphizet,
2426 3075 2771 3150 delegatus
2804 3082 2928 3134 est.
2964 3077 3043 3134 Et
3075 3078 3389 3151 quoniam

287 3191 508 3250 virtus
559 3189 623 3247 in
683 3185 1065 3245 infirmitate
1115 3183 1457 3258 perficitur
1500 3187 1567 3239 et
1618 3180 2031 3253 custoditur,
2084 3185 2241 3254 agat
2288 3181 2565 3253 angelus
2618 3180 2788 3237 idem
2840 3180 3011 3254 quod
3066 3182 3228 3255 agit,
3274 3199 3395 3241 nec

302 3297 557 3366 parcat;
600 3289 925 3363 intrepide
976 3287 1136 3346 cedo
1188 3288 1247 3345 ei
1284 3302 1553 3344 carnem
1591 3301 1806 3344 meam
1841 3284 2301 3357 cribrandam,
2355 3290 2426 3342 ut
2479 3284 2761 3358 spiritus
2798 3286 3027 3345 salvus
3064 3287 3154 3346 sit
3189 3288 3252 3347 in
3286 3290 3392 3347 die

306 3394 586 3456 Domini.

1729 3616 1947 3676 XXIX.

391 3833 473 3894 Ut
521 3838 744 3892 autem
779 3831 929 3892 finis
977 3831 1302 3907 epistolae
1341 3830 1529 3888 initio
1581 3846 1701 3889 suo
1737 3829 2171 3906 respondeat,
2223 3834 2290 3891 et
2321 3835 2531 3892 totam
2567 3832 2925 3891 utilitatem
2962 3833 3107 3907 ejus
3142 3834 3398 3895 brevis-

295 3938 472 3998 sime
522 3937 643 3997 tibi
678 3938 1137 4012 recapitulem,
1189 3936 1246 3994 si
1281 3951 1400 4011 per
1447 3934 1717 3994 easdem
1750 3935 2061 4009 virtuteS,
2099 3951 2384 4011 quarum
2420 3937 2485 3993 in
2534 3936 2862 4012 principio
2903 3942 2969 3995 et
3021 3937 3268 4000 formas
3302 3945 3399 4000 vi-

299 4041 512 4114 disse,
546 4045 615 4099 et
643 4054 849 4099 voees
876 4038 1218 4099 audivisse
1253 4053 1357 4097 me
1382 4038 1541 4111 dixi,
1579 4040 1650 4097 tu
1683 4053 1948 4113 quoque
1982 4042 2051 4096 et
2083 4038 2353 4097 vincere
2390 4038 2603 4112 cupis,
2641 4043 2708 4096 et
2741 4040 3078 4109 coronari,
3116 4041 3395 4103 humilia

303 4153 373 4207 te
418 4162 594 4205 nunc
643 4145 768 4205 sub
815 4144 1069 4219 potenti
1121 4158 1320 4202 manu
1367 4141 1507 4216 Dei,
1544 4142 1703 4218 quia
1730 4142 1918 4217 Juxta
1954 4143 2355 4202 sententiam
2388 4142 2557 4217 ejuS,
2593 4146 2707 4219 qui
2742 4162 2807 4200 se
2842 4144 3179 4219 liitmiliat,
3215 4152 3400 4207 exal-

304 4249 586 4320 tabitur,
634 4246 685 4327 ⁹)
722 4249 994 4308 imitans
1042 4262 1307 4323 quoque
1341 4261 1493 4303 eum
1543 4245 1658 4320 qui
1690 4262 1819 4304 non
1851 4246 2035 4304 venit
2072 4244 2290 4304 facere
2324 4246 2737 4304 voluntatem
2775 4262 2990 4320 suam,
3030 4248 3145 4307 sed
3184 4248 3405 4313 factus

299 4356 413 4415 est
469 4353 788 4413 obediens
838 4366 1051 4427 usque
1109 4350 1190 4409 ad
1239 4354 1545 4423 mortem,
1605 4348 2008 4424 postposita,
2070 4350 2183 4409 ubi
2242 4349 2507 4409 divinae
2564 4349 2816 4422 obviat,
2875 4351 3220 4414 voluntate
3264 4363 3400 4433 tua,

302 4458 487 4517 omni
538 4456 916 4517 obedientia
971 4456 1104 4514 Deo
1155 4454 1364 4514 subde
1421 4459 1486 4513 te
1543 4454 1805 4528 majori,
1866 4455 2025 4529 quia
2080 4457 2182 4513 vir
2238 4453 2540 4513 obediens
2599 4454 2906 4531 loquetur
2952 4460 3280 4522 victorias,
3348 4458 3398 4541 ³)

307 4564 394 4623 Et·
437 4561 655 4622 sciens
689 4561 1006 4636 quoniam
1055 4575 1211 4619 esca
1246 4575 1363 4618 nos
1413 4574 1542 4617 non
1575 4558 1997 4618 commendat
2042 4557 2199 4633 Deo,
2235 4565 2296 4617 et
2332 4561 2490 4636 quia
2522 4565 2753 4617 venter
2786 4563 2950 4619 escis
2983 4567 3044 4620 et
3074 4582 3222 4625 esca
3252 4585 3408 4627 ven-

306 4670 421 4743 tri,
444 4662 495 4746 ⁴)
525 4668 702 4727 Deus
727 4670 951 4724 autem
976 4671 1038 4722 et
1065 4665 1252 4725 hodie
1278 4670 1337 4723 et
1368 4665 1510 4724 heri
1543 4669 1604 4722 et
1639 4665 1712 4721 in
1747 4664 2034 4738 saecula,
2065 4668 2131 4722 et
2158 4662 2335 4738 quod
2368 4678 2564 4721 escae
2599 4663 2956 4739 aliquando
2986 4682 3114 4725 non
3139 4669 3403 4743 profue-

308 4779 471 4836 runt
503 4772 1004 4834 ambulantibus
1043 4772 1108 4830 in
1139 4772 1262 4843 eis,
1300 4769 1425 4829 hoc
1469 4769 1737 4845 inquam
1776 4771 2020 4844 scienS,
2053 4770 2239 4845 juxta
2273 4770 2587 4844 Paulum,
2624 4769 2883 4844 castiga
2916 4786 3035 4843 per
3068 4773 3407 4834 abstinen-

312 4880 478 4939 tiam
525 4894 772 4955 corpus
806 4884 1020 4953 tuum,
1069 4879 1137 4935 et
1172 4877 1237 4935 in
1287 4877 1683 4936 servitutem
1720 4876 1966 4951 redige,
2004 4892 2087 4936 ne
2121 4875 2273 4935 aliis
2307 4874 2727 4951 praedicam,
2767 4875 2911 4951 ipse
2947 4878 3276 4952 reprobus
3311 4882 3407 4941 in-

311 4985 629 5044 veniariS.

388 5205 434 5270 ⁸)
464 5207 722 5261 imbutum
748 5204 868 5259 cod.
901 5235 965 5244 —
992 5205 1038 5267 2)
1065 5202 1269 5259 Matth.
1303 5204 1517 5268 xxm,
1554 5208 1634 5259 12.
1669 5236 1735 5265 ·,·-
1759 5203 1803 5271 ³)
1832 5204 1993 5259 Prov.
2028 5203 2186 5268 XXI,
2211 5208 2296 5259 28.
2328 5235 2395 5244 ---
2420 5204 2463 5271 ⁴)
2497 5211 2519 5258 1
2550 5203 2670 5258 Cor.
2702 5202 2803 5265 vl.
2840 5207 2917 5259 12.
2951 5202 3127 5259 Hebr.
3159 5203 3320 5270 xm,
3348 5210 3398 5262 8,

504 5314 852 5374 ANALECT.
906 5313 975 5373 Τ.
1027 5313 1189 5373 vlu.
1241 5314 1326 5372 28
