4036 6117
1611 516 2074 563 musrouss.
2446 542 2453 550 .
3178 498 3309 556 395

1717 747 1936 821 ΧΧΙ.

1364 971 1753 1048 Hildeyardi
1805 969 2181 1032 GuibertuS.
2231 965 2279 1049 ¹)

285 1170 484 1228 Adhuc
508 1171 576 1228 de
603 1171 790 1227 missis
814 1171 1269 1242 quaestionibus,
1297 1186 1399 1243 pro
1422 1170 1634 1242 quibus
1661 1172 1730 1228 ad
1758 1172 2162 1244 Hildegardem
2186 1171 2416 1243 Sigerus
2441 1170 2728 1243 dirigitur.

370 1367 664 1428 Dilectae
715 1384 1003 1443 sponsae
1047 1369 1202 1428 Jesu
1250 1368 1531 1445 Christi,
1586 1370 1974 1446 Hildegardi
2013 1371 2093 1433 fr.
2146 1371 2509 1432 Guibertus
2558 1368 3084 1442 Gemblacensis,
3137 1374 3203 1427 et
3237 1368 3371 1427 Vil-

284 1473 596 1532 lariensis
643 1473 981 1533 Ecclesiae
1034 1473 1277 1534 fratres
1311 1480 1378 1534 et
1410 1474 1557 1545 filii,
1612 1475 1677 1535 in
1711 1477 1954 1558 spiritu
1986 1482 2056 1537 et
2105 1477 2483 1536 humilitate
2532 1476 2771 1535 matris
2818 1475 3109 1551 Virginis
3143 1476 3373 1534 ambu-

284 1576 446 1648 lare,
495 1576 562 1635 in
608 1577 962 1637 sanctitate
1008 1579 1075 1637 et
1112 1576 1379 1653 justitia
1425 1579 1775 1639 beatorum
1824 1580 2159 1654 virginum
2208 1581 2473 1655 ternpus
2522 1594 2887 1655 corporeae
2936 1579 3367 1638 resolutionis

284 1679 580 1755 implere.

371 1783 835 1843 Benedicimus
882 1783 1088 1843 Deum
1124 1785 1315 1859 coeli,
1368 1784 1483 1860 qui
1516 1790 1748 1844 nostra
1799 1788 2102 1861 tempora
2151 1801 2284 1844 non
2329 1784 2655 1861 despexit,
2706 1789 2776 1844 et
2806 1799 2888 1843 ne
2938 1783 3207 1843 saeculo
3257 1799 3371 1843 no-

292 1888 433 1947 stro
479 1884 530 1964 ²)
581 1888 980 1948 miraculum
1028 1888 1315 1963 deesset,
1352 1889 1625 1948 virtutis
1674 1894 1789 1948 aut
1825 1887 2091 1948 futurae
2138 1889 2645 1963 glorificationis
2693 1890 3093 1965 exemplum,
3146 1888 3373 1947 mundi

284 1995 593 2053 tenebras
641 1994 973 2054 claritatis
1008 1999 1161 2053 tuae
1212 1993 1470 2069 fulgore
1508 1993 1787 2069 fugavit.
1840 1994 1911 2053 In
1945 2009 2190 2069 genere
2223 1995 2396 2053 enim
2449 1995 2785 2054 visionum
2832 1997 3123 2068 tuarum,
3177 1994 3244 2052 in
3270 2009 3375 2052 ra·

285 2102 461 2161 tione
508 2100 1023 2176 expositionum,
1076 2101 1138 2159 in
1175 2101 1467 2176 puritate
1516 2101 2026 2175 sententiarum,
2078 2116 2248 2177 quae
2297 2101 2669 2161 catholicae
2702 2116 2822 2176 per
2868 2100 3089 2158 omnia
3139 2114 3374 2158 conso-

280 2207 439 2265 nant
469 2204 726 2281 pietati,
766 2211 830 2264 te
864 2204 1153 2280 Spiritus
1202 2204 1487 2264 Sanctus
1536 2205 1938 2265 mirabiliter
1987 2205 2377 2279 illustravit,
2427 2211 2494 2264 et
2526 2221 2648 2281 per
2679 2210 2744 2262 te
2778 2203 3079 2279 parvulis
3115 2203 3370 2261 incerta

279 2311 348 2369 et
378 2309 640 2368 occulta
675 2309 1044 2385 sapientiae
1090 2325 1252 2369 suae
1288 2308 1657 2369 multifarie
1691 2309 2036 2369 revelavit.
2074 2310 2170 2369 Tu
2204 2325 2326 2386 per
2357 2309 2646 2385 gratiam
2692 2308 2809 2368 Dei
2842 2325 2964 2368 vas
2997 2323 3070 2368 es
3103 2308 3371 2367 electio-
3414 2293 3421 2300 ’

284 2412 387 2472 nis
421 2411 681 2487 effecta,
731 2411 864 2471 Deo
900 2412 1324 2487 charissima,
1378 2412 1633 2488 angelis
1667 2418 1882 2487 grata,
1922 2413 2304 2473 hominibus
2355 2414 2760 2486 necessaria,
2797 2419 2865 2472 et
2895 2413 3157 2473 delecta
3186 2405 3236 2490 ³)
3287 2413 3371 2472 ad

281 2513 666 2589 dirigendos
700 2513 903 2589 pedes
952 2530 1185 2574 eorum
1220 2514 1288 2574 in
1320 2515 1500 2575 viam
1533 2515 1733 2589 vitae,
1786 2514 1869 2574 ad
1901 2515 2434 2590 cognoscendam
2483 2514 3047 2590 magnificentiam
3079 2520 3376 2590 potesta·

285 2618 371 2676 tis
405 2622 734 2678 aeternae.
784 2618 1170 2693 Agnoscunt
1201 2619 1378 2678 enim
1415 2619 1480 2676 in
1513 2619 1726 2677 sacris
1774 2619 2208 2678 excellentiae
2244 2625 2398 2678 tuae
2432 2618 2691 2677 meritis
2736 2632 2969 2676 sexum
3012 2615 3373 2676 femineum

279 2721 604 2783 divinitus
640 2722 976 2798 honorari,
1005 2722 1310 2782 videntes
1342 2722 1626 2798 gloriam
1656 2726 1860 2798 tuam,
1890 2724 2175 2799 gloriam
2209 2724 2404 2799 quasi
2440 2726 2757 2798 regnante
2785 2739 2823 2782 a
2848 2722 3070 2797 Patre,
3105 2721 3372 2797 plenam

281 2829 501 2902 gratia
533 2834 600 2888 et
633 2829 940 2889 veritate.

371 2933 510 2991 Ave
544 2948 726 3007 ergO,
772 2938 928 3009 post
961 2931 1234 2991 Mariam
1283 2933 1503 3009 gratia
1549 2934 1766 3009 plena,
1817 2932 2137 2991 Dominus
2188 2935 2432 3005 tecum,
2484 2931 2834 2991 benedicta
2870 2937 2942 2991 tu
2976 2931 3043 2990 in
3076 2933 3374 2992 mulieri-

285 3034 431 3108 buS,
468 3040 535 3094 et
568 3035 956 3097 benedictus
991 3054 1212 3099 sermo
1246 3039 1385 3099 oris
1418 3040 1538 3115 tui,
1587 3040 1700 3118 qui
1738 3039 2176 3100 invisibilium
2212 3045 2473 3099 secreta
2519 3038 2741 3100 defers
2776 3039 2858 3099 ad
2895 3039 3218 3116 homineS,
3256 3042 3373 3118 qui

283 3140 497 3199 sociat
528 3141 813 3200 terrenis
849 3143 1193 3216 coelestia,
1246 3143 1554 3203 humanis
1587 3142 1816 3203 divina
1850 3143 2213 3219 conjungit.
2250 3142 2390 3202 Hoc
2424 3141 2625 3201 corde
2659 3142 3032 3218 credenteS,
3070 3161 3185 3205 ore
3219 3161 3373 3205 con-

285 3249 570 3323 fitemur,
621 3250 798 3325 quod
832 3255 903 3310 tu
952 3266 1024 3309 es
1077 3249 1219 3310 fons
1266 3251 1639 3325 hortorum,
1690 3255 1933 3323 puteus
1976 3265 2303 3325 aquarum
2354 3248 2745 3322 viventium,
2798 3262 2970 3323 quae
3005 3247 3216 3307 fluunt
3251 3248 3370 3305 im-

288 3361 441 3432 petu
480 3356 560 3415 de
593 3356 862 3418 Liban0.
894 3352 943 3437 ⁴)

377 3463 503 3523 Per
553 3464 739 3522 illum
774 3479 959 3539 ergo,
1005 3464 1198 3539 quus
1246 3478 1519 3523 munere
1553 3462 1710 3521 talis
1760 3461 1992 3521 effecta
2031 3477 2131 3530 eS,
2168 3467 2231 3520 te
2284 3460 2679 3537 suppliciter
2724 3475 3100 3536 exoramuS,
3154 3468 3227 3522 ut
3259 3461 3374 3523 do-

285 3569 539 3628 ctrinae
574 3574 727 3628 tuae
763 3569 1016 3630 rivulos
1055 3568 1138 3629 ad
1182 3569 1652 3645 quaestionum
1687 3573 2070 3627 nostrarum
2117 3565 2446 3643 profunda
2480 3572 2859 3638 convertaS,
2912 3572 2980 3626 et
3011 3566 3369 3627 desideriis

289 3673 537 3731 nostris
571 3673 749 3732 vitae
798 3674 1107 3748 poculum
1144 3671 1556 3749 propinando
1593 3671 1883 3733 sobriam
1931 3671 2327 3731 ebrietatem
2364 3686 2547 3747 spem
2585 3670 2972 3731 sitientibus
3021 3671 3372 3731 animabus

289 3775 618 3837 infundas,
670 3775 849 3835 Sciat
897 3783 1012 3836 tua
1059 3778 1352 3851 dilecti0,
1405 3774 1582 3852 quod
1633 3777 1883 3835 intenta
1933 3776 2384 3852 perscrutatio
2434 3777 2549 3834 tua
2598 3775 2665 3834 in
2714 3776 2973 3836 ratione
3023 3775 3223 3852 hujus
3274 3791 3374 3834 se-

287 3881 458 3939 creti
495 3885 685 3956 grata
719 3881 912 3940 nobis
945 3881 1073 3941 erit
1109 3896 1311 3956 super
1345 3880 1557 3939 millia
1591 3880 1736 3939 auri
1771 3886 1837 3939 et
1872 3881 2153 3955 argenti.

376 3985 580 4044 Adest
613 3986 1006 4045 carissimus
1056 3985 1232 4044 filius
1267 3991 1446 4058 tuuS,
1501 3984 1707 4043 frater
1739 3983 2033 4059 Sigerus,
2060 3980 2107 4062 ⁵)
2145 3985 2257 4060 qui
2292 3985 2573 4043 consilio
2609 3990 2722 4043 tuo
2758 3983 3103 4058 suadente,
3146 3985 3367 4044 mundi

286 4086 568 4161 gloriam
604 4088 773 4148 mira
820 4088 1128 4149 libertate
1161 4087 1582 4162 contempsit,
1637 4086 1717 4146 ad
1751 4086 1973 4145 dulcia
2009 4087 2216 4146 ubera
2253 4092 2405 4145 tuae
2453 4086 2934 4144 consolationis
2983 4086 3225 4146 devota
3256 4103 3368 4163 pe-

287 4190 734 4264 regrinatione
785 4191 1089 4250 recurrit:
1140 4206 1261 4266 per
1304 4190 1522 4265 ipsum
1571 4189 1872 4264 parvitas
1921 4194 2152 4249 nostra
2203 4190 2267 4248 in
2318 4188 2567 4248 Christi
2618 4189 2924 4248 claritate
2972 4194 3038 4248 te
3087 4191 3362 4264 salutat,

284 4293 597 4368 precibus
648 4294 782 4352 tuis
831 4295 1084 4353 sanctis
1132 4310 1206 4353 se
1257 4300 1396 4354 tota
1444 4294 1796 4353 devotione
1848 4293 2294 4366 commendat,
2346 4300 2412 4352 et
2460 4309 2580 4370 per
2628 4294 2828 4352 talem
2880 4295 3185 4354 nuntium
3236 4297 3367 4356 sibi

287 4397 534 4455 remitti
572 4398 1035 4473 quaestionum
1073 4398 1545 4474 responsiones
1578 4396 2042 4456 desideranter
2087 4400 2335 4456 exorat.
2372 4396 2536 4471 Spes
2572 4398 3026 4473 inquisitionis
3075 4404 3143 4457 et
3174 4414 3369 4475 expe-

281 4500 596 4561 ctationis
637 4508 908 4562 nostrae
956 4519 1075 4577 pro
1111 4502 1327 4577 gratia
1376 4502 1499 4561 tibi
1532 4501 1688 4560 data
1741 4503 1803 4560 in
1839 4499 2082 4575 gaudio
2136 4509 2356 4560 manet
2404 4502 2856 4575 exultationiS‚
2911 4519 3082 4562 nunc
3116 4503 3197 4561 ad
3233 4504 3371 4576 glo-

286 4606 455 4663 riam
506 4605 778 4679 Christi,
831 4613 897 4664 et
947 4606 1317 4682 profectum
1367 4607 1576 4666 totius
1626 4606 1993 4678 Ecclesiae,
2046 4606 2267 4679 cogita
2316 4605 2694 4681 diligenter,
2748 4613 2820 4665 ut
2870 4608 2967 4665 sic
3018 4610 3368 4683 responsio

285 4718 398 4769 tua
456 4712 769 4785 profluat,
830 4717 1161 4787 quatenus
1223 4713 1286 4770 in
1342 4711 1769 4786 generatione
1828 4709 2252 4768 saeculorum
2310 4710 2680 4783 gratiarum
2740 4712 2829 4770 sit
2887 4712 3062 4770 actio
3119 4717 3185 4770 et
3241 4729 3369 4772 vox

286 4813 524 4874 laudis,

357 5000 400 5065 ¹)
429 5000 509 5054 Ex
537 5000 656 5057 eod.
683 5002 803 5059 cod.
838 5001 874 5059 t'.
912 5008 1028 5059 156.
1061 5035 1126 5044 ···
1149 5006 1196 5069 ⁰²)
1232 5011 1470 5061 nostrum
1494 5003 1614 5060 cod.
1647 5034 1714 5043 —-
1863 5002 2287 5074 Hildegardem,
2314 5006 2458 5061 idern
2482 5006 2743 5077 sitatque
2765 5007 2974 5062 nobilis
3003 5007 3089 5062 vir
3108 5007 3175 5062 de
3197 5008 3367 5063 Wau·

281 5086 329 5151 ³)
356 5088 549 5142 dilecta
576 5088 697 5143 cod.
724 5120 789 5129 --
809 5088 855 5154 ⁴)
876 5089 1035 5145 Cant.
1075 5089 1176 5152 lv,
1217 5093 1299 5145 15.
1340 5121 1405 5129 -
1428 5091 1475 5151 ⁵)
1498 5089 1779 5155 Quaeren-
1866 5106 1925 5144 ra
1962 5107 2129 5162 supra
2171 5092 2446 5146 laudatus.
2485 5091 2778 5146 Caeterum
2813 5092 2970 5154 haec.
3019 5092 3197 5148 inscio
3230 5094 3368 5150 Gui-

285 5176 421 5229 dum
445 5196 512 5234 an
535 5171 983 5256 Sigerusiliequi
1013 5191 1176 5247 supra
1205 5172 1549 5243 dicituriam
1576 5189 1628 5244 vi
1649 5186 1781 5242 iisse
1871 5189 2049 5245 berto,
2078 5180 2250 5237 fuisso
2265 5179 2469 5252 scripta
2488 5188 2716 5241 monent
2735 5186 3032 5254 sequentes
3058 5181 3302 5242 litterae.
