4036 6117
707 461 833 522 178
1853 478 1904 522 S.
1966 471 2505 523 ntcnsscAnms

642 596 920 674 fugiant,
953 593 997 676 ¹)
1049 598 1164 675 qui
1197 597 1329 658 Deo
1363 597 1754 672 adhaerere,
1792 604 1859 657 et
1892 614 2181 674 superna
2214 599 2511 675 praemia
2560 610 2799 673 capere
2843 597 3245 657 desiderant.
3286 598 3462 657 Haec
3496 594 3714 659 autem

635 701 715 762 de
764 703 1247 778 poenitentium
1282 703 1632 763 animabus
1667 702 2029 778 purgandis
2063 704 2130 761 et
2177 703 2516 762 salvandis
2549 702 2728 761 dicta
2761 708 2937 775 sunt,
2975 704 3041 761 et
3075 701 3294 761 fidelia
3328 706 3502 775 sunt,
3536 706 3603 762 et
3651 702 3719 761 fi-

633 806 801 866 delis
837 806 943 866 his
977 807 1300 880 attendat,
1337 809 1403 867 et
1435 823 1513 866 ea
1548 808 1614 866 in
1646 806 2041 867 memoriam
2074 806 2286 865 bonae
2321 806 2638 865 scientiae
2672 811 3050 882 componat.

723 911 828 972 82.
879 910 1006 971 Sed
1039 918 1104 970 et
1140 911 1309 970 alias
1343 909 1683 984 praefatae
1728 910 2179 969 multitudinis
2215 910 2496 985 spiritus
2538 909 2699 982 vidi,
2737 909 2851 985 qui
2897 924 3125 969 omnes
3158 908 3718 986 vociferabantur,

629 1015 950 1076 dicentes:
990 1015 1169 1086 Quae
1220 1015 1477 1074 utilitas
1526 1014 1594 1073 in
1628 1030 1758 1073 una
1792 1029 1863 1072 re
1896 1014 2239 1072 consistit?
2288 1013 2467 1073 Haec
2500 1029 2786 1089 namque
2828 1029 3000 1089 quae
3033 1014 3443 1089 quaerimuS,
3492 1014 3558 1074 in
3592 1031 3720 1076 uno

612 1117 766 1178 ·Deo
817 1119 1116 1178 invenire
1165 1135 1294 1179 non
1343 1134 1725 1192 possumus3
1763 1124 1830 1177 et
1865 1117 2113 1176 idcirco
2162 1117 2410 1193 ubique
2458 1117 3101 1194 circumspiciemus,
3152 1120 3219 1177 et
3264 1132 3722 1195 quaecumque

631 1223 1067 1298 voluerimuS,
1117 1223 1233 1282 illa
1268 1221 1612 1281 trahemus
1663 1221 1743 1280 ad
1792 1238 1934 1280 nos,
1987 1221 2108 1280 Isti
2158 1220 2459 1280 homines
2509 1221 2589 1280 ad
2640 1220 3074 1295 cupiditatem
3122 1220 3600 1295 exhortantur,
3658 1222 3724 1281 et

634 1326 810 1402 quod
847 1327 912 1385 in
945 1326 1254 1387 omnibus
1290 1327 1488 1387 rebus
1523 1326 1746 1402 cupidi
1782 1325 1937 1400 sint,
1969 1323 2021 1403 ²)
2058 1324 2154 1384 eis
2187 1324 2664 1384 demonstrant.

2058 1547 2303 1608 ann.

1467 1746 1559 1804 De
1605 1744 2012 1820 purqatoriis
2057 1744 2292 1818 poenis
2336 1758 2459 1819 pro
2507 1743 2893 1819 cupiditate.

729 1953 833 2013 83.
883 1952 963 2012 Et
1010 1951 1148 2011 vidi
1201 1965 1509 2026 magnam
1568 1949 2045 2025 longitudinem
2094 1954 2160 2008 et
2210 1949 2628 2009 latitudinem
2683 1955 2750 2008 et
2797 1949 3321 2023 profunditatem
3369 1967 3722 2031 aquarum,

636 2055 922 2114 maximo
981 2053 1219 2115 ardore
1270 2054 1443 2137 ignis
1494 2052 1916 2125 ferventium,
1971 2052 2036 2110 in
2085 2051 2329 2126 quibus
2379 2052 2654 2126 pessimi
2703 2067 2967 2112 vermes
3015 2056 3082 2113 et
3128 2053 3401 2129 plurimi
3448 2059 3725 2134 maligni

635 2157 915 2232 spiritus
955 2156 1240 2216 fuerunt.
1277 2157 1350 2215 In
1394 2138 1498 2214 his
1533 2161 1756 2215 autem
1791 2155 2023 2228 poenis
2058 2156 2318 2213 animae
2368 2154 2637 2212 illorum
2669 2153 3162 2231 affligebantur,
3200 2159 3315 2233 qui
3352 2159 3417 2217 in
3452 2162 3724 2221 saeculo

633 2260 960 2335 viventeS‚
1013 2260 1446 2337 cupiditatem
1495 2258 1888 2333 dilexerant,
1940 2263 2008 2317 et
2042 2274 2120 2317 ea
2153 2258 2459 2317 omnibus
2494 2257 2709 2318 modis
2744 2259 2871 2318 sibi
2912 2262 3343 2323 attraxerant.
3378 2263 3542 2324 Nam
3576 2281 3729 2341 pro-

633 2367 782 2440 pter
809 2365 1256 2425 insatiabilem
1284 2363 1739 2438 cupiditatem,
1770 2378 1972 2439 quam
2000 2363 2065 2421 in
2094 2378 2165 2420 se
2192 2361 2585 2435 habuerant,
2612 2362 2999 2423 earumdem
3026 2382 3350 2440 aquarum
3391 2365 3725 2428 fervorem

634 2471 1035 2544 sentiebant;
1066 2472 1131 2530 et
1164 2472 1437 2546 propter
1471 2468 1906 2528 acerbitatem
1932 2466 2233 2542 ejusdem
2268 2468 2677 2543 cupiditatis,
2716 2485 2752 2527 a
2778 2469 3121 2529 vermibus
3157 2470 3305 2531 istis
3340 2470 3729 2547 affligeban-

639 2580 771 2653 tur;
822 2579 889 2638 et
922 2579 1195 2654 propter
1245 2575 1540 2635 studium
1576 2590 1706 2650 quo
1757 2573 1971 2632 eidem
2005 2573 2170 2632 vitio
2222 2572 2721 2646 insudaverant,
2760 2574 2842 2632 ab
2877 2573 2982 2632 his
3017 2576 3329 2650 malignis
3372 2577 3727 2651 spiritibus

641 2682 851 2757 igneis
888 2680 1051 2739 fumi
1088 2678 1409 2754 praefatis
1443 2678 1636 2754 aquis
1672 2677 2259 2751 immergebantur.
2294 2675 2373 2734 Et
2406 2676 2545 2735 vidi
2577 2682 2643 2735 et
2679 2675 2972 2736 intellexi
3006 2676 3193 2738 haec.

2083 2899 2259 2959 LXV.

1601 3095 1693 3154 De
1737 3095 2157 3172 poenitentia
2196 3111 2319 3171 pro
2368 3095 2753 3172 cupiditate.

726 3307 830 3367 84.
867 3305 945 3366 Et
977 3305 1220 3364 iterum
1273 3303 1355 3362 de
1390 3300 1694 3388 praefata
1727 3303 1994 3362 vivente
2046 3304 2192 3362 luce
2227 3303 2451 3362 audivi
2486 3319 2716 3363 vocem
2754 3303 2916 3363 mihi
2951 3303 3301 3364 dicentem:
3339 3305 3519 3365 Haec
3551 3323 3727 3383 quae

634 3408 846 3482 videS‚
881 3423 1042 3468 vera
1079 3411 1255 3481 sunt,
1293 3411 1360 3465 et
1394 3408 1465 3465 ut
1496 3421 1576 3466 ea
1609 3405 1818 3480 videS,
1860 3406 1952 3465 ita
1985 3409 2156 3466 sunt.
2185 3406 2364 3465 Unde
2394 3406 2694 3465 homines
2720 3406 2778 3465 si
2807 3406 3106 3482 spiritus,
3136 3407 3252 3483 qui
3284 3423 3401 3468 eos
3435 3409 3517 3469 ad
3544 3413 3735 3486 cupi-

633 3512 909 3572 ditatem
958 3508 1378 3585 pertrahunt,
1417 3509 1793 3570 studuerint
1821 3501 1871 3588 ⁸)
1908 3525 2248 3583 superare,
2285 3515 2351 3569 et
2384 3526 2632 3585 poenas
2680 3510 2978 3585 ejusdem
3015 3511 3159 3570 vitii
3208 3513 3517 3586 evadere,
3555 3514 3732 3590 jeju-

634 3617 764 3676 niis
797 3619 863 3676 et
895 3615 1291 3676 verberibus
1327 3630 1397 3673 se
1432 3615 1784 3689 castigent,
1824 3629 1901 3673 ac
1934 3614 2359 3674 eleemosinis
2394 3615 2624 3673 eadem
2660 3618 2933 3691 peccata
2970 3615 3319 3677 redimant.

2053 3835 2277 3898 LXVI.

1803 4031 1895 4090 De
1944 4031 2103 4089 vitio
2151 4031 2556 4107 cupiditatis,

722 4241 829 4303 85.
879 4238 1045 4301 Nam
1095 4239 1429 4316 cupiditas
1478 4254 1601 4300 nec
1656 4239 2008 4299 caritatem
2060 4240 2141 4298 ad
2190 4239 2421 4314 Deum,
2472 4254 2593 4299 nec
2628 4239 2891 4299 fidelem
2924 4241 3231 4302 fiduciam
3284 4243 3366 4303 ad
3413 4244 3722 4308 homines

631 4349 854 4423 habet,
892 4348 1008 4408 sed
1044 4347 1266 4407 omnia
1315 4362 1485 4423 quae
1521 4348 1741 4422 potest
1789 4346 1985 4421 rapit,
2024 4346 2246 4405 omnia
2280 4360 2452 4421 quae
2500 4347 2720 4421 potest
2757 4347 2960 4422 capit,
2997 4353 3065 4407 et
3096 4349 3316 4408 aliena
3351 4350 3481 4411 sibi
3515 4352 3727 4413 liben-

633 4457 734 4514 ter
783 4452 1088 4527 attrahit,
1128 4468 1205 4512 ac
1237 4452 1653 4512 nimietatem
1704 4452 1771 4510 in
1821 4454 2039 4510 mente
2087 4457 2154 4510 et
2188 4452 2254 4510 in
2299 4453 2531 4511 ventre
2580 4457 2647 4511 et
2696 4451 2764 4509 in
2796 4452 3106 4512 omnibus
3159 4452 3478 4529 operibus
3526 4470 3603 4514 ac
3654 4456 3724 4517 in

631 4556 940 4618 omnibus
977 4556 1177 4616 rebus
1225 4556 1364 4615 suis
1400 4558 1598 4615 tenet.
1639 4555 1931 4616 Canibus
1980 4554 2184 4614 etiam
2217 4554 2334 4630 qui
2381 4555 2673 4630 undique
2708 4554 3118 4630 discurrunt,
3155 4558 3224 4617 et
3253 4574 3385 4617 non
3418 4565 3727 4621 saturan-

634 4664 741 4721 tur
774 4661 1014 4720 similis
1041 4666 1167 4734 est;
1198 4669 1264 4719 et
1289 4660 1494 4718 etiam
1531 4659 1908 4718 immundae
1935 4660 2041 4718 avi
2073 4659 2511 4733 assimilatur,
2538 4655 2586 4737 ⁴)
2625 4674 2795 4734 quae
2827 4660 2892 4718 in
2919 4661 3377 4736 inquietudine
3410 4669 3476 4722 et
3511 4665 3577 4723 in
3608 4682 3723 4725 vo·-

634 4765 914 4824 racitate
963 4770 1090 4836 est;
1129 4769 1195 4822 et
1230 4763 1570 4838 squalidos
1606 4777 1826 4822 mores
1862 4762 2140 4836 habenS,
2180 4763 2611 4822 medicinales
2645 4778 2867 4823 mores
2912 4763 3283 4824 honestatis
3319 4764 3508 4839 fugit,
3544 4781 3621 4824 ac
3654 4767 3724 4825 in

631 4869 956 4931 effusione
985 4868 1493 4945 vituperationis
1523 4868 1885 4928 multorum
1913 4874 2039 4928 est:
2069 4868 2242 4928 unde
2269 4870 2335 4927 et
2358 4868 2564 4927 Deum
2592 4870 2828 4943 nescit,
2856 4862 2903 4948 ⁵)
2939 4875 3006 4929 et
3033 4871 3113 4930 ad
3150 4871 3265 4930 illa
3297 4885 3469 4946 quae
3503 4870 3725 4931 aliena

632 4979 786 5033 sunt
822 4973 1118 5048 respicit.
1157 4972 1280 5031 Sed
1316 4973 1430 5048 qui
1465 4974 1745 5031 mortem
1801 4969 2085 5044 fugiunt,
2121 4973 2188 5030 et
2234 4971 2441 5030 Deum
2490 4971 2799 5045 diligunt,
2850 4978 2917 5031 et
2956 4974 3069 5049 qui
3120 4972 3363 5048 gaudia
3414 4976 3725 5034 aeternae

703 5142 744 5206 ¹)
768 5144 998 5214 fugiunt
1025 5142 1113 5197 W.
1151 5173 1214 5181 -
1239 5142 1284 5207 2)
1312 5147 1434 5196 sunt
1461 5139 1525 5196 A.
1564 5172 1626 5179 —
1653 5139 1696 5205 ³)
1723 5142 2048 5196 studuerunt
2072 5138 2137 5194 A.
2174 5170 2238 5180 --
2264 5139 2307 5207 ⁴)
2335 5140 2716 5196 assimilantur
2740 5139 2804 5194 Α.
2840 5169 2899 5177 -
2928 5142 2971 5206 ⁵)
2999 5144 3165 5196 nescis
3190 5140 3282 5197 W.
