4036 6117
1611 516 2074 564 EmsroLAE.
2446 541 2452 550 -
3178 495 3309 553 395

1718 748 1935 821 XXI.

1364 972 1753 1049 Hildeqardi
1805 969 2182 1032 GuibertuS.
2232 965 2280 1048 ¹)

286 1173 484 1232 Adhuc
508 1175 578 1232 de
604 1174 792 1231 missis
815 1173 1270 1245 quaestionibus.
1298 1189 1400 1245 pro
1424 1172 1634 1243 quibus
1663 1173 1732 1229 ad
1758 1172 2163 1244 Hildegardem
2188 1170 2418 1242 Sigerus
2443 1168 2730 1241 dirigitur.

371 1372 665 1432 Dilectae
716 1387 1004 1447 sponsae
1049 1372 1203 1431 Jesu
1252 1371 1533 1446 Christi,
1589 1371 1977 1447 Hildegardi
2016 1372 2094 1433 fr.
2147 1371 2511 1432 Guibertus
2560 1366 3086 1439 GemblacensiS,
3139 1371 3205 1424 et
3239 1365 3373 1424 Vil-

286 1477 598 1536 lariensis
645 1477 983 1537 Ecclesiae
1035 1476 1280 1537 fratres
1313 1483 1380 1536 et
1414 1477 1559 1547 filii,
1613 1476 1678 1536 in
1713 1477 1956 1560 spiritu
1989 1482 2058 1537 et
2107 1476 2485 1535 humilitate
2536 1475 2773 1533 matris
2820 1472 3111 1549 Virginis
3145 1472 3375 1532 ambu-

288 1581 448 1652 lare,
497 1581 563 1640 in
610 1581 964 1641 sanctitate
1010 1582 1077 1640 et
1115 1579 1382 1655 justitia
1426 1580 1776 1640 beatorum
1824 1580 2163 1655 virginum
2209 1581 2475 1654 tempus
2524 1592 2890 1653 corporeae
2938 1575 3369 1636 resolutionis

288 1683 583 1759 implere.

375 1787 838 1847 Benedicimus
884 1786 1092 1847 Deum
1126 1787 1317 1861 coeli,
1369 1786 1484 1863 qui
1518 1791 1752 1845 nostra
1800 1790 2104 1861 tempora
2153 1801 2285 1844 non
2332 1783 2658 1859 despexit,
2708 1787 2777 1843 et
2809 1797 2890 1841 ne
2940 1781 3210 1841 saeculo
3259 1796 3373 1840 no-

295 1894 436 1952 stro
482 1888 533 1969 ²)
584 1891 982 1951 miraculum
1030 1892 1318 1966 deesset,
1354 1890 1628 1951 virtutis
1677 1895 1793 1949 aut
1829 1889 2093 1949 futurae
2141 1888 2648 1964 glorificationis
2696 1887 3096 1963 exemplum,
3148 1885 3375 1945 mundi

288 1999 596 2057 tenebras
644 1997 976 2057 claritatis
1011 2002 1165 2056 tuae
1217 1995 1474 2071 fulgore
1509 1994 1790 2071 fugavit.
1845 1996 1916 2054 In
1948 2010 2192 2069 genere
2226 1995 2401 2053 enim
2451 1993 2788 2052 visionum
2837 1997 3126 2066 tuarum,
3180 1992 3247 2050 in
3274 2006 3378 2049 ra-

288 2107 465 2166 tione
512 2104 1025 2179 expositionum,
1079 2103 1142 2162 in
1179 2102 1469 2179 puritate
1520 2102 2029 2176 sententiarum,
2080 2116 2253 2177 quae
2300 2100 2673 2160 catholicae
2706 2094 2825 2175 per
2872 2097 3092 2157 omnia
3143 2111 3378 2155 conso-

284 2211 443 2269 nant
474 2208 729 2284 pietati‚
771 2214 834 2267 te
868 2206 1157 2284 Spiritus
1206 2207 1490 2267 Sanctus
1538 2206 1941 2266 mirabiliter
1992 2206 2380 2279 illustravit,
2431 2210 2499 2263 et
2531 2220 2651 2281 per
2683 2209 2749 2262 te
2781 2200 3083 2277 parvulis
3119 2201 3373 2259 incerta

285 2317 353 2374 et
383 2313 644 2372 occulta
678 2312 1047 2388 sapientiae
1094 2327 1257 2371 suae
1291 2310 1661 2371 multifarie
1696 2311 2040 2370 revelavit.
2077 2310 2175 2369 Tu
2209 2326 2329 2385 per
2361 2309 2648 2384 gratiam
2695 2307 2812 2367 Dei
2847 2323 2968 2366 vas
3001 2321 3074 2366 es
3107 2306 3376 2364 electio·
3418 2291 3425 2297 ’

288 2417 391 2476 nis
424 2415 685 2491 effecta,
735 2415 868 2476 Deo
905 2415 1328 2490 charissima,
1381 2413 1638 2490 angelis
1671 2419 1887 2489 grata,
1925 2413 2308 2473 hominibus
2359 2412 2764 2486 necessaria,
2801 2417 2869 2471 et
2900 2411 3161 2471 delecta
3191 2402 3241 2487 ³)
3292 2410 3376 2469 ad

286 2518 672 2594 dirigendos
705 2518 908 2592 pedes
957 2533 1190 2578 eorum
1224 2517 1293 2576 in
1324 2517 1505 2576 viam
1536 2517 1738 2590 vitae,
1791 2515 1874 2575 ad
1906 2514 2439 2591 cognoscendam
2489 2512 3052 2589 magnificentiam
3084 2518 3380 2588 potesta-

288 2623 375 2682 tis
409 2628 738 2683 aeternae.
791 2623 1177 2697 Agnoscunt
1205 2621 1383 2680 enim
1419 2620 1486 2679 in
1519 2620 1732 2680 sacris
1780 2619 2214 2680 excellentiae
2249 2624 2403 2678 tuae
2438 2617 2696 2676 meritis
2741 2630 2974 2675 sexum
3017 2613 3378 2673 femineum

285 2727 609 2788 divinitus
645 2725 981 2801 honorari,
1010 2726 1315 2785 videntes
1348 2724 1632 2800 gloriam
1658 2727 1865 2799 tuam,
1896 2724 2180 2800 gloriam
2214 2723 2408 2798 quasi
2445 2725 2763 2798 regnante
2790 2738 2829 2780 a
2854 2720 3075 2795 Patre,
3112 2720 3377 2796 plenam

288 2833 506 2907 gratia
538 2838 605 2893 et
637 2833 945 2893 veritate.

377 2937 516 2996 Ave
550 2952 733 3012 ergo,
779 2941 934 3012 post
965 2934 1239 2994 Mariam
1289 2935 1510 3011 gratia
1555 2935 1772 3010 plena,
1823 2933 2142 2993 Dominus
2194 2935 2438 3006 tecum,
2489 2929 2839 2990 benedicta
2875 2935 2947 2989 tu
2982 2929 3048 2989 in
3082 2931 3380 2990 mulieri-

291 3038 437 3113 bus,
475 3044 542 3098 et
575 3039 962 3100 benedictus
997 3056 1217 3101 sermo
1252 3042 1391 3102 oris
1423 3041 1544 3117 tui,
1592 3042 1706 3118 qui
1742 3040 2183 3100 invisibilium
2218 3045 2479 3099 secreta
2525 3037 2748 3098 defers
2782 3038 2864 3097 ad
2900 3037 3224 3113 homines,
3262 3040 3378 3114 qui

290 3145 503 3204 sociat
535 3144 819 3203 terrenis
857 3145 1198 3220 coelestia,
1251 3146 1560 3205 humanis
1594 3144 1822 3205 divina
1855 3143 2219 3218 conjungit.
2256 3142 2406 3201 Hocv
2430 3141 2631 3201 corde
2665 3140 3038 3216 credenteS,
3076 3158 3191 3203 ore
3225 3158 3380 3202 con-

291 3254 577 3327 fitemur,
629 3253 805 3329 quod
838 3258 910 3312 tu
958 3268 1030 3312 es
1084 3252 1225 3313 sons
1273 3253 1645 3327 hortorum,
1697 3256 1939 3325 puteus
1983 3264 2310 3326 aquarum
2361 3247 2752 3321 viventium,
2804 3260 2977 3321 quae
3010 3244 3222 3304 fluunt
3255 3245 3378 3303 im-

293 3366 449 3435 petu
486 3360 567 3419 de
600 3360 869 3421 Liban0.
902 3355 950 3440 ⁴)

384 3468 509 3527 Per
560 3468 746 3526 illum
781 3482 966 3542 ergo,
1013 3467 1204 3541 cujus
1253 3481 1526 3525 munere
1561 3465 1717 3523 talis
1767 3462 1999 3522 effecta
2038 3478 2138 3530 eS,
2174 3467 2238 3520 te
2290 3460 2686 3537 suppliciter
2733 3475 3107 3534 exoramuS‚
3161 3465 3233 3519 ut
3265 3459 3380 3520 do-

293 3573 546 3632 ctrinae
580 3579 733 3632 tuae
769 3574 1024 3633 rivulos
1063 3572 1144 3631 ad
1189 3571 1661 3647 quaestionum
1694 3573 2078 3628 nostrarum
2125 3565 2454 3643 profunda
2488 3570 2866 3637 convertaS,
2919 3569 2987 3623 et
3018 3564 3376 3625 desideriis

297 3678 545 3736 nostris
577 3677 756 3737 vitae
805 3678 1115 3752 poculum
1151 3673 1563 3753 propinando
1601 3673 1890 3734 sobriam
1939 3671 2334 3731 ebrietatem
2371 3686 2555 3747 spem
2592 3669 2979 3729 sitientibus
3028 3668 3379 3728 animabus

299 3780 626 3840 infundas
678 3780 857 3839 Sciat
904 3787 1018 3840 tua
1067 3780 1361 3853 dilectio,
1414 3777 1588 3854 quod
1642 3778 1891 3837 intenta
1940 3776 2392 3851 perscrutatio
2443 3777 2557 3835 tua
2606 3774 2673 3833 in
2722 3774 2980 3833 ratione
3030 3773 3231 3850 hujus
3280 3788 3381 3832 se-

295 3885 466 3945 creti
503 3890 693 3960 grata
727 3885 918 3944 nobis
953 3884 1081 3945 erit
1117 3899 1320 3959 super
1354 3882 1564 3941 millia
1599 3882 1746 3941 auri
1779 3886 1846 3940 et
1881 3882 2161 3955 argenti.

383 3989 589 4048 Adest
621 3990 1014 4048 carissimus
1063 3987 1241 4047 filius
1275 3994 1454 4061 tuuS,
1509 3986 1716 4045 frater
1747 3985 2040 4059 Sigerus,
2068 3980 2115 4063 ⁵)
2153 3985 2266 4060 qui
2301 3984 2581 4042 consilio
2618 3989 2731 4042 tuo
2766 3982 3110 4056 suadente,
3152 3981 3375 4041 mundi

295 4091 576 4165 gloriam
613 4091 782 4151 mira
828 4092 1137 4150 libertate
1170 4089 1591 4164 contempsit,
1646 4087 1725 4147 ad
1760 4087 1982 4146 dulcia
2017 4087 2225 4146 ubera
2261 4093 2413 4146 tuae
2461 4085 2943 4144 consolationis
2991 4084 3231 4143 devota
3264 4100 3377 4159 pe-

296 4194 743 4268 regrinatione
793 4194 1098 4253 recurrit:
1150 4208 1269 4269 per
1311 4192 1530 4268 ipsum
1580 4191 1881 4265 parvitas
1928 4196 2161 4250 nostra
2211 4190 2275 4248 in
2327 4188 2577 4247 Christi
2625 4187 2932 4247 claritate
2981 4192 3046 4245 te
3096 4187 3371 4261 salutat,

293 4297 605 4373 precibus
656 4297 790 4356 tuis
840 4297 1093 4357 sanctis
1142 4313 1216 4356 se
1267 4302 1406 4356 tota
1453 4294 1804 4354 devotione
1857 4293 2303 4366 commendat,
2355 4299 2421 4352 et
2470 4309 2588 4369 per
2638 4293 2837 4353 talem
2889 4292 3194 4352 nuntium
3246 4294 3375 4354 sibi

296 4401 543 4460 remitti
581 4402 1044 4477 quaestionum
1083 4400 1555 4475 responsiones
1588 4397 2050 4458 desideranter
2095 4400 2344 4456 exorat.
2380 4396 2545 4471 Spes
2582 4396 3035 4472 inquisitionis
3084 4401 3151 4454 et
3183 4411 3380 4471 expe-

291 4504 605 4565 ctationis
648 4512 917 4566 nostrae
965 4522 1086 4581 pro
1121 4504 1337 4580 gratia
1389 4504 1506 4563 tibi
1542 4503 1698 4561 data
1750 4503 1814 4560 in
1849 4500 2091 4575 gaudio
2146 4507 2367 4560 manet
2414 4501 2865 4573 exultationis,
2920 4516 3091 4559 nunc
3125 4499 3208 4559 ad
3242 4501 3381 4573 glo-

297 4611 465 4668 riam
516 4609 788 4684 Christi,
841 4617 908 4668 et
955 4609 1327 4684 profectum
1375 4610 1586 4668 totius
1635 4607 2003 4679 Ecclesiae,
2056 4607 2277 4680 cogita
2326 4605 2703 4679 diligenter,
2760 4612 2829 4663 ut
2879 4604 2978 4663 sic
3028 4606 3378 4680 responsio

295 4723 409 4774 tua
466 4716 780 4790 profluat,
842 4721 1172 4790 quatenus
1234 4716 1297 4772 in
1352 4712 1780 4788 generatione
1839 4711 2262 4769 saeculorum
2320 4711 2690 4784 gratiarum
2750 4709 2839 4768 sit
2896 4709 3071 4768 actio
3129 4714 3195 4767 et
3250 4725 3379 4767 vox

296 4818 535 4879 laudis,

368 5005 411 5070 ¹)
439 5005 521 5059 Ex
548 5006 667 5061 eod.
694 5005 814 5063 cod.
849 5005 884 5062 f.
921 5011 1038 5062 156.
1073 5038 1137 5046 ··—
1160 5009 1207 5071 ²)
1243 5013 1482 5063 nostrum
1505 5005 1625 5062 cod.
1658 5036 1724 5045 —-
1874 5004 2298 5075 Hildegardem.
2324 5004 2469 5061 idem
2493 5005 2754 5077 sitatque
2775 5006 2985 5060 nobilis
3014 5004 3099 5059 vir
3119 5005 3186 5059 de
3208 5005 3387 5077 wau·-

291 5092 339 5157 ³)
366 5093 560 5147 dilecta
587 5091 708 5147 cod.
735 5124 800 5133 --·
820 5093 866 5159 ⁴)
887 5092 1046 5148 Cant.
1085 5092 1187 5155 lv,
1228 5095 1309 5147 ¹5.
1351 5123 1415 5131 —
1439 5093 1486 5153 ⁵)
1509 5091 1791 5158 Quaeren-
1877 5108 1936 5145 ra
1973 5106 2140 5163 supra
2181 5092 2457 5146 laudatus.
2497 5090 2788 5147 Caeterum
2824 5091 2981 5153 haec.
3028 5090 3208 5147 inscio
3241 5091 3378 5147 Gui-

295 5181 433 5235 dum
456 5201 524 5239 an
547 5175 994 5259 Sigerusilleqni
1025 5192 1188 5250 supra
1218 5174 1561 5246 dicstffl'jam
1588 5191 1640 5246 vi
1661 5188 1793 5245 lisse-
1881 5190 2060 5246 herm,
2089 5181 2261 5238 fuisse
2275 5179 2482 5252 scripta
2499 5187 2728 5241 monent
2745 5185 3042 5254 sequentes
3070 5179 3312 5239 litterae.
