4036 6117
1741 485 2131 536 caumata.
3237 460 3367 522 443

355 622 553 698 suxit,
606 621 780 699 quod
813 620 948 680 Eva
981 617 1283 691 abstulit,
1324 616 1389 676 in
1438 613 1814 676 abscisione
1847 611 2194 688 puritatiS,
2246 623 2365 686 per
2400 611 2814 667 contractam
2863 601 3323 678 contagionem
3361 598 3441 659 de

356 727 785 804 suggestione
815 723 1097 785 Diaboli.

446 822 523 913 fi.
561 833 658 892 Tu
689 828 1091 890 mirabiliter
1122 823 1535 886 abscondisti
1569 823 1636 884 in
1669 827 1735 882 te
1772 818 2269 881 immaculatam
2303 831 2571 878 carnem
2607 829 2726 892 per
2752 813 3047 874 divinam
3081 810 3437 878 rationem,

354 954 504 996 cum
543 937 749 996 Filius
783 935 899 995 Dei
932 935 995 992 in
1019 938 1252 993 ventre
1287 936 1401 991 tuo
1430 929 1678 1004 floruit,
1705 930 1940 988 sancta
1963 923 2328 984 Divinitate
2352 937 2507 982 eum
2537 920 2861 982 educente
2883 913 2930 999 ¹)
2959 925 3194 981 contra
3219 917 3445 979 carnis

347 1045 522 1118 jura,
561 1059 731 1121 quae
764 1041 1139 1105 construxit
1170 1038 1331 1114 Eva,
1367 1035 1742 1112 integritati
1774 1030 2163 1109 copulatum
2197 1031 2264 1092 in
2294 1029 2543 1092 divinis
2577 1027 2976 1090 visceribus.

1613 1228 1748 1290 XII.
1787 1229 2187 1307 Antiphona.

444 1433 627 1492 Nunc
677 1430 940 1506 aperuit
985 1428 1179 1489 nobis
1226 1427 1457 1488 clausa
1498 1433 1690 1502 porta
1740 1425 1914 1503 quod
1953 1422 2006 1504 ¹²)
2060 1439 2335 1501 serpens
2389 1424 2455 1482 in
2504 1422 2783 1481 muliere
2826 1418 3211 1482 suffocavit:
3264 1418 3438 1480 unde

352 1538 529 1595 lucet
568 1535 634 1594 in
668 1547 913 1593 aurora
946 1531 1066 1591 flos
1100 1530 1181 1590 de
1215 1530 1485 1605 Virgine
1518 1530 1746 1591 Maria.

1583 1727 1746 1788 XIII.
1801 1727 2203 1807 Antiphone.

439 1914 608 1985 Quia
650 1926 813 1988 ergo
864 1909 1109 1972 femina
1156 1914 1439 1972 mortem
1489 1911 1826 1985 instruxit,
1863 1910 2047 1972 clara
2078 1909 2278 1985 Virgo
2315 1907 2497 1969 illam
2528 1904 2579 1987 ³)
2617 1908 2977 1983 interemit,
3023 1912 3092 1967 et
3140 1905 3287 1970 ideo
3336 1912 3442 1968 est

350 2034 615 2079 summa
648 2016 1022 2078 benedictio
1057 2016 1125 2075 in
1159 2014 1445 2075 feminea
1480 2013 1693 2075 forma
1727 2030 1887 2090 prae
1937 2015 2117 2074 omni
2142 2018 2481 2084 creatura,
2518 2013 2676 2089 quia
2708 2012 2886 2072 Deus
2920 2010 3139 2073 factus
3187 2016 3294 2071 est
3326 2009 3442 2071 ho-

353 2140 463 2184 mo
498 2125 564 2183 in
596 2121 989 2183 dulcissima
1021 2121 1090 2180 et
1121 2119 1318 2181 beata
1352 2119 1641 2195 Virgine.

1593 2321 1751 2383 XIV.
1804 2323 2203 2400 Antiphona.

443 2507 605 2567 Cum
655 2505 988 2580 processit
1022 2502 1282 2564 factura
1328 2502 1522 2580 digiti
1551 2502 1695 2579 Dei,
1747 2502 2037 2564 formata
2068 2501 2152 2564 ad
2206 2500 2565 2577 imaginem
2595 2499 2743 2574 Dei,
2782 2499 2850 2558 in
2880 2503 3033 2559 ortu
3066 2498 3255 2558 mixti
3291 2513 3441 2558 san·

348 2617 594 2692 guinis,
631 2631 752 2694 per
784 2613 1388 2690 peregrinationem
1421 2628 1622 2672 casus
1647 2611 1850 2688 Adae,
1880 2612 2210 2671 elementa
2242 2613 2686 2686 susceperunt
2718 2606 2962 2683 gaudia
2999 2608 3198 2683 vitae,
3226 2623 3266 2667 o
3299 2607 3441 2669 lau-

349 2719 596 2781 dabilis
627 2720 859 2794 Maria,
896 2719 1084 2779 coelo
1117 2717 1459 2793 rutilante,
1495 2722 1563 2777 et
1596 2717 1663 2776 in
1695 2716 2008 2778 laudibus
2043 2720 2320 2777 sonante
2353 2719 2438 2775 te.

1694 2896 1822 2958 XV.
1872 2896 2273 2975 Antiphona.

437 3079 604 3138 Cum
650 3079 1041 3139 erubuerint
1077 3078 1380 3140 infelices
1429 3079 1496 3138 in
1528 3080 1845 3156 progenie
1879 3095 2025 3154 sua,
2062 3077 2502 3154 procedentes
2534 3078 2605 3137 in
2635 3077 3176 3154 peregrinatione
3209 3093 3434 3154 casuS,

351 3192 508 3245 tunc
541 3192 613 3247 tu
647 3186 901 3247 clamas
935 3202 1121 3262 voce,
1158 3186 1283 3246 hoc
1320 3185 1513 3246 modo
1541 3186 1853 3249 homines
1888 3186 2161 3246 elevans
2195 3184 2277 3245 de
2313 3185 2443 3245 isto
2477 3184 2816 3245 malitioso
2850 3199 3034 3245 casu.

1593 3396 1751 3458 XVI.
1801 3397 2198 3476 Antiphona.

437 3578 490 3638 Ο
538 3593 738 3654 quam
774 3592 1089 3654 magnum
1138 3578 1536 3639 miraculum
1569 3580 1701 3655 est,
1752 3578 1930 3657 quod
1964 3580 2032 3639 in
2080 3578 2419 3640 subditam
2457 3578 2813 3640 femineam
2861 3577 3143 3640 formam
3179 3594 3296 3639 rex
3345 3570 3475 3639 in?

355 3680 612 3742 troivit!
667 3680 809 3742 Hoc
838 3679 1015 3742 Deus
1067 3680 1247 3758 fecit,
1284 3683 1442 3759 quia
1491 3682 1839 3745 humilitas
1872 3699 2078 3760 super
2123 3684 2347 3746 omnia
2380 3683 2699 3745 ascendit.
2747 3682 2828 3744 Et
2860 3701 2899 3746 o
2949 3699 3149 3761 quam
3201 3700 3441 3760 magna

351 3785 642 3847 felicitas
674 3790 779 3846 est
813 3785 880 3846 in
913 3786 1046 3846 ista
1080 3784 1318 3862 forma,
1354 3787 1513 3864 quia
1547 3788 1831 3860 malitia,
1867 3804 2040 3866 quae
2073 3788 2156 3848 de
2190 3788 2436 3850 femina
2469 3788 2679 3864 fluxit,
2716 3788 2887 3849 hanc
2922 3787 3173 3848 femina
3204 3793 3440 3863 postea

344 3890 663 3964 detersit,
713 3896 780 3951 et
811 3906 1074 3952 omnem
1124 3892 1604 3953 suavissimum
1637 3894 1907 3955 odorem
1957 3894 2286 3955 virtutum
2320 3894 2721 3969 aedificavit,
2773 3910 2851 3955 ac
2884 3894 3145 3955 coelum
3177 3894 3444 3956 ornavit

353 3997 505 4071 plus
539 4011 742 4074 quam
775 4001 1028 4058 terram
1061 3997 1252 4074 prius
1287 3997 1603 4060 turbavit.

1516 4200 1706 4261 XVII.
1745 4201 2278 4279 Responsorium.

437 4386 598 4460 Ave,
635 4384 863 4459 Maria,
901 4401 938 4445 o
975 4388 1236 4447 auctrix
1266 4387 1468 4464 vitae,
1506 4387 1993 4448 reaedificando
2030 4389 2340 4463 salutem,
2369 4404 2542 4465 quae
2577 4393 2858 4449 mortem
2895 4388 3339 4465 conturbasti,
3375 4395 3443 4450 et

348 4493 728 4563 serpentem
779 4491 1183 4568 contrivisti,
1220 4492 1302 4554 ad
1336 4508 1533 4569 quem
1569 4508 1642 4553 se
1672 4493 1811 4553 Eva
1842 4492 2078 4569 erexit,
2114 4498 2343 4553 erecta
2375 4494 2671 4569 cervice,
2709 4509 2858 4555 cum
2905 4494 3183 4556 sufflatu
3214 4510 3444 4573 super-

351 4592 523 4654 biae:
560 4593 736 4654 hunc
769 4596 1206 4671 conculcasti,
1240 4596 1398 4657 dum
1431 4597 1513 4657 de
1547 4598 1733 4658 coelo
1768 4597 2085 4674 genuisti,
2117 4592 2166 4677 ⁴)
2200 4613 2400 4674 quem
2429 4599 2788 4677 inspiravit
2819 4598 3109 4675 Spiritus
3132 4597 3271 4660 Dei.

438 4685 519 4779 fi.
570 4697 622 4757 Ο
667 4697 1063 4760 dulcissima
1110 4707 1310 4777 atque
1359 4702 1823 4762 amantissima
1872 4707 2115 4773 mater,
2165 4703 2371 4779 salve,
2424 4720 2595 4780 quae
2636 4710 2865 4765 natum
2916 4710 3106 4767 tuum
3138 4704 3221 4765 de
3254 4705 3442 4766 coelo

347 4802 626 4862 missum
672 4804 916 4865 mundo
950 4804 1241 4867 edidisti.
1281 4805 1497 4878 ⁴Quem
1533 4806 1907 4883 inspiravit.
1959 4806 2188 4868 Gloria
2217 4807 2399 4868 Patri
2445 4814 2513 4869 et
2545 4808 2712 4869 Filio
2754 4814 2823 4869 et
2870 4808 3149 4884 Spiritui
3181 4806 3440 4869 Sancto.

347 4905 554 4978 Quem
593 4906 968 4985 inspiravit.

419 5076 465 5141 ι)
501 5078 787 5137 deducente
822 5080 943 5137 cod.
978 5080 1037 5137 Β.
1081 5111 1148 5121 -
1183 5082 1228 5148 ²)
1268 5080 1331 5137 Id
1369 5086 1456 5138 est
1492 5087 1710 5155 aperuit
1747 5099 1844 5139 no·
1934 5084 2154 5140 coelum
2181 5086 2344 5157 quod.
2376 5083 2503 5149 —³)
2530 5085 2691 5141 illum
2714 5084 2780 5141 Α.
2813 5084 2873 5141 Β.
2905 5084 3035 5141 fort.
3066 5086 3140 5141 ob
3166 5084 3442 5155 germani-

351 5162 443 5218 bis
479 5163 676 5229 Maria,
715 5182 859 5236 quae
879 5173 1042 5239 porta
1076 5168 1264 5223 clausa
1289 5174 1382 5232 est,
1408 5168 1727 5239 paradisum
1758 5169 1842 5226 vel
1934 5186 2063 5227 cum
2086 5174 2181 5228 der
2207 5170 2334 5227 Ίοά.
2364 5202 2428 5210 -
2450 5170 2493 5237 ⁴)
2514 5172 2579 5225 de
2597 5170 2738 5227 coelo
2761 5170 2972 5226 Filium
2993 5170 3099 5227 Dei
3113 5174 3356 5243 genuisti
3375 5170 3434 5226 Β.
