4036 6117
1688 471 2153 520 EPISTOLAE.
3287 458 3418 518 3:35

397 600 556 654 ‘sunt
609 595 752 654 isti‘?
787 589 829 673 ¹)
868 592 987 653 Sed
1040 597 1111 653 ut
1151 594 1274 669 ipsi
1324 592 1576 651 eisdem
1615 592 1894 651 armatis
1948 596 2275 649 terrorem
2312 589 2711 662 incuterent,
2752 607 3026 665 magnos
3063 594 3383 667 strepitus
3417 600 3484 653 et

401 700 660 756 sonitus
710 700 772 756 in
809 697 1038 755 eadem
1090 697 1262 756 silva
1299 695 1647 755 faciebant.
1699 696 1877 754 Unde
1912 694 2182 770 quidam
2232 693 2616 751 eorumdem
2663 701 3070 754 armatorum
3125 697 3478 772 indignati,

401 802 659 875 gladios
710 819 869 859 suos
918 798 1377 874 extrahentes,
1429 816 1543 858 eos
1577 799 1659 859 ad
1714 798 2082 858 feriendum
2133 796 2505 855 vibrabant.
2556 796 2635 856 Et
2685 795 2858 855 facta
2907 802 3010 857 est
3056 816 3180 856 vox
3233 816 3307 858 ex
3346 803 3483 860 alto

401 904 648 963 dicens:
703 905 1082 963 Convertite
1117 904 1376 978 gladios
1411 909 1671 963 vestros
1709 904 1774 961 in
1809 903 2110 976 vaginae,
2159 915 2370 975 usque
2420 898 2500 958 ad
2536 905 2799 974 tempus
2850 907 3221 975 temporum
3273 904 3490 964 eradi-

402 1009 706 1068 cationis,
745 1009 822 1067 Et
860 1010 951 1067 illi
989 1008 1244 1083 gladios
1295 1024 1454 1068 suos
1506 1007 1570 1064 in
1614 1006 1892 1080 vaginas
1929 1005 2351 1064 remiserunt.
2387 1003 2466 1062 Et
2498 1019 2653 1061 ecce
2688 1003 2959 1078 quidam
2996 1005 3132 1078 alii,
3172 1012 3309 1067 toto
3346 1023 3492 1067 cor-

405 1136 561 1195 pore
609 1120 791 1191 nudi,
834 1119 895 1177 in
930 1120 1122 1194 equis
1172 1119 1501 1190 sedente5‚
1540 1118 1718 1175 circa
1753 1123 1986 1192 pectus
2021 1121 2087 1174 et
2129 1116 2308 1174 circa
2343 1120 2642 1173 ventrem
2679 1115 2936 1173 modico
2973 1132 3188 1191 panno
3228 1124 3484 1179 tantum

405 1222 676 1293 obtecti,
732 1226 1073 1280 venerunt.
1110 1221 1286 1291 Quos
1340 1226 1407 1278 ut
1445 1221 1539 1278 illi
1589 1220 1701 1295 qui
1741 1220 1803 1277 in
1854 1220 2025 1278 silva
2059 1224 2249 1276 erant
2297 1218 2629 1289 viderunt,
2668 1216 2749 1275 ad
2802 1217 2983 1291 ipsos
3017 1228 3481 1297 cucurrerunt,

407 1329 472 1384 et
521 1342 728 1401 equos
762 1341 992 1383 eorum
1045 1340 1163 1400 per
1195 1325 1440 1383 collum
1473 1329 1538 1382 et
1575 1339 1693 1399 per
1726 1322 1974 1382 caudas
2009 1322 2381 1395 capientes,
2421 1320 2536 1379 sed
2572 1326 2638 1379 et
2675 1321 2857 1395 ipsos
2893 1321 3104 1379 nudos
3138 1339 3256 1397 per
3290 1339 3488 1385 crura

408 1436 473 1487 et
521 1445 639 1504 per
674 1429 874 1502 pedes
924 1445 1156 1487 eorum
1193 1431 1515 1500 tenenteS,
1568 1444 1842 1501 magnos
1877 1428 2087 1486 saltus
2135 1431 2201 1484 et
2235 1424 2595 1484 cachinnos
2647 1425 2711 1483 in
2748 1425 3005 1485 lusibus
3055 1429 3195 1486 suis
3231 1445 3381 1488 cum
3420 1431 3494 1489 il-

411 1535 491 1591 lis
527 1539 591 1591 ot
643 1534 736 1592 illi
773 1550 923 1591 cum
977 1534 1125 1593 istis
1167 1533 1529 1605 faciebant,
1582 1532 1901 1591 dicentes:
1937 1531 1988 1590 O
2037 1531 2225 1601 socii,
2262 1531 2607 1589 nobiscum
2661 1530 2886 1589 ludite.
2926 1530 3169 1589 Deinde
3220 1533 3493 1607 quidam

415 1616 672 1698 illorum
714 1645 1148 1709 armatorum,
1186 1639 1393 1697 armis
1428 1639 1569 1696 suis
1608 1635 1898 1711 fatigati,
1934 1636 2015 1695 ad
2054 1636 2296 1694 vallem
2352 1634 2519 1693 hanc
2553 1651 2723 1709 quae
2759 1635 2939 1693 iuxta
2980 1635 3160 1710 ipsos
3195 1646 3362 1709 erat,
3400 1638 3497 1697 di-

413 1747 786 1815 verterunt;
839 1744 1017 1802 etde
1066 1744 1257 1817 equis
1292 1742 1807 1811 descendenteS,
1860 1747 1928 1799 et
1961 1756 2147 1798 arma
2199 1756 2319 1797 sua
2355 1755 2525 1813 quae
2576 1739 2782 1797 multo
2838 1739 3091 1814 fulgore
3144 1742 3493 1802 radiabant

412 1855 747 1918 exuentes,
800 1866 876 1905 ea
914 1847 1384 1923 deposuerunt.
1425 1847 1514 1904 Et
1551 1847 1641 1905 ita
1693 1845 1756 1903 in
1791 1845 1927 1904 otio
1981 1845 2043 1902 in
2077 1843 2307 1901 eadem
2360 1844 2533 1901 valle
2582 1843 2912 1917 sedentes,
2965 1843 3295 1905 dixerunt:
3335 1847 3497 1918 Quis

413 1960 632 2027 potest
680 1969 827 2011 cum
867 1952 969 2010 his
1019 1952 1320 2028 parvulis
1357 1965 1620 2026 semper
1663 1948 1993 2024 pugnare?
2028 1947 2334 2007 Sinamus
2368 1963 2526 2021 ergo
2560 1963 2675 2006 eos
2712 1948 2957 2007 ludere.
2995 1948 3176 2019 Quod
3215 1957 3285 2008 ut
3324 1951 3494 2010 idem

413 2058 672 2131 parvuli
703 2058 1004 2116 homines
1034 2058 1098 2115 in
1127 2056 1301 2115 silva
1332 2057 1565 2114 euntes
1591 2053 1925 2126 viderunt,
1964 2052 2046 2111 ad
2073 2053 2258 2127 ipsos
2294 2058 2756 2126 cucurrerunt,
2796 2057 2863 2111 et
2890 2052 3083 2112 ludos
3118 2070 3277 2112 suos
3313 2046 3492 2114 circa

418 2178 533 2219 eos
588 2162 936 2221 faciebant.
991 2161 1114 2221 Sed
1164 2162 1278 2220 isti
1311 2177 1434 2220 nec
1484 2176 1634 2218 cum
1686 2160 1822 2218 illis
1873 2158 2207 2231 ludebant,
2244 2173 2364 2217 nec
2412 2172 2526 2217 eos
2562 2175 2598 2215 a
2649 2172 2721 2215 se
2755 2157 3100 2217 discedere
3150 2161 3497 2235 cogebant;

420 2264 532 2321 sed
587 2270 840 2322 tantum
877 2265 1082 2323 armis
1134 2264 1276 2322 suis
1310 2263 1654 2338 depositiS,
1694 2262 1760 2321 in
1792 2262 1929 2321 otio
1964 2260 2311 2332 sedebant,
2350 2260 2542 2318 ludos
2580 2261 2745 2318 istos
2781 2260 3229 2335 inspicientes,
3266 2263 3344 2323 Et
3381 2264 3499 2322 ite-

426 2384 568 2425 rum
623 2369 845 2426 sonuit
880 2386 1000 2427 vox
1051 2384 1130 2426 ex
1166 2369 1299 2427 alto
1348 2367 1595 2425 dicens:
1631 2366 1749 2424 Isti
1801 2366 1913 2441 qui
1950 2380 2136 2423 arma
2173 2381 2295 2423 sua
2328 2364 2800 2438 deposuerunt,
2837 2381 2965 2424 non
2999 2365 3238 2427 debent
3276 2371 3497 2428 vocari

422 2472 821 2547 principales
858 2473 1161 2547 magistri
1190 2473 1252 2531 in
1291 2472 1542 2546 palatio
1578 2471 1779 2545 regiS,
1818 2470 1974 2545 quia
2014 2468 2272 2543 fatigati
2309 2473 2464 2528 sunt
2499 2467 2581 2527 ad
2614 2470 2963 2544 praelium.

508 2576 711 2648 Nunc,
765 2592 801 2634 o
839 2577 954 2634 lilii
1005 2577 1158 2647 mei,
1193 2574 1540 2646 attendite,
1582 2575 1958 2633 intellectus
1995 2574 2123 2631 iste
2158 2578 2261 2631 est
2296 2573 2377 2631 ad
2411 2589 2553 2633 vos,
2590 2573 2750 2631 Nam
2789 2573 2940 2632 boni
2975 2580 3041 2632 et
3078 2577 3276 2635 utiles
3314 2595 3503 2654 prae-

421 2678 536 2735 lati
573 2686 640 2736 et
686 2679 934 2736 caeteri
966 2678 1079 2752 qui
1130 2677 1502 2736 saecularia
1536 2679 1987 2747 contemnunt,
2044 2676 2107 2733 in
2138 2675 2355 2734 veloci
2403 2691 2608 2734 cursu
2652 2676 2977 2735 bonorum
3012 2693 3311 2753 operum,
3349 2697 3501 2739 cum

419 2781 721 2854 diligenti
760 2781 1062 2840 custodia
1097 2781 1361 2854 armati,
1402 2781 1658 2854 sedent,
1695 2786 1768 2839 ut
1816 2787 2048 2839 contra
2096 2779 2447 2838 Diabolum
2495 2786 2806 2855 pugnent.
2858 2781 2956 2840 Ad
3004 2782 3344 2843 dexteram
3393 2801 3503 2845 eo-

426 2901 566 2942 rum
603 2888 708 2944 est
741 2886 848 2944 via
889 2868 1337 2959 rectitudinis,
1374 2888 1441 2944 et
1472 2884 1553 2943 ad
1590 2885 1935 2943 sinistram
1982 2883 2373 2959 inquietudo
2408 2884 2769 2943 multarum
2822 2885 3385 2962 vicissitudinum,
3424 2890 3505 2947 de

421 2986 664 3062 quibus
714 2988 920 3046 multa
957 2988 1118 3046 vitia
1167 2988 1554 3064 procedunt;
1593 3004 1763 3064 quae
1813 2988 2081 3046 eosdem
2133 2992 2428 3045 armatos
2478 2988 2873 3047 multociens
2924 2990 3158 3049 territa
3211 2990 3501 3068 fugiunt,

423 3096 489 3151 et
537 3091 933 3150 multociens
966 3093 1065 3151 cis
1117 3098 1442 3151 terrorem
1491 3108 1686 3151 suum
1738 3092 1798 3149 in
1841 3092 2097 3151 insania
2148 3108 2269 3150 sua
2316 3091 2667 3151 incutiunt.
2723 3093 2900 3152 Unde
2950 3094 3220 3168 quidam
3270 3112 3503 3156 eorum

433 3196 779 3271 indignati,
831 3213 982 3254 cum
1036 3196 1347 3272 injuriam
1397 3196 1526 3255 sibi
1578 3196 1832 3257 illatam
1881 3197 2215 3271 patienter
2265 3194 2545 3254 sufferre
2596 3196 2848 3266 nolunt,
2886 3213 2958 3255 se
3009 3198 3090 3257 ad
3142 3200 3507 3260 vindictam

428 3307 848 3376 praeparant;
908 3301 1022 3358 sed
1058 3301 1282 3360 divina
1334 3300 1680 3375 inspiratio
1729 3316 1844 3358 eos
1897 3306 2149 3372 monet,
2207 3292 2695 3374 usquiescant,
2749 3302 3122 3376 usquedum
3173 3303 3345 3363 Deus
3394 3321 3512 3379 per

430 3404 712 3477 gratiam
765 3420 955 3464 suam
992 3403 1263 3462 easdem
1314 3403 1593 3479 injurias
1627 3403 1942 3463 eradicet.
1992 3403 2071 3463 Et
2106 3405 2204 3461 sic
2255 3418 2293 3461 a
2327 3404 2771 3464 commotione
2806 3403 3139 3463 vindictae
3176 3423 3335 3466 suae
3370 3423 3515 3467 ces-

433 3512 599 3567 sant.
626 3505 676 3584 ²)
707 3509 784 3567 Et
811 3509 1076 3585 quidam
1115 3509 1231 3568 alii
1268 3511 1383 3584 qui
1411 3514 1672 3568 terrena
1705 3509 2094 3583 despexisse
2127 3508 2459 3581 videntur,
2491 3509 2555 3566 in
2581 3525 2823 3567 vanum
2853 3508 2978 3569 hoc
3003 3511 3198 3571 modo
3226 3528 3297 3571 se
3326 3528 3515 3574 cura-

433 3629 500 3668 re
534 3613 914 3684 ostendunt,
969 3629 1120 3672 cum
1155 3614 1312 3672 nudi
1362 3631 1400 3673 a
1437 3615 1623 3672 bonis
1658 3614 1973 3688 operibus
2025 3614 2179 3684 sint,
2218 3613 2527 3688 quamvis
2576 3629 2648 3672 se
2686 3615 2751 3672 in
2801 3614 3225 3674 simulatione
3262 3624 3508 3692 tegant:

435 3721 843 3789 quapropter
890 3724 956 3774 et
991 3716 1152 3776 vitia
1203 3718 1315 3776 illa
1355 3732 1472 3776 eos
1520 3716 1847 3788 derident,
1883 3722 1949 3775 et
1999 3733 2150 3775 cum
2197 3718 2294 3774 eis
2347 3718 2411 3774 in
2462 3732 2700 3791 magna
2748 3717 3059 3777 irrisione
3109 3720 3300 3779 ludos
3352 3738 3512 3780 suos

435 3823 762 3877 exercent.
815 3819 936 3877 Sed
985 3821 1050 3877 et
1099 3821 1368 3894 quidam
1419 3819 1915 3896 praedictorum
1973 3820 2422 3895 praelatorum
2474 3826 2540 3879 et
2596 3826 3040 3895 caeterorum,
3100 3824 3211 3897 qui
3251 3830 3516 3884 terrena

436 3924 701 3983 omnino
751 3924 1136 3999 despexisse
1183 3925 1568 3998 debuerant,
1620 3925 1839 3984 taedio
1893 3925 2293 3999 fatigantur,
2345 3930 2413 3983 et
2463 3925 2527 3983 in
2578 3931 2760 3983 recto
2814 3925 3050 3984 itinere
3098 3926 3513 4000 diligentiam

442 4030 650 4088 bonae
700 4029 1037 4088 custodiae
1085 4029 1423 4102 deserunt,
1475 4032 1541 4088 et
1589 4030 2000 4103 negligenter
2056 4033 2396 4098 vacantes,
2448 4028 2677 4086 dicunt
2725 4028 2896 4103 quod
2947 4044 3097 4087 cum
3146 4029 3331 4088 vitiis
3384 4032 3519 4090 illis

440 4148 705 4206 semper
752 4146 1048 4206 pugnare
1083 4148 1210 4191 non
1258 4133 1532 4207 possint.
1571 4133 1750 4191 Unde
1784 4138 1849 4191 et
1884 4132 2113 4190 eadem
2150 4133 2313 4190 vitia
2347 4133 2447 4189 eis
2484 4131 2789 4202 illudunt;
2829 4131 2943 4189 sed
2979 4136 3197 4190 tamen
3237 4133 3363 4207 ipsi
3400 4151 3520 4193 nec

448 4237 557 4295 illa
609 4237 888 4311 pleniter
923 4237 1320 4310 suscipiunt,
1374 4253 1491 4295 nec
1527 4237 1792 4295 omnino
1843 4254 1879 4294 a
1915 4252 1985 4293 se
2039 4236 2133 4294 ire
2170 4235 2440 4294 faciunt:
2493 4234 2608 4293 sed
2646 4236 2707 4294 in
2761 4241 3027 4309 torpore
3076 4237 3520 4312 negligentiae

444 4342 692 4418 sedent.
744 4342 1183 4417 Quapropter,
1225 4347 1293 4401 ut
1341 4348 1571 4417 aperte
1605 4342 2010 4412 ostenditur,
2051 4357 2167 4398 nec
2203 4341 2401 4399 utiles
2439 4341 2771 4414 magistri,
2809 4356 2928 4399 nec
2964 4341 3162 4400 utiles
3198 4350 3521 4418 pugnato-

448 4463 552 4504 res
587 4462 812 4506 coram
845 4446 976 4503 Deo
1013 4453 1188 4519 sunt,
1227 4448 1383 4521 quia
1419 4446 1499 4504 ad
1537 4446 1824 4505 salutem
1859 4462 2050 4503 suam
2087 4445 2150 4503 in
2188 4443 2407 4503 taedio
2443 4447 2845 4518 torpescunt.

535 4551 919 4609 Intellectus
947 4552 1095 4623 iste,
1125 4567 1161 4609 o
1189 4556 1557 4609 sectatores
1587 4550 1848 4609 tunicae
1882 4563 2089 4615 meae,
2126 4547 2208 4607 ad
2235 4564 2355 4606 vos
2390 4547 2620 4607 tendit.
2656 4547 2707 4607 O
2743 4549 3083 4623 spiritales
3118 4551 3366 4625 populi,
3405 4552 3520 4626 qui

445 4656 670 4715 dicitis
719 4672 840 4715 vos
890 4656 1052 4714 benc
1086 4661 1153 4714 et
1187 4661 1366 4713 recte
1401 4653 1727 4727 incedere,
1766 4669 1885 4712 cur
1918 4669 2047 4712 non
2083 4651 2434 4711 imitamini
2469 4668 2669 4727 opera
2697 4653 2886 4728 Agni,
2923 4654 3036 4728 qui
3067 4653 3189 4712 fuit
3224 4670 3528 4713 mansue-

449 4766 579 4832 tuS,
621 4760 836 4832 mitiS‚
893 4758 1186 4830 humilis,
1225 4763 1455 4817 castus
1503 4763 1572 4816 et
1604 4757 1922 4817 obediens
1971 4763 2326 4832 praecepto
2363 4756 2582 4816 Patris
2632 4758 2760 4831 sui,
2795 4764 2863 4816 et
2910 4758 3170 4832 patiens
3205 4757 3286 4816 ad
3323 4759 3528 4817 sacri-

449 4864 670 4923 ficium
705 4863 1007 4936 corporis
1041 4862 1141 4920 sui
1179 4878 1298 4937 pro
1335 4862 1549 4921 nobis,
1586 4861 1847 4936 Surgite
1896 4877 2081 4935 erge.
2120 4861 2294 4919 sicut
2329 4877 2450 4920 vos
2486 4862 2774 4935 primum
2808 4862 3137 4935 plantavit
3173 4862 3526 4934 mysticum

450 4969 693 5027 donum
738 4966 857 5025 Dei
905 4968 986 5025 ad
1037 4966 1445 5024 consortium
1498 4968 1905 5039 angelorum.
1959 4966 2090 5022 Vos
2139 4966 2312 5023 enim
2366 4965 2694 5023 interdum
2747 4965 3017 5024 nescitis
3067 4964 3223 5039 quid
3279 4963 3527 5033 faciliS,

530 5139 569 5200 ¹)
599 5138 698 5204 (m
721 5143 856 5196 sicut
885 5143 990 5194 isti:
1026 5140 1114 5193 W.
1165 5171 1222 5177 ——
1251 5140 1295 5202 ⁶²)
1323 5147 1484 5194 cessat
1512 5139 1600 5193 W.
