4036 6117
692 530 733 595 2
1857 549 1908 596 s.
1961 540 2521 598 n1LDEGAn'Dts

733 666 953 729 XXIII.
1008 668 1191 742 Quod
1223 672 1409 730 homo
1455 686 1540 729 eoe
1575 684 1701 747 quo
1739 669 1959 746 factus
1991 674 2118 736 est,

645 788 850 851 usque
883 774 970 834 ad
1001 775 1332 853 defectum
1383 792 1579 834 suum
1628 774 1807 851 loqui
1840 775 2116 851 poterit:

638 878 799 955 quid
830 885 1054 939 aute-m
1085 886 1239 939 ante
1275 896 1428 939 eum
1457 878 1560 937 vel
1595 877 1758 956 quid
1782 881 1928 954 post
1965 893 2120 935 eum

637 983 951 1059 futurum
984 986 1091 1057 sit,
1126 986 1380 1060 i9noret
1409 976 1482 1061 ¹).

724 1086 979 1148 XXIIII.
1034 1087 1207 1160 Quid
1237 1093 1393 1147 ante
1420 1087 1837 1164 principium
1875 1083 2114 1143 mundi

632 1188 870 1266 fuerit,
907 1190 1084 1250 Deus
1117 1192 1294 1251 solus
1324 1176 1525 1251 novit.

722 1294 908 1355 XXV.
965 1294 1147 1367 Quod
1172 1297 1533 1355 aeternitas
1558 1295 1730 1371 iynis
1756 1297 1883 1364 est,
1910 1298 1974 1352 ct
2007 1293 2114 1352 hic

635 1399 812 1459 Deus
845 1405 971 1470 est,
1006 1406 1070 1459 et
1102 1402 1275 1478 tynis
1309 1416 1593 1478 operans
1632 1406 1752 1460 est.

728 1504 941 1564 XXVI.
1001 1503 1204 1565 Verba
1233 1505 1447 1565 Isaiae
1476 1507 1860 1582 prophetae.

728 1608 975 1669 XXVII.
1030 1609 1213 1681 Quod
1281 1608 1359 1668 ab
1427 1613 1579 1667 ortu
1655 1610 2119 1667 creaturarum

643 1731 852 1790 usque
900 1713 986 1772 ad
1038 1714 1399 1781 Christum,
1431 1711 1760 1771 miracula
1795 1708 2121 1788 quaedam

642 1818 1006 1895 manifesta
1037 1825 1215 1891 sunt,
1251 1816 1576 1895 quaedam
1608 1812 2003 1874 obnubilata.

731 1921 1009 1983 XXVIII.
1064 1923 1247 1995 Quod
1293 1926 1479 1981 vetus
1518 1922 1658 1981 Lem
1693 1935 1892 1979 sonus
1931 1915 2120 1977 Verbi

645 2029 707 2083 et
741 2042 875 2085 non
917 2025 1190 2086 Verbum
1222 2031 1389 2086 erat.

734 2128 1040 2191 XXVIIII.
1097 2129 1173 2191 Ut
1208 2146 1442 2208 corpus
1474 2146 1516 2187 a
1545 2125 1816 2206 qenibus
1863 2130 2123 2185 susten-

648 2239 831 2293 tatur
853 2276 873 2304 ,
931 2235 1024 2295 sic
1078 2236 1280 2294 etiam
1326 2252 1368 2293 a
1415 2233 1548 2293 Deo
1603 2235 1842 2292 cuncta
1901 2233 2124 2290 creata

639 2347 1020 2419 portantur.

728 2445 918 2506 XXX.
957 2445 1141 2519 Quod
1167 2448 1334 2506 sicut
1359 2449 1545 2503 vetus
1575 2443 1715 2502 Lex
1741 2436 2122 2499 obumbrata

641 2552 805 2631 fuit,
853 2568 1020 2610 nova
1066 2556 1291 2608 autem
1337 2551 1564 2624 aperte
1596 2544 1797 2605 videt:
1850 2544 1943 2603 sic
1975 2543 2120 2601 ani-

639 2672 786 2714 mae
837 2660 1214 2714 sanctorum
1257 2651 1537 2729 plenum
1582 2647 1902 2726 qaudium
1956 2662 2123 2706 non-

642 2760 803 2819 dum
833 2757 1097 2827 habent,
1134 2754 1305 2834 quod
1336 2751 1725 2816 habitaculis
1773 2752 1910 2811 suis
1943 2766 2122 2810 rece-

636 2864 798 2940 ptis,
832 2862 919 2922 ad
942 2864 1320 2939 perfectum
1350 2858 1733 2935 inspicient.

686 2956 689 2963 ’
735 2966 953 3028 XXXI.
1028 2964 1211 3038 Quod
1285 2964 1531 3023 vocatio
1608 2960 1759 3019 novi
1830 2958 2068 3037 populi
2100 2998 2118 3026 ,

642 3076 938 3152 quamvis
993 3074 1301 3134 sudorem
1346 3074 1419 3132 in
1467 3071 1701 3131 multis
1758 3068 2125 3129 tribulatio-

648 3178 838 3239 nibus
873 3180 1144 3249 sentiat,
1183 3183 1406 3237 tamen
1437 3193 1573 3236 non
1606 3181 1888 3236 corruet.

738 3282 987 3342 XXXII.
1044 3281 1118 3342 Ut
1154 3284 1227 3341 in
1254 3277 1702 3359 superioribus
1726 3279 1943 3338 multa
1968 3284 2122 3339 sunt

646 3406 813 3464 quae
847 3386 923 3447 ab
955 3389 1215 3449 homine
1248 3388 1671 3455 nesciuntur,
1700 3386 1792 3445 sic
1823 3384 2027 3444 etiam
2058 3389 2122 3443 et

645 3493 719 3550 in
751 3490 1178 3569 inferioribus
1209 3489 1441 3568 abyssi.

736 3596 1015 3656 XXXIII.
1071 3596 1244 3669 Quid
1283 3603 1430 3673 post
1478 3596 1678 3675 finem
1723 3594 1849 3674 filii
1898 3595 2127 3672 perdi·-

648 3698 913 3781 tionis²)
962 3703 1275 3780 futurum
1329 3705 1442 3775 sit,
1498 3702 1731 3761 nullus
1785 3702 2128 3761 hominum

654 3807 822 3867 scire
848 3809 1115 3883 poterit.

737 3910 1047 3971 XXXIIII.
1107 3909 1309 3970 Verba
1341 3909 1722 3986 Sapientiae
1755 3907 1834 3966 de
1876 3909 2122 3968 eodem.

736 4014 979 4077 XXXV.
1033 4015 1217 4089 Quod
1250 4016 1426 4076 Deus
1458 4015 1532 4073 in
1566 4014 1856 4082 homine,
1906 4015 2021 4089 qui
2053 4014 2124 4071 in

645 4119 899 4179 malum
933 4127 1302 4192 corruerat,
1334 4114 1617 4195 majores
1662 4119 1943 4177 virtutes
1977 4135 2128 4176 san-

650 4226 897 4283 ctitatis
930 4225 1276 4287 dedicavit.
1548 4227 1552 4230 ’

736 4328 1010 4390 XXXVI.
1064 4330 1247 4404 Quod
1310 4330 1443 4390 Deo
1498 4330 1571 4388 in
1627 4324 1930 4405 operibus
1986 4327 2123 4384 suis

648 4449 839 4490 nemo
871 4435 1303 4494 assimilatur.
1808 4435 1811 4438 ’

736 4537 1036 4599 XXXVII.
1090 4538 1272 4611 Quod
1304 4536 1717 4615 dispositioni
1745 4535 1867 4595 Dei
1902 4536 2125 4593 omnia

652 4652 922 4704 strenue
955 4644 1286 4704 obediunt.

740 4751 1071 4812 XXXVIII.
1144 4751 1326 4823 Quod
1389 4750 1565 4810 Deus
1625 4750 1848 4807 omnia
1909 4747 2125 4825 dispo-

648 4877 815 4918 nens
840 4901 859 4929 ‚
918 4860 1192 4936 spiritus
1251 4872 1693 4932 supernorum
1747 4854 1991 4913 civium
2036 4853 2122 4933 ‚in

716 5123 760 5188 ¹)
801 5127 1022 5196 iqnorat
1057 5118 1124 5174 A.
1168 5148 1237 5157 —
1271 5118 1317 5182 2)
1352 5116 1559 5188 perditi
1594 5116 1712 5168 ovis
1736 5109 1807 5172 A,
1839 5109 1914 5164 W
1951 5111 2120 5172 male,

647 5209 779 5266 fort.
822 5224 1009 5264 errore
1048 5201 1313 5262 lectionis
1340 5207 1397 5256 et
1436 5197 1900 5271 apographorum.
1944 5192 2027 5250 CI.
2060 5209 2116 5252 n.

2229 669 2634 729 rectitudine
2684 671 3043 742 continuit;
3092 670 3425 730 hominem
3457 686 3542 728 ne
3575 676 3715 726 om·-

2226 773 2388 832 nino
2415 775 2703 851 periret,
2740 776 3093 848 sustinuit;
3141 781 3206 834 et
3238 774 3410 852 quod
3451 792 3576 851 per
3609 780 3719 833 in·-

2227 879 2681 938 carnationem
2707 897 2897 939 suam
2922 896 3124 957 opera
3147 877 3570 939 tenebrarum
3600 879 3718 957 fu·-

2222 982 2418 1057 9avit.

2309 1085 2674 1148 XXXVIIII.
2744 1087 2927 1162 Quod
2988 1087 3214 1165 anqeli
3269 1087 3513 1165 faciem
3577 1085 3710 1146 Dei

2220 1191 2683 1269 inspicientes,
2712 1192 2798 1251 ad
2821 1191 3232 1251 voluntatem
3256 1191 3469 1267 ipsius
3487 1205 3717 1266 prom-

2215 1297 2321 1371 pti
2359 1301 2538 1360 sunt.

2310 1399 2435 1460 XL.
2490 1400 2674 1473 Quod
2708 1400 2884 1460 Deus
2918 1417 3118 1476 opera
3165 1404 3545 1459 sanctorum
3591 1412 3715 1456 no-
3775 1429 3786 1439 ·

2220 1505 2343 1572 vit,
2377 1522 2498 1563 nec
2530 1522 2608 1563 ea
2638 1502 2946 1563 oblivioni
2978 1497 3287 1581 tradet.³)

2312 1606 2469 1666 XLI.
2524 1607 2709 1680 Quod
2740 1606 2910 1667 beati
2945 1609 3223 1684 spiritus
3269 1608 3344 1665 in
3389 1622 3531 1665 una
3562 1620 3716 1665 con-

2208 1705 2562 1783 junctione
2595 1712 3065 1771 unanimitatis
3101 1716 3276 1770 sunt.

2313 1814 2502 1875 XLII.
2556 1815 2741 1888 Quod
2775 1817 2951 1877 Deus
2961 1857 2979 1886 ,
3008 1834 3135 1893 per
3165 1810 3439 1889 judicia
3484 1828 3720 1889 super-

2226 1936 2466 1979 norum
2514 1921 2793 1991 civium,
2841 1919 3120 1997 fulgura
3180 1923 3242 1977 et
3293 1919 3595 1976 tonitrua
3639 1917 3718 1975 in

2227 2029 2480 2083 terram
2507 2024 2745 2098 mittit;
2781 2042 2857 2084 ac
2886 2025 3064 2101 fame
3112 2027 3176 2081 et
3202 2020 3597 2098 pestilentia
3641 2024 3711 2079 et

2227 2128 2604 2191 incursibus
2636 2127 2959 2188 bellorum
2991 2127 3152 2204 leqis
3186 2143 3344 2186 suae
3370 2124 3718 2202 praevari»

2229 2242 2480 2297 catores
2513 2227 2898 2310 exterret.⁴)

2315 2338 2534 2399 XLIII.
2588 2337 2772 2410 Quod
2805 2334 3026 2411 anqeli
3067 2334 3141 2393 in
3190 2331 3489 2393 omnibus
3525 2326 3714 2407 judi-

2226 2444 2344 2504 ciis
2378 2444 2502 2503 Dei
2535 2441 2768 2502 laudes
2803 2442 2938 2501 Deo
2971 2440 3228 2500 dicunt.

2319 2546 2562 2607 XLIIII.
2612 2548 2896 2607 Ioannes
2943 2548 3015 2605 in
3051 2544 3446 2622 Apocalypsi
3484 2542 3566 2602 de
3606 2557 3712 2601 eo·-

2231 2651 2403 2711 dem.

2313 2756 2495 2818 XLV.
2549 2757 2732 2830 Quod
2776 2756 2997 2833 anqeli
3044 2754 3209 2814 bona
3256 2771 3460 2832 opera
3505 2754 3718 2814 homi·-

2227 2882 2389 2924 num
2442 2864 2750 2932 laudant,
2802 2870 2864 2922 et
2914 2864 3086 2942 quod
3119 2863 3293 2923 Deus
3341 2859 3417 2920 ab
3458 2859 3712 2937 anqelis

2229 2975 2292 3026 et
2325 2967 2400 3027 ab
2435 2968 2805 3028 hominibus
2821 2962 2869 3046 ⁵)
2908 2968 3176 3027 laudari
3211 2967 3374 3026 vult.

2320 3073 2531 3134 XLVI.
2585 3074 2768 3147 Quod
2813 3073 3046 3133 nullus
3094 3074 3280 3133 homo
3328 3072 3552 3130 omnia
3604 3089 3714 3130 ar·-

2233 3196 2401 3237 cana
2448 3178 2571 3238 Dei
2617 3181 2784 3238 scire
2830 3182 3072 3254 potest,
3110 3194 3261 3236 cum
3293 3176 3562 3253 quidam
3606 3193 3715 3235 su-

2223 3301 2594 3361 pernorum
2647 3283 3009 3360 spirituum
3065 3281 3198 3341 Deo
3253 3281 3714 3340 assistentium

2226 3406 2353 3465 per
2394 3389 2750 3464 prophetas
2797 3386 3129 3445 nominati
3183 3388 3382 3456 sunt,
3439 3383 3713 3461 quidam

2230 3498 2454 3552 autem
2484 3507 2616 3550 non
2649 3496 2825 3550 sunt.

2325 3595 2564 3655 XLVII.
2616 3594 2876 3656 Paulus
2909 3593 2989 3652 de
3025 3592 3271 3651 eodem.
3480 3637 3486 3644 .

2324 3699 2596 3759 XLVIII.
2651 3698 2861 3772 Quod,
2912 3714 3064 3758 cum
3104 3696 3400 3756 homines
3441 3696 3516 3753 in
3549 3692 3712 3752 bono

2229 3809 2712 3881 perseverant,
2778 3808 2842 3862 et
2896 3803 2972 3861 in
3028 3801 3376 3860 sanctitate
3430 3800 3711 3869 vivunt,

2234 3909 2500 3988 diffusio
2530 3907 2845 3966 bonorum
2876 3922 3152 3983 operum
3190 3921 3419 3964 eorum
3453 3921 3560 3964 cor
3592 3906 3714 3964 ha-

2235 4029 2514 4071 manum
2546 4010 2827 4072 excedit.

2322 4115 2625 4176 XLVIIII.
2680 4115 2862 4189 Quod
2893 4117 2965 4175 in
2998 4111 3200 4172 beatis
3233 4109 3709 4182 mansionibus,

2233 4240 2400 4298 quae
2436 4227 2667 4281 sancta
2696 4237 2896 4297 opera
2927 4218 3047 4278 sibi
3074 4222 3516 4295 paraverunt,
3567 4218 3715 4276 ani-

2234 4342 2378 4383 mae
2415 4330 2791 4384 sanctorum
2826 4327 3002 4381 sunt.

2323 4428 2390 4489 L.
2446 4427 2628 4502 Quod
2683 4427 2946 4485 animae
3005 4428 3384 4483 sanctorum
3439 4438 3713 4498 corpora

2234 4552 2354 4592 sua
2385 4535 2684 4609 recipere
2718 4529 3121 4590 desiderant.

2322 4637 2419 4696 LI.
2475 4635 2658 4709 Quod
2712 4635 2974 4692 animae
3032 4638 3408 4690 sanctorum
3460 4627 3710 4689 habita-

2233 4743 2386 4803 cula
2432 4759 2554 4800 sua
2583 4756 2716 4799 non
2762 4738 3088 4813 recipient
3137 4742 3291 4794 ante
3348 4736 3711 4795 concussio-

2236 4840 2454 4924 nem⁶)
2492 4844 2993 4903 elementorum.

2225 5110 2313 5165 ⁴5.
2345 5139 2409 5148 —
2434 5105 2478 5173 ³)
2505 5108 2678 5162 tradit
2702 5104 2770 5160 A.
2801 5135 2868 5145 -
2896 5102 2938 5170 ⁴)
2963 5109 3123 5159 terret
3147 5100 3214 5158 A.
3245 5132 3308 5141 --
3334 5102 3377 5169 ⁵)
3399 5107 3446 5158 el
3471 5101 3706 5158 hornini-

2225 5195 2322 5249 bus
2346 5192 2415 5248 A.
2446 5224 2511 5232 —
2538 5192 2584 5258 ὅ)
2608 5193 3012 5247 combustionem
3036 5186 3102 5243 A.
