4036 6117
1202 536 1436 583 Lmen
1483 533 1682 583 νινε,
1730 534 2215 583 »mam-onum.
2269 536 2325 580 t».
2379 534 2466 581 1v.
3185 518 3312 580 '157

284 655 579 717 nominis
626 653 743 716 Dei
778 653 1055 732 profert.
1106 656 1342 717 Anima
1375 659 1551 717 enim
1603 658 1668 716 in
1701 674 1832 734 qua
1879 657 2079 731 DeuS,
2116 657 2301 715 velut
2353 656 2418 714 in
2452 660 2655 728 terra,
2692 669 2811 730 per
2857 653 3380 730 possibilitatem

285 775 499 833 suam,
542 775 756 837 usque
792 759 876 819 ad
912 759 1370 821 fortitudinem
1417 760 1850 838 perfectionis
1885 760 2210 820 bonorum
2243 765 2310 819 et
2345 764 2732 818 sanctorum
2775 773 3074 834 operum,
3110 757 3306 833 quasi
3340 773 3378 816 a

281 862 566 938 genibus
616 879 830 940 usque
879 864 961 923 ad
1010 880 1207 924 suras
1255 871 1383 939 est,
1436 865 1730 941 suspiria
1777 870 1846 923 et
1880 865 2275 937 orationem,
2328 869 2527 939 atque
2578 866 2811 921 sancta
2850 876 3054 937 opera
3088 875 3259 936 quae
3292 858 3377 918 ad

282 962 490 1023 Deum
528 966 831 1041 tendunt,
870 971 1185 1043 tanquam
1223 968 1571 1028 humorem
1602 974 1670 1027 et
1702 968 2115 1027 viriditatem
2163 982 2242 1026 ac
2275 973 2594 1043 tanquam
2627 979 2897 1040 germen
2940 979 3060 1040 per
3090 962 3379 1039 gratiam

281 1065 397 1125 Dei
432 1068 498 1126 in
551 1084 625 1127 se
661 1069 881 1130 habet.
918 1070 1097 1142 Quae
1143 1073 1366 1131 omnia
1413 1071 1841 1149 pulchritudo
1887 1077 1956 1132 et
2003 1076 2282 1132 ornatus
2330 1071 2595 1130 divinae
2646 1068 3130 1145 inspirationis»,
3181 1064 3376 1142 quasi

285 1170 616 1232 floriditas
642 1188 721 1232 ac
744 1172 948 1233 decor
978 1176 1252 1235 virtutis
1270 1174 1385 1235 Dei
1413 1182 1590 1250 sunt,
1618 1177 1803 1235 velut
1827 1177 2032 1236 etiam
2056 1175 2289 1235 eadem
2315 1174 2540 1234 divina
2566 1173 2940 1250 inspiratio,
2963 1171 3224 1230 scilicet
3246 1170 3382 1228 vir-

288 1281 395 1336 tus
418 1274 563 1351 Dei,
592 1292 714 1352 per
742 1278 923 1337 illam
950 1279 1365 1354 glorificatur
1386 1273 1455 1357 ¹).
1482 1281 1647 1340 Nam
1671 1295 1876 1357 quum
1911 1280 2134 1339 anima
2167 1280 2234 1338 in
2266 1296 2399 1356 qua
2423 1278 2601 1338 Deus
2625 1283 2754 1353 est,
2784 1277 2955 1337 bona
2991 1289 3195 1351 opera
3227 1287 3380 1349 ope-

288 1384 498 1453 ratur,
552 1380 766 1455 gloria
801 1382 1039 1458 ipsiuS,
1076 1384 1392 1460 quoniam
1439 1400 1519 1443 ex
1554 1385 1699 1460 ipso
1734 1384 2061 1460 procedit,
2097 1382 2505 1443 coelestibus
2539 1380 2850 1442 laudibus
2892 1379 3376 1455 magnificatur.

285 1483 435 1558 Ipsa
469 1500 758 1560 namque
807 1486 1027 1546 anima
1060 1503 1181 1563 per
1213 1488 1500 1563 gratiam
1547 1487 1687 1563 Dei,
1727 1489 1792 1547 in
1826 1488 2043 1547 beatis
2078 1488 2339 1547 viribus
2372 1493 2440 1546 et
2475 1486 2542 1545 in
2573 1485 2791 1546 beatis
2831 1482 3201 1544 virtutibus
3232 1496 3380 1556 ger-

285 1587 571 1661 minanS,
624 1590 819 1664 quasi
870 1591 937 1649 in
982 1591 1274 1651 diversis
1321 1592 1680 1667 generibus
1733 1591 1975 1652 fertilis
2024 1597 2152 1667 est,
2202 1596 2272 1651 et
2318 1606 2521 1667 opera
2570 1589 2784 1666 ipsius
2835 1585 3270 1648 tabernacula
3312 1585 3381 1643 in

290 1691 701 1752 coelestibus
726 1694 1098 1770 aedificant3
1128 1697 1285 1772 quia
1310 1696 1541 1755 eadem
1567 1712 1647 1755 ex
1674 1696 1819 1772 ipsa
1842 1695 2234 1772 procedunt,
2262 1693 2819 1772 quemadmodum
2849 1690 3134 1751 formata
3159 1690 3227 1747 in
3252 1695 3382 1747 ter-

291 1796 471 1853 renis
506 1798 840 1857 creaturis
872 1798 953 1857 de
978 1804 1159 1859 terra
1192 1798 1668 1875 producuntur.
1696 1799 1821 1859 Sed
1855 1807 1921 1859 et
1955 1800 2172 1859 anima
2209 1806 2315 1858 est
2335 1797 2386 1876 ²)
2428 1798 2709 1858 materia
2742 1796 3067 1856 bonorum
3101 1806 3378 1868 operum

288 1902 353 1957 et
384 1899 688 1960 melioris
723 1901 923 1979 vitae,
960 1902 1273 1963 videlicet
1305 1905 1887 1980 contemplativae,
1921 1910 1988 1963 et
2022 1918 2192 1981 quae
2226 1902 2451 1962 divina
2501 1902 2566 1960 in
2614 1900 2874 1960 viribus
2905 1896 3206 1974 ejusdem
3240 1895 3380 1955 ani-

290 2016 456 2076 mae,
493 2006 812 2080 quoniam
845 2024 884 2066 a
913 2005 1048 2067 Deo
1079 2008 1206 2080 est,
1244 2008 1311 2066 in
1343 2007 1609 2067 homine
1642 2009 1894 2080 existit,
1935 2009 2051 2084 qui
2083 2008 2287 2066 etiam
2315 2007 2501 2082 justa
2524 2011 2591 2064 et
2624 2006 2790 2065 bene
2816 2002 3188 2079 composita
3223 2015 3377 2076 ope-

293 2119 364 2164 ra
396 2121 516 2181 per
546 2106 842 2169 divinam
871 2109 1244 2186 jussionem
1279 2112 1682 2188 sibimetipsi
1714 2111 2165 2188 praeparavit,
2201 2116 2268 2169 et
2300 2126 2379 2169 ea
2416 2108 2633 2169 facere
2668 2108 2937 2184 incepit,
2987 2120 3158 2183 quae
3191 2109 3376 2180 post-

296 2210 563 2272 modum
613 2214 1000 2275 incarnatus
1046 2213 1165 2274 Dei
1212 2216 1422 2276 Filius
1457 2217 1525 2275 in
1570 2215 1980 2292 perfectione
2029 2216 2378 2275 beatarum
2425 2215 2752 2273 virtutum
2784 2218 2853 2272 et
2885 2211 2948 2270 in
2998 2208 3382 2270 ostensione

293 2328 488 2373 verae
521 2318 906 2379 sanctitatis
953 2335 1073 2395 per
1105 2320 1544 2396 semetipsum
1592 2321 1973 2396 complevit,
2026 2322 2093 2379 et
2122 2319 2263 2378 vita
2288 2318 2609 2392 existenS,
2644 2316 2854 2376 vitam
2903 2315 2972 2374 in
3003 2328 3077 2374 se
3109 2310 3380 2372 creden-

301 2418 475 2481 tibus
509 2420 712 2483 dedit.

1733 2634 1951 2695 XXIII.

762 2839 946 2914 Quod
992 2842 1208 2903 Filius
1243 2844 1388 2918 Dei,
1423 2846 1496 2903 in
1531 2843 1720 2904 corde
1757 2845 1983 2905 Patris
2018 2845 2257 2919 latem,
2310 2848 2494 2905 homo
2524 2847 2742 2922 factus
2791 2849 2908 2902 est.

378 3047 485 3109 31.
539 3048 690 3110 Vita
729 3051 907 3111 enim
957 3052 1025 3111 in
1056 3051 1273 3112 medio
1324 3052 1680 3129 potestatis
1716 3053 1934 3128 latuit,
1970 3060 2039 3114 et
2072 3054 2409 3114 silentium
2446 3053 2680 3114 habuit
2710 3068 2923 3129 usque
2969 3050 3125 3110 dum
3159 3045 3383 3108 candi·-

295 3153 374 3214 da
404 3154 620 3214 nubes
654 3155 872 3214 lucem
905 3156 999 3215 ita
1031 3156 1471 3232 obnubilavit,
1508 3156 1684 3234 quod
1722 3158 1834 3218 illa
1867 3159 1978 3217 vix
2012 3144 2297 3217 lucebat.
2336 3158 2502 3217 Tum
2536 3173 2779 3216 aurora
2821 3154 3135 3228 surrexit,
3171 3157 3239 3212 et
3273 3168 3380 3211 so-

296 3260 420 3319 lem
453 3259 919 3337 circumdedit3
972 3260 1088 3320 sed
1126 3261 1237 3320 ille
1273 3261 1497 3322 radios
1530 3277 1691 3321 suos
1740 3262 1988 3337 emisit,
2029 3278 2107 3321 ac
2140 3278 2450 3338 magnam
2483 3261 2826 3320 civitatem
2860 3257 3262 3330 aedificavit,
3301 3271 3379 3314 ac

294 3363 643 3424 duodecim
678 3363 1035 3424 luminaria
1066 3364 1401 3439 produxit,
1430 3371 1499 3423 et
1530 3365 1596 3425 in
1622 3365 1822 3424 tertia
1847 3371 2040 3442 parte
2063 3364 2509 3438 dormitioniS,
2547 3363 2700 3423 illos
2733 3362 2849 3439 qui
2883 3360 2949 3420 in
2982 3358 3199 3419 media
3231 3357 3383 3417 dor-

293 3467 569 3528 mitione
616 3466 1054 3543 dormierunt,
1106 3468 1482 3529 suscitavit.
1533 3469 1952 3546 Quapropter
1985 3485 2215 3528 omnes
2250 3469 2536 3545 aquilae,
2580 3482 2753 3544 quae
2787 3466 2852 3525 in
2893 3463 3175 3524 candida
3206 3462 3381 3522 nube

295 3569 714 3644 habitabant,
748 3576 817 3630 et
849 3586 1020 3647 quae
1054 3571 1435 3631 tabularum
1483 3573 1888 3633 sacrificium
1922 3573 2387 3649 inspiciebant,
2437 3571 2870 3644 erubuerunt,
2913 3568 3027 3628 ubi
3070 3567 3246 3626 idem
3277 3564 3381 3625 sol

292 3675 641 3752 speculum
676 3676 1059 3736 sanctitatis
1093 3676 1160 3735 in
1191 3678 1385 3736 oculo
1419 3677 1791 3738 honestatis
1824 3677 2138 3738 ostendit.
2174 3678 2354 3738 Tunc
2395 3677 2600 3736 etiarn
2632 3677 2701 3738 et
2729 3691 2944 3735 novus
2990 3672 3280 3733 mundus
3313 3671 3379 3730 in

296 3779 443 3855 igne
475 3778 813 3855 apparuit,
863 3780 980 3857 qui
1010 3779 1093 3839 de
1141 3797 1316 3857 aqua
1347 3782 1576 3856 exivit;
1614 3783 1680 3842 in
1711 3798 1844 3858 qua
1877 3788 2138 3844 montes
2171 3784 2240 3843 et
2269 3782 2477 3842 colles
2509 3779 2789 3857 perfusi,
2825 3779 3202 3854 angelicum
3234 3792 3380 3836 car-

295 3897 442 3942 men
489 3887 762 3958 canunt,
812 3898 892 3943 ac
937 3884 1322 3945 videntibus
1369 3887 1587 3946 oculis
1633 3902 1998 3962 supernum
2049 3887 2271 3946 lumen
2319 3886 2387 3945 in
2420 3901 2581 3944 vera
2628 3884 2755 3944 fide
2794 3882 3167 3955 attendunt,
3218 3895 3379 3956 quo-

298 3987 472 4047 niam
504 3984 624 4047 Dei
649 3987 883 4064 Filius,
919 3989 988 4048 in
1018 3989 1337 4049 mundum
1369 3991 1668 4066 veniens,
1720 3990 1888 4051 haec
1923 3991 2147 4052 omnia
2180 3990 2360 4066 fecit,
2409 3996 2482 4050 et
2525 3989 2953 4049 credentibus
3000 4000 3121 4060 per
3166 3997 3376 4043 seme-

299 4091 546 4167 tipsum
577 4091 761 4151 viam
807 4092 1229 4154 rectitudinis
1263 4094 1579 4170 ostendit,
1630 4095 2192 4172 quemadmodum
2223 4095 2424 4155 etiam
2473 4092 2684 4152 David
2724 4090 2976 4168 Spiritu
3009 4088 3248 4149 Sancto
3284 4085 3378 4146 in-

305 4196 619 4272 spiratuS,
655 4196 954 4273 loquitur
985 4197 1236 4259 dicens:

1735 4411 1947 4470 XXIV.

1383 4620 1594 4698 David
1640 4620 1726 4679 ad
1770 4622 2071 4681 eamdem
2118 4640 2277 4681 rem.

389 4824 494 4885 32.
531 4825 612 4885 In
663 4825 794 4885 sole
836 4828 1057 4903 posuit
1108 4826 1610 4888 tabernaculum
1658 4848 1875 4904 suum,
1926 4837 1988 4890 et
2039 4833 2179 4908 ipse
2229 4839 2544 4912 tanquam
2592 4851 2866 4912 sponsus
2907 4830 3269 4912 procedens
3301 4828 3381 4888 de

316 4929 591 4988 thalamo
623 4946 762 5004 suo,
798 4930 1126 4990 exultavit
1159 4937 1233 4990 ut
1266 4933 1444 5009 qiqas
1477 4933 1564 4992 ad
1596 4935 1999 4995 currendam
2046 4938 2239 4997 viam.
2290 4939 2343 4998 A
2394 4954 2648 4998 summo
2682 4937 2858 4997 coelo
2891 4935 3170 5014 eqressio
3216 4930 3381 5005 ejus,

313 5036 368 5090 et
413 5050 719 5094 occursus
766 5030 910 5107 ejus
954 5052 1163 5112 usque
1211 5037 1297 5095 ad
1343 5055 1674 5097 summum
1721 5036 1893 5114 ejus;
1939 5059 2062 5102 nec
2109 5047 2203 5102 est
2239 5044 2353 5121 qui
2387 5061 2453 5103 se
2501 5042 2843 5104 abscondat
2879 5060 2920 5101 a
2952 5041 3164 5102 calore
3211 5034 3375 5111 ejus,

378 5199 419 5262 ⁷)
449 5200 568 5266 Dei,
598 5204 664 5258 de
688 5219 798 5274 qua
828 5202 971 5261 Deus
994 5204 1337 5276 glorificatur
1360 5182 1450 5262 W.
1483 5239 1550 5247 —
1573 5208 1619 5276 2)
1648 5208 1746 5265 Est
1775 5225 1882 5267 om.
1915 5210 1985 5274 A,
2015 5210 2105 5267 W.
