4036 6117
682 475 767 532 40
1832 492 1883 535 s.
1948 490 2501 538 111LnssGAnnis

2013 716 2314 777 LXXIIII.

1811 925 1905 984 De
1958 928 2185 1003 inepta
2233 926 2511 985 laetitia.

707 1134 810 1195 87.
862 1132 1159 1210 Septima
1203 1148 1362 1193 vero
1402 1133 1618 1207 imago
1672 1133 1960 1208 ineptam
2013 1134 2340 1193 laetitiam
2391 1132 2745 1208 significat,
2783 1148 2955 1209 quae
3005 1134 3174 1191 iram
3209 1131 3315 1191 hic
3366 1129 3722 1207 subsequi·

614 1249 747 1315 tur,
784 1238 1099 1314 quoniam
1134 1237 1278 1313 ipsa
1312 1237 1508 1312 quasi
1543 1235 1708 1295 ultio
1743 1242 1810 1295 et
1846 1235 2270 1310 refrigerium
2308 1236 2444 1296 irae
2479 1242 2604 1309 est;
2642 1236 2800 1312 quia
2834 1252 2986 1295 cum
3025 1234 3246 1309 homo,
3281 1241 3557 1311 peracta
3591 1235 3716 1306 ira,

611 1343 938 1405 laetitiam
973 1341 1288 1415 ostendit,
1328 1340 1633 1399 inimicos
1671 1357 1830 1399 suos
1867 1339 2273 1415 inhonestat,
2312 1341 2426 1400 ubi
2473 1357 2626 1399 eum
2663 1342 2759 1400 illi
2795 1341 3032 1400 laetari
3082 1341 3410 1415 videntes,
3447 1340 3530 1399 de
3563 1356 3721 1399 con-

613 1448 891 1509 tumelia
929 1446 1059 1505 sibi
1095 1446 1283 1505 illata
1316 1445 1591 1519 gravius
1640 1444 1887 1504 dolent.
1925 1446 2105 1515 Quae
2140 1464 2178 1504 a
2213 1462 2483 1505 sursum
2519 1461 2732 1520 usque
2765 1445 2847 1503 ad
2899 1445 3164 1505 lumbos
3196 1441 3240 1521 ¹)
3282 1446 3567 1505 formam
3601 1444 3721 1503 ho-

611 1552 812 1611 minis
847 1549 1070 1624 habet,
1105 1555 1381 1624 excepto
1415 1548 1590 1624 quod
1626 1566 1862 1608 manus
1895 1550 2042 1625 ejus
2078 1556 2150 1609 ut
2183 1566 2420 1609 manus
2470 1550 2705 1609 simiae
2739 1556 2917 1624 sunt;
2954 1550 3113 1626 quia
3163 1550 3467 1609 homiues
3502 1550 3722 1609 scien-

610 1658 776 1717 tiam
808 1656 985 1729 boni,
1022 1670 1224 1730 quam
1258 1654 1339 1713 ad
1375 1670 1664 1730 superna
1698 1655 1994 1730 suspiria
2028 1660 2420 1715 convertere
2452 1655 2793 1729 deberent,
2829 1654 2912 1714 ad
2947 1656 3244 1714 earnalia
3277 1654 3618 1714 desideria
3652 1654 3723 1712 in

612 1756 1169 1833 multiplicatione
1216 1756 1638 1815 diversarum
1671 1758 2047 1816 vanitatum
2093 1757 2450 1833 deducunt3
2487 1763 2555 1816 et
2602 1759 2702 1816 sic
2736 1757 3004 1816 modum
3053 1764 3324 1818 sanctae
3367 1773 3727 1817 conversa-

608 1864 814 1924 tionis
846 1868 915 1921 et
946 1861 1450 1920 constrictionis
1483 1860 1830 1934 excedunt;
1870 1860 2041 1920 unde
2074 1862 2279 1921 etiam
2312 1863 2537 1922 omnia
2569 1878 2773 1938 opera
2807 1879 2930 1922 sua
2964 1877 3083 1938 per
3118 1862 3574 1938 insipientiam
3607 1861 3719 1920 de-

607 1970 915 2044 pravant,
952 1966 1266 2041 quoniam
1314 1981 1487 2040 quae
1519 1964 1772 2025 homini
1805 1983 1935 2026 non
1984 1967 2407 2041 conveniunt,
2446 1968 2511 2026 in
2562 1967 2974 2043 turpitudine
3008 1967 3278 2043 saepius
3328 1967 3716 2028 bestialiter

612 2068 984 2146 perficiunt.
1022 2069 1077 2127 A
1111 2067 1357 2127 lumbis
1406 2074 1629 2127 autern
1663 2075 1732 2128 et
1777 2069 2093 2129 deorsum
2141 2086 2422 2146 capreae
2469 2071 2910 2145 assimilatur,
2955 2072 3114 2147 quia
3163 2071 3549 2147 hujusmodi
3596 2072 3722 2133 ho-

613 2174 849 2248 mineS‚
886 2171 1063 2248 quod
1098 2172 1402 2231 homines
1436 2178 1593 2232 sunt
1639 2174 1853 2247 obliti,
1891 2173 2303 2234 intellectum
2352 2175 2831 2235 rationalitatis
2865 2175 2947 2234 ad
2996 2176 3317 2236 bestiales
3352 2193 3576 2237 mores
3608 2178 3727 2238 de·-

609 2272 928 2357 primunt,
975 2285 1043 2338 et
1073 2294 1155 2338 ea
1186 2295 1359 2355 quae
1392 2280 1816 2339 rationabilia
1850 2285 2028 2355 sunt,
2066 2281 2132 2340 in
2182 2281 2692 2340 instabilitatem
2732 2283 3141 2355 transiliunt,
3177 2297 3299 2342 nec
3343 2283 3722 2344 discretum

609 2387 1044 2459 intellectum,
1079 2400 1201 2443 nec
1234 2384 1544 2460 pudicam
1578 2384 2003 2459 disciplinam
2038 2386 2102 2444 in
2137 2387 2589 2446 rationalitate
2623 2386 2870 2455 habere
2904 2393 3254 2462 quaerunt.
3290 2387 3472 2447 Unde
3505 2394 3574 2446 et
3607 2404 3727 2463 pe-

607 2491 727 2551 des
760 2490 907 2565 ejus
958 2489 1321 2565 praedictis
1355 2489 1650 2547 tenebris
1700 2489 1794 2547 ita
1829 2490 2008 2548 infixi
2045 2496 2222 2564 sunt,
2275 2490 2452 2567 quod
2488 2492 2569 2550 ad
2603 2491 2976 2566 perfectum
3009 2508 3127 2551 eos
3175 2491 3404 2551 videre
3437 2508 3572 2551 non
3603 2508 3726 2568 po—

609 2602 735 2670 teS‚
772 2594 1088 2671 quoniam
1135 2593 1357 2653 omnia
1404 2594 1644 2653 itinera
1692 2594 1862 2669 ejuS‚
1896 2594 2207 2654 diversae
2255 2596 2537 2655 vanitati
2591 2596 2939 2671 implicati,
2973 2594 3024 2673 ²)
3076 2596 3159 2655 ad
3202 2596 3542 2672 justitiam
3588 2613 3728 2657 non

612 2705 941 2777 spectant;
979 2699 1159 2775 quia,
1195 2698 1354 2757 dum
1386 2699 1615 2773 pravis
1648 2699 1965 2775 operibus
1999 2700 2545 2776 obtenebrantur,
2583 2700 2915 2761 honestati
2968 2702 3262 2761 fidelium
3296 2719 3425 2761 non
3459 2708 3724 2778 patent,

614 2806 731 2865 sed
765 2805 1032 2865 omnino
1068 2805 1318 2863 abolita
1354 2805 1419 2864 in
1450 2806 1633 2864 nulla
1668 2807 1989 2865 memoria
2025 2807 2406 2866 sanctitatis
2444 2807 2883 2865 invenientur.
2913 2806 3099 2878 Quod
3134 2814 3358 2867 autem
3395 2808 3542 2885 ipsa
3576 2810 3730 2868 nul-

606 2914 670 2971 la
705 2912 1090 2970 indumenta
1122 2910 1343 2984 habet,
1384 2911 1498 2969 sed
1541 2911 1717 2986 quod
1752 2917 1891 2970 tota
1924 2912 2100 2971 nuda
2143 2919 2441 2988 apparet,
2480 2912 2606 2971 hoc
2638 2918 2765 2987 est,
2804 2913 2978 2988 quod
3012 2914 3194 2972 nullo
3228 2913 3520 2988 spiritali
3556 2930 3726 2989 gau-

601 3015 714 3075 dio
765 3013 1202 3088 circumdata,
1239 3029 1466 3073 coram
1512 3014 1646 3073 Deo
1682 3015 1858 3075 nuda
1905 3022 2033 3088 est,
2086 3016 2402 3092 quoniam
2433 3014 2516 3075 ad
2569 3016 3079 3075 instabilitatem
3130 3015 3366 3088 tendit,
3404 3031 3529 3074 nec
3578 3016 3726 3076 ulla

610 3122 905 3198 suspiria
941 3120 1007 3180 in
1039 3119 1449 3179 coelestibus
1482 3122 1767 3195 quaerit,
1806 3121 1925 3179 sed
1987 3126 2129 3179 tota
2179 3122 2466 3180 terrenis
2513 3127 2581 3179 et
2628 3122 2902 3180 caducis
2952 3120 3236 3196 inhians,
3288 3121 3370 3179 de
3419 3122 3724 3181 aeternis

600 3226 764 3285 nihil
799 3231 1013 3299 curat,
1049 3225 1226 3283 sicut
1258 3224 1462 3283 etiam
1496 3226 1809 3298 superius
1845 3225 1909 3282 in
1941 3225 2168 3284 verbis
2204 3225 2347 3282 suis
2381 3225 2814 3284 demonstrat.
2852 3224 2971 3284 Sed
3025 3225 3316 3298 gemitus
3350 3223 3434 3283 ad
3466 3223 3710 3298 Deum,

610 3339 681 3392 ut
714 3331 1131 3408 praedictum
1179 3336 1306 3405 est,
1348 3329 1476 3406 ipsi
1510 3329 1890 3405 respondet,
1927 3336 1993 3388 et
2044 3335 2116 3388 ut
2151 3330 2452 3389 homines
2501 3328 2582 3387 de
2617 3330 3099 3405 temporalibus
3134 3328 3214 3388 ad
3264 3334 3538 3387 aeterna
3573 3333 3718 3387 ten-

605 3439 790 3511 dant,
831 3436 1160 3496 admonet.

2049 3645 2281 3706 LXXV.

1916 3854 2010 3915 De
2063 3855 2201 3914 zelo
2249 3854 2389 3915 Dei.

697 4066 802 4126 88.
841 4065 1023 4138 Quod
1060 4069 1284 4124 autem
1318 4064 1506 4123 vides
1540 4063 1714 4140 quod
1748 4064 2093 4139 praefatus
2126 4066 2231 4124 vir
2263 4064 2686 4139 evaginatum
2722 4062 3040 4140 gladium,
3079 4069 3216 4122 tres
3251 4062 3432 4122 acies
3468 4059 3718 4121 haben-

600 4177 759 4248 tem,
811 4173 982 4232 collo
1035 4173 1247 4247 ipsius
1297 4171 1536 4246 capulo
1588 4170 1976 4245 impositum
2027 4169 2249 4242 babet,
2306 4169 2429 4228 boc
2462 4176 2589 4243 est,
2641 4170 2816 4245 quod
2859 4169 3036 4227 Deus
3085 4167 3438 4227 manifeste
3488 4167 3708 4225 zelum

602 4292 801 4334 suum
835 4275 1052 4334 tribus
1087 4276 1216 4334 viis
1268 4275 1702 4348 incedentem,
1742 4291 1819 4332 ac
1870 4274 1933 4332 in
1972 4273 2359 4333 fortitudine
2395 4290 2518 4332 sua
2566 4273 2859 4332 radicem
2894 4273 3044 4331 fidei
3096 4278 3450 4347 ponentem
3484 4276 3711 4329 osten-

598 4378 721 4452 dit,
759 4377 1075 4454 quoniam
1124 4379 1376 4454 apertis
1412 4378 1960 4453 percussionibus
2009 4378 2235 4436 divina
2272 4378 2435 4436 ultio
2486 4382 2639 4435 ante
2673 4378 2914 4451 Legem
2948 4382 3014 4435 et
3050 4376 3175 4435 sub
3223 4375 3394 4448 Lege
3429 4381 3708 4451 peccata

603 4482 948 4541 hominum
990 4483 1413 4556 compressit3
1451 4482 1626 4558 quod
1661 4482 1865 4541 etiam
1898 4488 1964 4540 et
1997 4498 2170 4539 nunc
2205 4488 2357 4557 post
2408 4483 2648 4556 Legem
2685 4481 2749 4539 in
2782 4482 3081 4540 novitate
3130 4478 3447 4555 baptismi
3488 4479 3710 4540 facere

606 4603 737 4645 non
783 4586 1057 4660 omittit;
1109 4602 1261 4644 cum
1310 4587 1682 4645 salutiferis
1731 4584 2097 4645 virtutibus
2133 4585 2328 4644 fidem
2378 4585 2746 4661 imponenS,
2782 4590 3058 4659 peccata
3108 4583 3450 4642 hominum
3502 4583 3568 4641 in
3601 4599 3712 4643 eo-

599 4694 753 4753 dem
789 4693 930 4751 zelo
966 4709 1088 4751 suo
1122 4692 1353 4750 abluit.
1390 4692 1514 4762 Qui
1550 4691 1672 4750 hac
1705 4697 1771 4750 et
1805 4692 1960 4750 illac
1993 4689 2075 4749 ad
2113 4690 2482 4750 feriendum
2515 4695 2846 4762 movetur,
2871 4688 3029 4764 quia
3063 4689 3246 4747 zelus
3272 4687 3532 4746 Domini
3569 4693 3709 4748 tam

597 4798 854 4856 electos
888 4814 1089 4873 quam
1124 4797 1444 4872 reprobos
1488 4798 1671 4873 justa
1704 4797 2101 4872 purgatione
2137 4796 2382 4872 ubique
2428 4796 2783 4855 examinat.
2819 4794 2982 4854 Nam
3034 4800 3106 4853 ut
3143 4793 3311 4853 idem
3364 4795 3547 4852 zelus
3580 4793 3709 4854 Do-

602 4901 765 4960 mini
815 4900 1001 4974 dicit,
1057 4900 1200 4974 ipse
1247 4906 1480 4958 contra
1525 4900 1874 4958 Diabolum
1924 4905 1990 4958 et
2039 4904 2271 4958 contra
2319 4914 2550 4958 ornnes
2602 4899 2908 4958 subditos
2957 4897 3102 4972 ejus
3153 4901 3425 4972 pugnat3
3470 4911 3594 4954 nec
3642 4896 3705 4954 ei

596 5006 1014 5083 praevalebit
1061 4995 1331 5080 aliquiS,
1370 5005 1684 5080 quoniam
1733 5023 1811 5064 ex
1845 5004 2311 5080 conjunctione
2360 5004 2642 5063 masculi
2677 5009 2740 5062 et
2798 5003 3079 5061 feminae
3129 5017 3256 5060 non
3303 5006 3430 5076 est,
3468 5000 3581 5059 sed
3639 5002 3706 5060 in

676 5162 717 5230 ¹)
746 5179 915 5234 usque
940 5160 1143 5216 lumbos
1168 5161 1233 5216 Α.
1273 5177 1329 5198 -·-
1359 5161 1404 5227 ²)
1434 5160 1713 5232 implicata
1738 5158 1803 5214 A.
