4036 6117
1309 496 1781 546 arls‘roLAnuu
1832 497 2018 544 NovA
2067 497 2321 546 snnms.
3165 480 3298 544 527

278 620 581 684 siderans
633 622 743 683 ubi
792 622 1117 699 accipiter
1167 622 1413 696 veniat,
1463 628 1533 682 et
1582 637 1744 681 cave
1792 638 1873 682 ne
1925 622 2037 681 ille
2079 628 2143 681 te
2174 621 2470 697 diripiat.
2509 616 2551 699 Ι)
2586 620 2793 680 Pasce
2826 634 2987 695 ergo
3020 634 3180 679 oves
3215 622 3370 679 tuae

285 728 351 786 in
383 727 892 787 mansuetudine
939 726 1410 802 correptioniS,
1461 726 1620 802 quia
1666 725 1810 785 dies
1860 726 2104 786 salutis
2154 743 2192 786 a
2226 730 2291 785 te
2332 741 2464 785 non
2517 724 2709 799 fugit,
2761 728 2828 784 et
2861 723 3151 783 nondum
3199 722 3371 783 cinis

281 831 436 890 eris,
474 833 632 892 Esto
667 847 933 908 quoque
972 832 1320 908 speculum
1355 832 1533 890 vitae
1569 832 1634 889 in
1667 831 1881 891 oculis
1917 831 2268 891 columbae
2298 828 2351 907 ²)

1711 1023 1919 1083 XLVI.

792 1216 1290 1294 Conqreqationi
1339 1213 1418 1274 de
1470 1223 1693 1275 sancto
1743 1216 2070 1277 Euchario
2126 1212 2388 1276 Treveri
2438 1212 2880 1293 IIiIdeyardiS.

358 1380 667 1456 profugum
696 1387 1035 1442 monachum
1064 1384 1485 1455 congregationi
1512 1401 1644 1442 suae
1671 1385 2021 1444 reconciliat.

372 1532 578 1590 Terra
615 1538 861 1590 terram
898 1546 1028 1590 non
1061 1529 1313 1604 abjicit,
1365 1544 1486 1587 nec
1522 1529 1779 1603 spernit
1812 1529 1943 1588 sibi
1980 1529 2223 1603 simile;
2274 1529 2391 1589 sed
2428 1530 2542 1590 illa
2581 1531 2762 1591 illam
2801 1532 3129 1608 aedificat,
3166 1550 3375 1611 quan-

286 1646 432 1698 tum
483 1636 901 1713 possibilitas
956 1637 1168 1713 ipsius
1201 1642 1325 1695 est.
1377 1634 1531 1695 Ideo
1568 1634 1760 1695 decet
1793 1639 1860 1694 et
1893 1651 2040 1711 VOS,
2078 1640 2158 1696 ut
2204 1644 2477 1713 propter
2510 1638 2830 1697 auxilium
2880 1646 2947 1699 et
2994 1641 3374 1703 misericor-

279 1746 460 1806 diam
510 1745 650 1817 Dei,
703 1746 768 1805 in
818 1745 1100 1805 consilio
1158 1744 1525 1819 sapientiae
1585 1742 1924 1803 reducatis
1973 1743 2054 1803 ad
2105 1744 2443 1805 stabulum
2492 1752 2827 1806 errantem
2878 1765 3104 1822 ovem,
3160 1751 3250 1809 ita
3298 1756 3372 1811 ut

283 1849 463 1910 Deus
500 1849 693 1908 vobis
730 1855 964 1925 parcat
999 1849 1062 1908 in
1098 1848 1398 1924 peccatis
1432 1848 1706 1922 vestriS,
1742 1848 1901 1924 quia
1937 1848 2441 1909 misericordiae
2477 1855 2657 1909 terra
2690 1852 2877 1911 estis,

1706 2056 1944 2117 XLVII.

1254 2252 1533 2313 cuidam
1577 2258 1921 2311 matronae
1972 2251 2413 2329 Hildeqardis.

363 2440 604 2498 Matrem
638 2438 890 2496 familias
915 2438 983 2494 ad
1013 2437 1277 2495 fiduciam
1308 2436 1365 2492 in
1391 2437 1567 2493 Deum
1597 2442 1803 2494 movet.

374 2581 426 2640 Ο
459 2580 619 2653 filia,
673 2580 927 2639 confide
971 2581 1037 2640 in
1082 2578 1385 2652 Domino,
1437 2584 1506 2638 et
1537 2580 1683 2639 esto
1734 2578 2025 2640 sollicita
2073 2596 2193 2657 pro
2231 2587 2295 2640 te
2343 2584 2411 2642 et
2444 2598 2563 2658 pro
2613 2584 2769 2645 filiis
2818 2588 2953 2647 tuis
3005 2593 3366 2657 secundum

274 2691 709 2763 praeceptum
743 2685 883 2759 Dei,
919 2685 1033 2744 sed
1068 2689 1292 2745 tamen
1327 2684 1772 2757 devotionem,
1802 2701 2004 2761 quam
2030 2684 2206 2745 Deus
2242 2686 2361 2746 tibi
2395 2686 2577 2748 dedit
2610 2696 2677 2749 et
2708 2690 2824 2751 dat
2858 2670 2923 2752 in
2951 2698 3367 2772 amplexione

276 2790 633 2849 charitatis
669 2805 853 2866 suae,
890 2805 971 2849 ne
997 2789 1295 2864 deseraS‚
1334 2788 1490 2865 quia
1527 2794 1597 2848 tu
1632 2788 1951 2848 mundum
1984 2790 2191 2849 istum
2228 2806 2494 2867 semper
2527 2792 2823 2855 habuisti
2853 2797 2915 2856 in
2953 2799 3369 2876 lacrymabili

272 2895 532 2955 dolore.
569 2894 744 2953 Deus
780 2893 1050 2969 adjuvet
1084 2899 1170 2970 te,
1208 2900 1280 2953 ut
1313 2894 1511 2953 vivus
1546 2892 1716 2968 lapis
1753 2892 1872 2953 fias
1909 2893 1974 2952 in
2008 2893 2287 2954 coelesti
2316 2883 2726 2958 Jerusalem.'

1691 3086 1960 3147 XLVIII.

1097 3280 1372 3342 Cnidum
1419 3277 1631 3340 abbati
1680 3281 2075 3359 Hirsauyiae
2123 3281 2565 3359 Hildeqardis.

357 3453 436 3510 De
463 3447 839 3509 saecularium
866 3451 1242 3523 quorumdam
1270 3451 1684 3508 consuetudine
1709 3456 1875 3507 caute
1900 3453 2219 3526 respondet.

382 3597 674 3657 Victoria
706 3614 838 3658 non
890 3597 1115 3657 haurit
1148 3597 1761 3672 concupiscentiam
1810 3595 1952 3673 (fol.
1989 3596 2105 3675 36)
2143 3596 2210 3657 in
2251 3600 2479 3660 causis
2518 3601 2692 3677 istis,
2742 3604 2825 3666 de
2857 3607 3103 3685 quibus
3139 3630 3242 3677 me
3277 3617 3374 3678 in-

279 3705 613 3778 terrogas,
673 3701 798 3761 Sed
848 3707 1069 3762 tamen
1118 3702 1408 3776 ligatura
1456 3700 1758 3776 eJ‘usdem
1807 3701 2060 3773 carniS,
2112 3718 2311 3779 quam
2365 3706 2540 3768 scire
2589 3713 2896 3788 quaer-ie,
2950 3717 3101 3790 plus
3150 3728 3256 3781 est
3304 3725 3372 3784 in

281 3806 432 3865 viro
469 3807 606 3880 illo,
658 3822 858 3882 quam
895 3807 963 3867 in
996 3806 1296 3879 muliere,
1350 3822 1480 3865 non
1514 3809 1735 3865 tamen
1778 3805 1877 3864 sic
1911 3805 2089 3883 quod
2140 3807 2264 3868 hoc
2296 3825 2466 3885 opus
2511 3812 2772 3873 videam
2824 3815 3082 3894 impleri
3122 3820 3187 3882 in
3221 3842 3372 3902 pec-

279 3909 479 3969 catis.
517 3909 721 3969 Video
755 3915 975 3969 autem
1015 3910 1078 3968 in
1112 3912 1176 3969 te
1211 3910 1512 3969 turbines
1546 3908 1816 3984 caloriS‚
1846 3911 1960 3986 qui
1997 3910 2262 3971 tandem
2295 3912 2508 3975 fracto
2536 3915 2785 3995 labore,
2816 3922 2959 3981 sine
2986 3941 3185 4001 opere
3219 3945 3373 3991 eva-

282 4015 531 4072 nescet.
2133 4029 2137 4034 ·

380 4151 512 4210 Fol.
550 4150 660 4226 36,
697 4151 803 4212 37.
846 4153 1118 4212 Cuidam
1155 4154 1638 4229 conyreyalioni
1674 4150 2103 4212 Eberbacensi
2135 4147 2184 4232 ⁸)
2222 4154 2662 4232 HildeyardiS.
2699 4157 2942 4223 Patrol.
2979 4166 3104 4227 col.
3139 4168 3291 4230 369.

1715 4339 1933 4407 XLIX.

1002 4517 1497 4595 Conpreqationi
1533 4516 2083 4594 Zwifeldensium
2114 4510 2160 4594 ⁴)
2198 4516 2640 4594 Hildeqctrdis.

363 4682 586 4742 Seniori
614 4682 808 4743 abbati
835 4686 1107 4760 praestari
1136 4684 1518 4744 obedientiam
1553 4683 1847 4761 praecipit.
1939 4732 1948 4740 .

379 4826 565 4888 Sicut
600 4829 796 4889 audio
835 4827 900 4888 in
937 4830 1170 4889 umbra
1204 4832 1526 4906 mysticae
1561 4830 1865 4904 visioni8‚
1893 4829 2064 4890 dico:
2102 4830 2335 4908 Magna
2369 4832 2775 4912 negligentia
2811 4840 2988 4901 facta
3020 4848 3125 4903 est
3168 4845 3233 4906 in
3267 4839 3385 4910 se?

365 4996 408 5059 ¹)
442 5000 680 5073 dem-piat
703 4998 825 5056 edd·
859 5032 922 5041 ,,,
956 5000 1003 5064 2)
1043 5003 1104 5057 ,ῃ
1134 5002 1306 5058 oculi,
1331 5006 1478 5059 vitae
1501 5000 1623 5058 edd.
1667 5000 1781 5059 ine·
1876 5007 2005 5057 tem.
2037 5032 2105 5042 -
2130 5001 2173 5067 ⁴)
2196 5002 2354 5062 Aliae
2393 5013 2525 5063 sunt
2561 5007 2627 5064 ad
2663 5007 3057 5070 zwifeldenses
3093 5017 3367 5088 epistolae

294 5081 573 5152 ptissime.
617 5117 677 5126 -
719 5086 763 5143 ⁸)
802 5089 1014 5143 Nomen
1052 5089 1501 5158 congregationis
1541 5090 1785 5163 primum
1877 5091 2024 5161 apud
2064 5107 2162 5147 nos
2201 5098 2258 5148 et
2293 5092 2348 5147 in
2376 5094 2499 5150 edd.
2535 5094 2696 5160 CXL.
2726 5097 2915 5163 cxu.
2943 5117 3182 5172 quarum
3210 5106 3366 5178 prior

294 5184 655 5239 suppressum
712 5170 839 5227 sort.
909 5173 1016 5227 l'uit
1069 5175 1142 5228 ob
1195 5173 1465 5246 epistolae
1523 5176 1786 5248 asperita-
1878 5175 2087 5231 similis
2112 5182 2390 5248 estquam
2418 5184 2608 5235 nostra
2635 5186 2972 5252 argumenti.
