4036 6117
3240 489 3371 548 245

760 887 1628 1015 INCIPIUNT
1748 880 3012 1012 EXPOSITIONES

1208 1225 1791 1297 QUORUMDAM
1854 1223 2591 1285 EVANGELIORUM

726 1440 918 1507 QUAS
954 1441 1215 1498 mleA
1253 1442 1686 1499 INSPIRANTE
1722 1442 1997 1499 GRATlA
2036 1440 2530 1501 HILDEGARDIS
2581 1438 2945 1497 Exposm‘r
2987 1440 3057 1505 ¹).

1828 1924 1914 2029 Ι.

1317 2252 1399 2310 In
1457 2251 1693 2329 Viqitia
1741 2254 2124 2313 Nativitatis
2174 2255 2457 2313 Domini.

1869 2464 1915 2521 Ι.

1639 2656 1815 2792 V
1842 2717 1958 2757 um
2007 2706 2174 2758 esset
2211 2698 2611 2775 desponsata
2646 2703 2861 2756 mater
2895 2696 3053 2756 Jesu
3090 2698 3302 2757 Maria
3335 2696 3443 2756 ,Ιο-

1665 2805 1858 2879 seph,
1914 2800 1965 2879 ²)
2026 2801 2200 2861 Deus
2256 2801 2590 2877 justitiam
2648 2800 2905 2876 primae
2965 2799 3433 2872 institutioniS‚

1676 2927 1693 2958 ο
1715 2922 1797 2965 ua
1846 2906 1991 2982 ipse
2027 2906 2236 2966 Adam
2269 2913 2335 2966 et
2365 2906 2572 2966 Evam
2606 2905 2981 2982 conjunxit,
3023 2904 3333 2979 inspexit,
3371 2905 3439 2962 et

1665 3014 1948 3069 matrem
1983 3010 2132 3071 Filii
2169 3011 2273 3070 sui
2300 3009 2446 3071 viro
2481 3010 2877 3086 desponsari
2910 3009 3145 3083 voluit,
3182 3013 3255 3067 ut
3288 3023 3435 3067 eam

1664 3113 1791 3174 fide
1840 3117 1908 3175 et
1954 3116 2426 3190 procuratione
2482 3115 2889 3188 custodiret,
2942 3120 3009 3173 et
3055 3118 3130 3173 ut
3180 3114 3326 3188 ipsa
3373 3113 3436 3170 ei

1665 3218 1968 3293 subjecta
2005 3219 2199 3280 foret:
2237 3221 2396 3296 quia
2424 3221 2684 3295 justum
2717 3224 2863 3278 erat
2893 3223 2966 3277 ut
2999 3217 3216 3278 omnis
3254 3215 3442 3274 femi-

1662 3337 1777 3396 na,
1831 3320 2155 3382 infantem
2188 3322 2467 3397 habens,
2518 3324 2746 3382 virum
2780 3303 3287 3398 procuratorem
3323 3320 3438 3378 ha-

1661 3423 1867 3485 beret.
1918 3424 1998 3484 Et
2050 3426 2115 3484 in
2164 3425 2292 3485 hoc
2340 3431 2446 3485 est
2490 3425 2785 3501 justitia,
2838 3440 3041 3502 quam
3088 3423 3438 3482 humilitas

586 3593 614 3620 μ
799 3547 814 3552 ’
885 3489 974 3614 “j
1079 3515 1088 3523 ’
1664 3527 2105 3604 subsequitur
2154 3529 2219 3589 in
2252 3529 2706 3604 subjectione,
2758 3528 3070 3604 quoniam
3123 3526 3182 3586 si
3228 3525 3438 3585 Maria

333 3569 959 3734 W
1655 3637 2163 3704 procuratorem
2199 3648 2330 3690 non
2363 3630 2664 3705 baberet,
2701 3630 3018 3707 superbia
3053 3629 3247 3690 facile
3281 3630 3437 3689 sub-

342 3742 625 3813 reperet,
660 3732 709 3814 ³)
746 3736 943 3812 quasi
975 3736 1121 3797 viro
1157 3734 1239 3795 ad
1274 3735 1769 3811 procurandum
1808 3750 1880 3794 se
1914 3752 2049 3795 non
2082 3736 2429 3812 indigeret.
2466 3738 2843 3813 Antequam
2876 3738 3325 3809 convenirent,
3372 3734 3438 3793 in

336 3842 684 3901 voluntate
731 3840 1245 3917 conjunctionis,
1298 3843 1572 3900 inventa
1621 3846 1742 3914 est,
1797 3842 2011 3900 mater
2061 3841 2403 3901 nominata
2453 3857 2682 3901 coram
2726 3840 2861 3900 Deo
2918 3847 2985 3900 et
3032 3840 3315 3917 popum,
3367 3841 3440 3898 in

332 3950 522 4004 utero
553 3943 794 4006 habens
827 3945 906 4004 de
944 3946 1206 4022 Spiritu
1242 3945 1506 4006 Sancto,

427 4027 667 4125 Joseph
713 4054 938 4108 autem
984 4051 1088 4108 vir
1135 4045 1312 4123 eju8‚
1366 4048 1433 4108 in
1482 4048 2000 4125 desponsatione
2057 4054 2124 4107 et
2172 4049 2642 4124 conjunctione
2696 4049 3015 4123 foederiS,
3068 4066 3217 4107 cum
3267 4053 3433 4106 esset

319 4146 570 4226 justus,
610 4146 798 4228 (quia
831 4151 900 4211 in
934 4151 1245 4212 omnibus
1277 4150 1636 4211 desideriis
1676 4152 1820 4210 suis
1856 4151 2278 4211 mendacium
2311 4167 2441 4211 non
2474 4152 2838 4227 quaesivit,
2875 4156 2943 4210 et
2975 4151 3289 4227 quoniam
3322 4167 3438 4209 vo·-

337 4256 558 4317 luntas
612 4257 824 4333 ipsius
873 4275 1039 4335 pura
1092 4257 1239 4332 fuit,
1293 4257 1449 4334 quia
1483 4257 1986 4333 praevaricator
2017 4257 2213 4333 Legis
2251 4273 2403 4318 esse
2453 4257 2719 4336 noluit‚)
2770 4263 2832 4318 et
2868 4259 3073 4317 nollet
3124 4277 3269 4318 eam
3305 4265 3437 4318 tra-

408 4487 452 4554 ¹)
478 4486 813 4544 Accedimus
838 4487 907 4543 ad
933 4490 1173 4544 alterum
1203 4488 1567 4557 Hildegardis
1592 4505 1755 4560 opus.
1780 4488 1840 4542 in
1934 4487 2220 4551 tilissima,
2260 4503 2404 4559 quae
2435 4487 2605 4545 etiam
2644 4487 3027 4544 Trithemium
3048 4487 3430 4551 deterrebant,

341 4587 452 4642 quo
477 4571 662 4628 audax
700 4573 1083 4646 prophetissae
1110 4574 1402 4645 ingenium
1443 4575 1578 4631 adeo
1604 4574 1839 4630 liberam
1932 4572 2117 4628 virum
2133 4572 2541 4644 germanicum,
2569 4575 3073 4647 barumepularum
3090 4575 3437 4640 helluonem,

343 4656 454 4713 sibi
493 4658 843 4729 provinciam
889 4659 1057 4726 fecit,
1100 4666 1166 4716 ut
1214 4662 1516 4719 dubitandi
1564 4665 1720 4720 locus
1763 4679 1843 4719 es-
1932 4657 2107 4713 immo
2169 4659 2460 4730 cujusdam
2519 4660 2869 4716 conditorem
2910 4660 3431 4735 Steyanoqraphiae.

346 4751 451 4805 set.
481 4749 674 4799 utrum
695 4745 1006 4815 genuinum
1044 4751 1331 4803 teneamus
1351 4748 1842 4805 commentarium.
1931 4747 2097 4816 cnjus
2134 4745 2306 4801 etiam
2335 4746 2404 4802 de
2431 4747 2533 4802 hac
2559 4748 2744 4819 opella
2781 4745 3144 4816 Hildegardis
3184 4746 3436 4803 testimo-

344 4829 514 4886 Hunc
535 4834 725 4886 tamen
745 4831 865 4904 ipsa
883 4830 1065 4901 digito
1091 4833 1383 4890 ostendere
1404 4834 1650 4898 videtur.
1671 4852 1848 4906 quum
1936 4829 2097 4885 nium
2118 4846 2474 4902 quacumque
2499 4831 2832 4904 exceptione
2850 4832 3037 4902 majus
3057 4836 3142 4886 cst
3168 4836 3336 4901 atque
3359 4834 3435 4886 lo-

346 4913 407 4970 in
444 4916 731 4987 prooemio
768 4916 1077 4989 superioris
1112 4917 1270 4982 libri,
1312 4936 1479 4991 opera
1505 4937 1604 4975 sua
1644 4921 1850 4977 ultima
1937 4917 2412 4991 cupletissimum.
2487 4918 2593 4974 Sed
2632 4920 2795 4990 plura
2833 4918 2993 4978 alibi.
3041 4918 3244 4974 Omnia
3290 4919 3438 4974 exci-

347 5006 618 5067 recenset.
654 5020 774 5059 cum
822 5004 1148 5077 quibusdam
1197 5005 1333 5062 aliis
1378 5010 1807 5079 «impositionibus
1829 5050 1845 5072 ,
1938 5005 2177 5077 piuntur
2215 5021 2282 5061 ex
2310 5004 2479 5061 unico
2505 5003 2698 5061 codice
2735 5002 2939 5074 majori
2977 5001 3430 5059 Wisbadenensi.

346 5100 485 5155 quae
532 5088 701 5143 verba
764 5086 899 5143 huic
960 5090 1368 5146 commentario
1447 5091 1516 5146 ad
1577 5093 1846 5151 amussim
1933 5090 2159 5147 Titulos
2177 5090 2277 5162 qui
2300 5092 2631 5163 plerumque
2652 5088 3061 5150 desiderantur,
3090 5085 3429 5144 addidimus.

344 5173 700 5244 respondent,
730 5173 985 5230 Obscura
1010 5174 1240 5245 quidem
1268 5177 1446 5232 multa
1475 5184 1608 5234 sunt
1635 5184 1691 5235 et
1720 5181 1848 5235 sub·
2004 5183 2049 5248 2)
2076 5179 2282 5238 Matth.
2314 5180 2362 5244 l,
2398 5184 2477 5236 ¹8.
2509 5184 2595 5236 2¹.
2628 5210 2694 5221 -
2720 5177 2764 5248 ³)
2790 5177 2964 5233 Caute
2990 5177 3127 5246 lege.
