4036 6117
759 471 898 533 428
1909 491 1960 535 s.
2020 488 2569 538 anni-:eAnnrs

684 614 784 667 tes
819 609 951 668 Deo
1001 614 1061 666 et
1115 610 1308 669 Patri
1359 628 1503 677 suo,
1555 615 1627 667 ut
1662 609 1867 667 etiam
1902 616 2110 683 esset,
2151 611 2326 671 sieut
2359 612 2522 671 dicit
2555 613 2731 688 apud
2764 613 3059 688 Petrum,
3090 634 3300 692 qenes
3332 616 3643 689 electum,
3679 633 3779 673 rea

671 711 828 788 ,vale
864 713 1326 771 sacerdotium.
1364 706 1409 790 ¹)

2143 927 2303 987 XXI.

763 1135 990 1211 Neque
1036 1149 1198 1193 vero
1248 1135 1623 1208 pecuniam,
1660 1134 2009 1208 apostolus
2060 1134 2246 1193 verbi
2296 1134 2445 1209 Dei,
2515 1135 2633 1194 tibi
2687 1136 3063 1212 creditam,
3130 1138 3212 1197 de
3274 1154 3406 1214 qua
3468 1136 3769 1196 nonnihil

671 1253 878 1313 penes
936 1243 1000 1296 te
1050 1236 1467 1296 reconditum
1525 1241 1870 1312 putamus,
1928 1237 2012 1296 de
2060 1240 2326 1297 caetero
2384 1238 2769 1312 eol-ligatam
2824 1239 2890 1298 in
2945 1240 3218 1301 sudario
3276 1242 3589 1300 retineas:
3648 1239 3765 1299 sed

672 1340 966 1415 expende
1014 1356 1162 1399 earn
1213 1340 1294 1399 ad
1345 1340 1630 1413 lucrum,
1681 1355 1764 1398 ne
1798 1357 1836 1399 a
1885 1340 2221 1400 creditore
2267 1342 2581 1416 pigritiae
2631 1343 2967 1416 arguariS,
3018 1348 3086 1402 et
3135 1343 3357 1402 ablato
3391 1359 3431 1401 a
3479 1349 3544 1400 te
3575 1340 3770 1401 intel-

670 1445 887 1503 lectus
936 1445 1216 1518 taleme,
1261 1443 1341 1502 de
1376 1458 1490 1502 ore
1528 1451 1665 1517 tue,
1718 1459 1849 1519 quo
1885 1444 2057 1503 bona
2111 1445 2335 1503 dicere
2382 1448 2449 1505 et
2496 1445 2736 1505 docere
2785 1445 3140 1521 debueras,
3191 1452 3256 1506 te
3288 1447 3534 1522 ipsum,
3585 1443 3760 1521 quod

669 1551 847 1611 Deus
897 1551 1181 1611 avertat!
1237 1551 1686 1609 condemnare
1715 1552 2001 1624 cogaris
2054 1551 2337 1610 Proinde
2380 1552 2436 1611 si
2469 1551 2648 1611 Deus
2696 1554 2922 1626 posuit
2954 1553 3161 1612 verba
3196 1568 3321 1611 sua
3368 1553 3437 1612 in
3468 1567 3585 1611 ore
3620 1553 3754 1622 tue,

668 1656 807 1715 noli
839 1655 1082 1715 dicere:
1119 1656 1350 1715 Nescio
1385 1656 1587 1731 loqui,
1621 1657 1777 1731 quia
1805 1674 1978 1730 puer
2011 1674 2180 1728 sum,
2207 1653 2257 1732 ²)
2297 1656 2411 1714 sed
2444 1657 2764 1732 praedica
2794 1655 3059 1715 verbum
3094 1665 3483 1733 opportune,
3520 1658 3761 1730 impor-

668 1770 853 1834 tune,
890 1779 1113 1836 arque,
1143 1759 1425 1832 obsecra,
1461 1761 1760 1834 increpa,
1787 1752 1836 1835 ³)
1867 1759 2179 1833 quoniam
2216 1766 2281 1817 et
2312 1759 2434 1818 boc
2467 1760 2549 1819 ad
2580 1760 2986 1835 implendum
3013 1759 3430 1818 sacerdotale
3465 1757 3765 1815 ministe-

671 1863 841 1923 rium
895 1869 1176 1938 spectat.
1214 1862 1405 1923 Omni
1455 1877 1614 1935 ergo
1670 1861 1942 1919 verbum
1996 1862 2219 1922 solatii
2271 1864 2520 1938 petenti
2566 1869 2654 1935 te,
2706 1864 2950 1936 tribue;
3000 1869 3069 1921 et
3100 1877 3443 1921 nummum
3493 1857 3754 1917 consilii

665 1966 914 2025 volenti
950 1983 987 2024 a
1022 1969 1085 2025 te
1121 1967 1437 2041 mutuari,
1476 1983 1555 2025 ne
1590 1967 1941 2026 averteris,
1992 1968 2125 2026 Nec
2161 1969 2227 2027 in
2260 1970 2649 2043 erogatione
2686 1970 2817 2028 ista
2850 1969 3185 2028 defectum
3221 1968 3562 2039 formideS,
3598 1965 3755 2025 dum

666 2069 734 2127 in
782 2070 1041 2145 psalmo
1085 2075 1412 2131 cantetur:
1466 2073 1787 2131 Dominus
1836 2071 2014 2129 dabit
2063 2071 2334 2130 verbum
2384 2072 2989 2149 evanqelizantibus
3037 2076 3109 2132 in
3144 2075 3386 2131 virtute
3420 2072 3656 2145 multa,
3699 2068 3747 2149 θ)

663 2178 731 2230 et
767 2172 940 2231 idem
978 2174 1297 2232 Dominus
1346 2176 1525 2234 dives
1560 2178 1631 2234 in
1666 2193 1889 2234 omnes
1927 2180 2041 2253 qui
2076 2179 2383 2236 invocant
2419 2198 2594 2253 eum,
2622 2173 2671 2258 ⁵)
2722 2180 2896 2238 fideli
2934 2196 3053 2239 suo
3088 2187 3463 2255 promittat:
3502 2182 3761 2242 Sermo·-

658 2295 776 2334 nes
823 2294 998 2334 meos
1039 2297 1196 2354 quos
1245 2279 1398 2337 dedi
1432 2281 1504 2337 in
1554 2298 1620 2337 os
1655 2288 1868 2354 tuum,
1905 2299 2039 2339 non
2075 2282 2378 2359 deficient
2429 2284 2509 2340 de
2545 2302 2654 2341 ore
2706 2290 2838 2343 tuo.
2870 2279 2917 2362 6)
2960 2285 3190 2360 ltaque
3224 2285 3542 2360 quoniam
3591 2286 3748 2345 scri-

658 2388 845 2457 ptum
903 2386 1037 2442 est:
1101 2383 1304 2444 Labia
1358 2386 1772 2444 sacerdotum
1829 2387 2207 2444 custodiunt
2268 2390 2648 2461 scientiam,
2711 2395 2771 2446 et
2832 2389 3041 2465 leqem
3096 2392 3441 2466 requirent
3498 2408 3583 2448 ex
3640 2408 3743 2449 ore

657 2482 823 2560 ejuS,
857 2484 906 2564 ⁷)
958 2503 1299 2564 nunquam
1349 2491 1679 2548 sententia
1730 2490 1909 2548 servi
1959 2489 2267 2549 dicentis:
2323 2492 2421 2551 Sit
2458 2494 2671 2550 omnis
2719 2497 2905 2554 homo
2952 2495 3143 2553 velox
3176 2495 3261 2552 ad
3307 2494 3746 2568 audiendum,

658 2590 888 2648 tardus
937 2600 1162 2650 autem
1204 2594 1290 2651 ad
1340 2593 1764 2669 loquendum,
1815 2587 1864 2672 ⁰)
1917 2594 2094 2668 apud
2156 2600 2220 2652 te
2269 2596 2754 2671 praeponderet
2805 2599 3137 2656 sententia
3182 2596 3440 2656 Domini
3492 2598 3747 2672 praeci·

657 2692 923 2767 pientis:
967 2695 1212 2768 Clama,
1258 2714 1342 2753 ne
1379 2715 1609 2770 cesseS,
1661 2698 1851 2772 quasi
1886 2696 2041 2753 tuba
2074 2698 2302 2756 eaealta
2347 2717 2564 2758 vocem
2599 2706 2805 2773 tuam,
2857 2706 2917 2758 et
2954 2702 3290 2758 annuntia
3328 2700 3579 2776 populo
3612 2717 3745 2758 meo

660 2797 910 2856 scelera
958 2815 1208 2873 eorum,
1260 2805 1324 2856 et
1369 2801 1593 2858 domui
1642 2798 1834 2859 Jacob
1876 2807 2149 2875 peccata
2196 2819 2444 2863 eorum.
2498 2803 2581 2862 Et
2634 2806 2689 2862 si
2722 2821 2855 2862 non
2903 2805 3470 2862 annuntiaveritis
3518 2805 3738 2880 impie,

655 2901 771 2958 ille
822 2901 1089 2976 quidem
1139 2904 1210 2960 in
1255 2904 1608 2980 iniquitate
1659 2922 1780 2962 sua
1823 2905 2170 2978 morietur,
2224 2909 2616 2983 sanquinem
2666 2913 2891 2966 autem
2938 2906 3080 2981 ejus
3113 2908 3193 2966 de
3240 2925 3448 2966 manu
3496 2913 3617 2966 tua
3645 2926 3748 2965 re-

658 3006 941 3082 quiram.
973 2998 1023 3084 ⁹)

2098 3246 2291 3308 XXII.

742 3481 1187 3544 Considerans
1235 3500 1396 3560 ergo
1444 3486 1761 3561 quoniam
1809 3487 2264 3563 periculosum
2299 3490 2389 3549 sit
2439 3491 2637 3551 istius
2689 3493 2864 3552 modi
2899 3494 3158 3568 angelis
3203 3492 3371 3555 nibil
3403 3495 3726 3568 nuntiare,

648 3598 729 3640 ne
763 3589 827 3641 et
863 3590 958 3658 tu,
993 3602 1124 3645 non
1158 3585 1306 3645 dico
1344 3586 1618 3661 frustra,
1673 3588 1790 3647 sed
1830 3589 1911 3647 ad
1940 3588 2267 3664 judicium
2318 3597 2504 3650 tuum
2541 3594 2817 3668 angelus
2856 3596 3142 3670 νοσεῖ-ῖς,
3194 3596 3380 3672 aperi
3413 3612 3487 3656 os
3524 3602 3727 3668 tuum,

653 3688 720 3744 et
752 3687 1015 3747 attrahe
1065 3690 1400 3764 spiritum3
1438 3697 1505 3751 et
1550 3692 1870 3753 Dominus
1920 3696 2063 3755 sine
2097 3696 2300 3757 dubio
2352 3699 2636 3773 replebit
2685 3700 2848 3760 illud
2896 3702 3131 3761 eodem
3175 3702 3424 3777 Spiritu
3474 3705 3727 3779 sapien-

647 3789 813 3863 tiae,
871 3789 954 3847 ad
1003 3793 1528 3853 annuntiandum
1587 3796 1850 3857 laudem
1900 3799 2048 3873 ejus
2099 3802 2167 3859 in
2217 3801 2431 3860 medio
2480 3802 2852 3879 Ecclesiae,
2912 3811 2980 3865 et
3026 3807 3438 3865 narrandum
3494 3823 3725 3866 nomen

648 3893 856 3967 ipsius
892 3893 1215 3956 fratribus
1249 3899 1405 3958 tuiS.
1442 3899 1695 3970 Quibus
1731 3904 2049 3976 quoniam
2101 3910 2237 3963 tam
2272 3907 2690 3979 sapientibus
2726 3925 2927 3983 quarn
2968 3911 3438 3985 insipientibus
3470 3911 3728 3971 debitor

643 4015 717 4058 es
754 3996 1032 4076 (parvus
1081 4003 1258 4060 enim
1291 4008 1358 4062 et
1402 4020 1681 4079 magnus
1730 4006 1823 4064 ibi
1859 4008 2068 4083 sunt),
2121 4012 2387 4084 oportet
2421 4016 2484 4069 te
2534 4013 2844 4071 omnibus
2894 4014 3118 4073 debita
3152 4015 3459 4089 pendere.
3509 4016 3726 4091 Neque

642 4103 1056 4163 subducatur
1103 4108 1462 4166 memoriae
1499 4116 1675 4183 tuae,
1728 4111 1900 4184 quod
1938 4118 2005 4169 et
2038 4115 2110 4170 in
2160 4116 2465 4172 thesauro
2514 4114 2884 4174 abscondito
2934 4123 2993 4175 et
3032 4120 3102 4176 in
3153 4121 3433 4177 scientia
3480 4120 3724 4178 occulta

641 4208 835 4265 nulla
882 4209 1165 4283 utilitas,
1201 4204 1245 4288 ¹)
1297 4218 1364 4269 et
1398 4212 1573 4287 quod
1622 4215 2017 4273 maledictus
2069 4218 2149 4274 sit
2185 4220 2298 4292 qui
2348 4217 2677 4277 abscondit
2728 4224 3075 4297 frumenta
3123 4223 3477 4298 apopuliS.
3513 4221 3563 4299 ²)
3598 4223 3721 4282 Nec

643 4325 799 4368 vero
851 4316 915 4370 te
950 4311 1030 4370 de
1082 4312 1418 4387 imperitia
1460 4321 1574 4373 aut
1623 4316 1704 4373 de
1754 4319 2016 4389 privata
2068 4319 2206 4377 vita
2253 4335 2577 4379 excusare
2611 4324 2996 4383 contendas».
3033 4324 3095 4383 Si
3132 4341 3209 4382 ex
3262 4326 3549 4395 inscitia,
3600 4342 3721 4385 non

639 4420 830 4487 potes
865 4416 1166 4490 proximo
1212 4418 1567 4492 propinare
1602 4435 1676 4477 ex
1715 4421 1888 4494 fiala,
1926 4424 2206 4498 propina
2243 4425 2300 4482 ei
2338 4440 2413 4482 ex
2453 4426 2717 4499 cyath03
2754 4428 2812 4485 si
2845 4444 3006 4502 prae
3040 4429 3377 4502 paucitate
3414 4446 3544 4489 non
3577 4445 3727 4505 pos·

638 4522 793 4575 sunt
842 4534 1053 4592 aquae
1088 4525 1241 4578 tuae
1295 4520 1474 4580 foras
1516 4523 1832 4597 derivari,
1884 4534 2000 4585 aut
2035 4526 2242 4585 dividi
2297 4529 2359 4586 in
2395 4529 2660 4603 platei5‚
2714 4530 2956 4591 habeto
3005 4547 3121 4590 eas
3156 4534 3361 4603 soluS,
3417 4540 3489 4592 ut
3525 4532 3714 4593 alieni

637 4635 766 4678 non
816 4620 950 4678 sint
984 4622 1349 4698 participes
1398 4641 1651 4699 earum,
1704 4629 1821 4687 sed
1873 4634 2095 4688 tamen
2146 4630 2498 4691 domestici
2548 4640 2615 4692 et
2670 4633 3058 4707 familiarem
3113 4637 3168 4695 si
3204 4652 3283 4695 ex
3325 4635 3547 4695 officio
3597 4652 3717 4695 non

635 4726 844 4786 habes
894 4729 1226 4788 seminare
1271 4746 1479 4805 *super
1527 4749 1754 4793 omnes
1802 4751 2038 4810 aquas,
2090 4739 2157 4796 et
2181 4731 2229 4815 ³)
2282 4739 2673 4811 praedicare
2722 4741 2787 4799 in
2835 4743 3125 4817 populiS,
3179 4744 3435 4802 semina
3483 4743 3716 4802 saltem

709 4951 752 5015 ¹)
794 4951 817 5005 1
857 4951 1005 5007 Pelr.
1051 4951 1126 5013 11,
1169 4956 1217 5007 6.
1261 4984 1326 4993 ---
1364 4954 1411 5017 ²)
1448 4955 1652 5009 Jercm.
1703 4954 1750 5017 1,
1791 4958 1841 5011 6.
1892 4987 1957 4996 -
1996 4956 2041 5020 ³)
2080 4957 2135 5011 ΙΙ
2225 4957 2268 5019 ⁸)
2305 4959 2419 5014 Jac.
2454 4960 2500 5021 1,
2547 4964 2627 5015 19.
2655 4961 2789 5024 -·-⁹)
2837 4962 2908 5018 Is.
2958 4962 3141 5017 Lvnl
3184 4968 3227 5019 1.
3256 4962 3458 5019 Ezech.
3493 4961 3597 5021 nt.
3629 4966 3704 5015 ¹8.

636 5032 781 5091 Tim.
827 5036 927 5099 lv,
975 5042 1025 5093 2.
1069 5069 1136 5077 --
1181 5038 1225 5102 ⁴)
1272 5038 1359 5092 Ps.
1407 5039 1636 5101 LXVII,
1683 5045 1764 5095 12.
1805 5072 1868 5082 ·-
1899 5044 1941 5106 ⁵)
1967 5043 2128 5098 Rom.
2224 5042 2266 5110 ¹)
2287 5043 2460 5100 Eccli.
2498 5044 2627 5109 XX,
2653 5051 2738 5102 32.
2766 5079 2829 5088 --
2856 5050 2902 5114 2)
2928 5049 3091 5105 Prov.
3119 5049 3278 5112 xxi.
3308 5053 3395 5104 39.
3427 5080 3490 5089 ·-
3517 5049 3714 5111 ³)1iaee

638 5119 712 5185 Χ,
748 5126 825 5175 12.
862 5153 925 5161 —
949 5123 993 5189 θ)
1023 5123 1199 5177 Locus
1229 5121 1403 5191 ignot.
1529 5126 1574 5186 ⁷)
1601 5125 1839 5180 Malacb.
1868 5126 1944 5187 11,
1986 5132 2034 5182 7.
2221 5131 2540 5200 praedicare
2564 5130 2683 5185 eod.
