4036 6117
1125 494 1534 543 SPECULUM
1592 495 2079 543 rurunonun
2140 493 2577 542 ramponem
3194 477 3345 540 485.

301 637 504 681 scure
552 624 619 681 et
655 621 973 680 inusitato
1024 622 1195 696 stylo
1233 622 1555 697 loquitur,
1607 639 1736 680 non
1770 622 2219 697 intelligentes
2270 622 2446 696 quod
2483 621 2607 680 hoc
2641 626 2745 679 est
2779 627 3244 695 argumentum
3281 638 3407 681 ve-·

303 741 422 784 rae
474 724 880 800 prophetiae.
919 724 1162 784 Omnes
1212 726 1384 784 enim
1422 725 1786 801 prophetae
1837 726 2120 784 obscure
2158 726 2340 800 loqui
2391 724 2585 801 quasi
2625 723 2687 781 in
2738 739 2863 781 usu
2909 721 3172 783 habent.
3209 723 3389 782 Unde

300 837 411 889 est
467 831 624 889 illud
661 832 723 890 in
761 831 1037 905 psalmo:
1098 830 1453 892 Tenebrosa
1500 848 1672 907 aqua
1711 833 1782 890 in
1817 830 2093 889 ‘nubibus
2128 833 2325 905 aeriS,
2360 826 2407 908 ¹)
2447 830 2510 887 id
2544 831 2649 887 est
2682 828 2972 887 obscura
3007 827 3287 886 scientia
3323 826 3389 885 in

297 935 671 1009 prophetis,
723 935 906 1006 Quod
941 940 1163 993 autem
1217 935 1537 993 inusitato
1573 935 1745 1009 stylo
1798 935 2116 1009 loquitur,
2169 938 2236 994 et
2286 933 2411 992 hoc
2458 949 2722 1009 quoque
2773 938 3238 1006 argumentum
3285 936 3391 990 est

297 1042 446 1099 veri
483 1042 672 1116 digiti
723 1041 862 1114 Dei,
918 1040 979 1099 id
1029 1048 1133 1099 est
1182 1039 1470 1116 Spiritus
1507 1039 1752 1114 Sancti,
1792 1046 1963 1099 teste
1998 1041 2299 1115 apostolo
2332 1040 2528 1099 Petro
2565 1039 2679 1114 qui
2717 1039 2782 1096 in
2818 1038 2874 1096 II
2908 1037 3099 1112 epist.
3137 1052 3257 1096 sua
3292 1035 3391 1094 di-

298 1150 417 1208 cit:
455 1150 584 1208 Hoc
630 1151 923 1225 primum
961 1149 1428 1224 intelliqenteS,
1484 1148 1654 1223 quod
1688 1150 1898 1205 omnis
1943 1150 2293 1224 prophetia
2320 1147 2596 1222 propria
2637 1145 3072 1220 inspiratione
3108 1158 3239 1200 non
3286 1141 3384 1218 fit:

297 1272 431 1312 non
486 1257 660 1312 enim
711 1253 1046 1311 voluntate
1089 1257 1381 1313 humana
1429 1252 1638 1309 allata
1686 1259 1780 1310 est
1830 1252 2193 1327 aliquando
2237 1253 2623 1329 prophetia,
2677 1250 2791 1308 sed
2841 1249 3101 1325 Spiritu
3153 1248 3389 1308 Sancto

297 1360 618 1436 inspirati
656 1360 855 1419 locuti
890 1365 1042 1418 sunt
1080 1360 1203 1420 Dei
1237 1361 1552 1420 homines
1586 1355 1636 1436 ²)
1675 1358 1855 1430 Quod
1896 1359 2098 1418 Glosa
2136 1361 2234 1418 sic
2267 1358 2555 1434 exponit.
2591 1350 2709 1436 ⁸)...

1684 1567 1919 1627 LIBER
1974 1568 2021 1628 I.

423 1779 667 1855 Incipit
703 1780 1048 1855 prophetia
1081 1786 1344 1840 sanctae
1381 1778 1800 1855 Hildeyardis
1836 1780 1915 1836 de
1949 1779 2242 1854 quinque
2276 1775 2674 1854 temporibus
2708 1794 2873 1853 quae
2910 1780 3265 1853 coeperunt

866 1901 923 1942 α.
961 1884 1226 1943 Domini
1262 1884 1400 1958 MC,
1438 1883 1798 1942 secundum
1830 1882 2000 1959 quod
2036 1882 2194 1940 dicit
2230 1884 2301 1940 in
2334 1882 2613 1958 quodam
2650 1882 2810 1940 loco:

389 2077 544 2135 Post
596 2076 1145 2147 incarnationem,
1200 2076 1436 2151 inquit,
1490 2092 1660 2136 anno
1695 2076 1832 2149 MC,
1883 2076 2187 2135 doctrina
2228 2076 2689 2150 apostolorum
2736 2080 2803 2133 et
2837 2073 3077 2134 ardens
3122 2072 3393 2148 J'ustitia-

293 2195 501 2255 quam
553 2180 618 2239 in
652 2180 1049 2239 Christianis
1084 2181 1150 2239 et
1184 2180 1649 2256 spiritualibus
1699 2181 2164 2254 constituerat,
2204 2181 2473 2240 tardare
2515 2179 2758 2254 coepit,
2796 2182 2862 2238 et
2895 2177 2961 2237 in
2996 2176 3389 2237 haesitatio-

296 2299 452 2341 nem
486 2284 896 2343 vertebatur.
940 2302 970 2340 2>

396 2391 534 2448 Vidi
564 2391 643 2448 ad
682 2392 1145 2466 Aquilonem...
1181 2394 1248 2450 et
1277 2391 1388 2451 ille
1423 2392 1773 2452 moritur...
1802 2392 1979 2451 —in
2020 2392 2189 2451 libro
2221 2391 2466 2451 scivias
2501 2409 2561 2467 p.
2592 2391 2699 2451 III.
2739 2408 2861 2451 xus,
2898 2388 3002 2447 XI.
3036 2385 3188 2467 (col.
3227 2384 3388 2476 ⁷⁰9ss

297 2492 449 2552 711.
488 2495 559 2553 A.
599 2494 696 2571 C.)
734 2494 898 2553 Item
934 2494 1013 2552 de
1049 2495 1218 2553 libro
1270 2496 1400 2554 alio
1436 2496 1551 2571 qui
1586 2503 1867 2555 vocatur
1916 2497 2304 2555 Divinarum
2339 2513 2630 2572 operum.
2668 2493 2791 2553 Hic
2837 2491 3152 2553 diffusius
3187 2490 3383 2567 quasi

290 2597 679 2671 exponendo
731 2598 1028 2673 loquitur
1075 2598 1249 2674 quod
1300 2599 1366 2658 in
1417 2601 1628 2674 priori
1681 2601 1850 2660 libro
1901 2601 2027 2659 sub
2063 2601 2393 2659 brevitate
2427 2600 2752 2660 dixerat...
2788 2599 3109 2672 Observa,
3147 2596 3381 2669 lector,

292 2704 472 2779 quod
527 2704 703 2763 istud
738 2705 1025 2780 primum
1075 2711 1339 2780 tempus
1375 2707 1594 2782 coepit
1628 2724 1685 2765 a.
1721 2706 1855 2780 MC,
1907 2712 1973 2765 et
2021 2706 2290 2766 durabit
2335 2723 2548 2783 usque
2598 2707 2681 2766 ad
2717 2720 3026 2781 magnum
3066 2701 3383 2778 schisma,

292 2808 559 2886 quando
596 2809 890 2884 episcopi
927 2815 993 2867 et
1027 2809 1242 2867 omnis
1277 2810 1497 2869 clerus
1536 2809 1906 2882 expelletur
1937 2809 2016 2868 de
2054 2811 2225 2868 locis
2260 2816 2328 2869 et
2362 2810 2756 2870 civitatibus
2792 2809 2955 2868 suis

388 2912 540 2971 Dies
592 2913 822 2972 istOS...
883 2913 1062 2972 edita
1123 2920 1297 2972 sunt.
1358 2944 1445 2957 —
1500 2914 1572 2972 In
1632 2913 1801 2973 libro
1866 2915 2258 2974 Divinorum
2317 2933 2586 2992 operum
2648 2930 2707 2988 p.
2766 2913 2877 2987 111,
2934 2911 3054 2971 vis,
3106 2909 3178 2969 X.
3231 2905 3383 2986 (col.

292 3015 703 3091 1017-1037,
741 3032 953 3093 usque
992 3017 1056 3076 in
1092 3016 1243 3076 libri
1281 3015 1526 3095 finem.)

393 3122 554 3181 Item
606 3121 687 3180 de
737 3121 1148 3181 Antichristo
1197 3138 1275 3180 ex
1325 3123 1494 3182 libro
1552 3123 1816 3182 Scivias:
1869 3122 2144 3182 Infamis
2196 3123 2597 3183 homicida...
2648 3123 2889 3199 dejecti
2924 3126 3099 3181 sunt.
3152 3117 3384 3198 (p.111.

291 3225 420 3285 vis,
461 3225 558 3284 xl.
596 3256 683 3269 —
717 3225 839 3285 col.
879 3224 1027 3285 716.
1066 3242 1103 3284 a
1136 3242 1198 3284 n.
1237 3224 1341 3284 26.
1379 3224 1461 3284 ad
1498 3224 1647 3284 722.
1685 3243 1744 3284 n.
1785 3224 1920 3304 41.)
1961 3227 2253 3303 Explicit
2292 3227 2457 3286 liber
2490 3228 2772 3304 primus

1205 3498 1212 3503 ,
1263 3438 1508 3513 Incipit
1554 3437 1860 3514 proloqus
1910 3439 1982 3495 in
2033 3436 2275 3495 librum
2327 3436 2414 3495 II.

387 3632 902 3691 Praecedentem
952 3632 1252 3692 libellum
1287 3632 1402 3709 qui
1452 3614 1720 3692 tractat*
1745 3631 1826 3690 de
1859 3633 2155 3708 quinque
2191 3632 2628 3708 temporibus,
2681 3632 2763 3692 de
2796 3631 3056 3692 duobus
3092 3630 3285 3691 libris
3319 3630 3379 3690 S.

293 3733 744 3809 HildegardiS,
798 3735 969 3794 libro
1006 3735 1265 3795 scilicet
1302 3736 1547 3796 Scivias
1581 3737 1647 3794 et
1684 3735 1851 3794 libro
1889 3737 2279 3795 Divinorum
2314 3753 2588 3813 operum
2621 3737 2952 3812 excerpsi.
2987 3736 3384 3814 Sequentem

291 3855 456 3899 vero
493 3840 847 3914 compilavi
898 3840 1144 3914 partim
1179 3856 1259 3899 ex
1295 3840 1464 3899 libro
1517 3840 1908 3900 Divinorum
1957 3857 2252 3917 operum,
2303 3841 2550 3916 partim
2599 3840 2680 3899 de
2715 3840 2886 3900 libro
2922 3840 3381 3916 epistolarum,

293 3945 380 4003 de
417 3961 546 4020 quo
585 3944 746 4003 nihil
783 3944 850 4002 in
882 3945 1091 4019 priori
1125 3945 1296 4004 libro
1332 3943 1544 4019 posui.
1597 3943 1869 4003 Tractat
1917 3951 2144 4004 autem
2182 3945 2309 4004 iste
2346 3945 2679 4004 secundus
2714 3945 2885 4004 liber
2931 3944 3012 4003 de
3064 3944 3283 4020 tepido
3318 3949 3386 4004 et

292 4064 613 4124 perverso
664 4053 845 4107 statu
894 4048 1093 4123 primi
1143 4049 1490 4123 temporiS,
1542 4048 1718 4124 quod
1767 4048 2187 4123 significatur
2222 4065 2342 4124 per
2374 4065 2605 4109 canem
2642 4050 2930 4124 igneum,
2968 4049 3084 4109 sed
3117 4066 3247 4109 non
3281 4066 3385 4109 ar-

295 4155 583 4215 dentem.
613 4157 775 4214 Item
803 4170 882 4213 ex
908 4154 1078 4214 libro
1116 4154 1507 4213 Divinorum
1542 4171 1815 4229 operum
1848 4153 1930 4211 de
1963 4155 2174 4213 variis
2209 4155 2769 4230 perversitatibus
2804 4153 3005 4229 primi
3039 4153 3383 4229 temporiS,

297 4264 367 4318 et
401 4259 575 4335 quod
626 4260 847 4332 coepit
879 4276 936 4318 a.
976 4257 1454 4318 incarnationis
1500 4256 1761 4316 Domini
1796 4256 1931 4331 MC,
1967 4259 2036 4317 et
2066 4257 2146 4316 de
2196 4260 2554 4319 sanctitate
2586 4261 2653 4320 et
2689 4257 3074 4318 fortitudine
3121 4273 3393 4335 praece-

298 4364 598 4423 dentium
636 4370 1029 4439 temporum.

374 4505 626 4579 Spiritus
679 4506 918 4561 Sanctus
970 4510 1194 4560 uterum
1247 4502 1484 4572 virginis
1542 4501 1800 4557 seeunda-
1961 4502 2196 4560 lustitia
2248 4504 2505 4577 itaque...
2558 4506 2970 4579 poenitentiam
3020 4511 3207 4578 agant.
3250 4508 3379 4577 (col.

299 4592 478 4649 vitm.
519 4597 590 4647 et·
614 4590 813 4647 scissas
851 4590 1280 4646 demonstrabit.
1317 4590 1642 4645 Divinarum
1682 4607 1798 4661 ope·
1897 4593 2031 4644 1013
2056 4588 2102 4644 B
2124 4590 2192 4645 ad
2225 4593 2359 4646 1015
2384 4592 2474 4658 A).

298 4696 423 4733 rum
446 4693 499 4747 p.
531 4676 633 4732 111.
668 4676 769 4732 vis.
802 4677 873 4733 X.
907 4680 1031 4746 (col.
1069 4681 1220 4735 1006.
1252 4676 1310 4733 C.
1344 4677 1411 4730 ad
1444 4679 1597 4732 1007.
1629 4677 1722 4742 D.)
1958 4677 2090 4733 Item
2114 4679 2277 4733 verba
2303 4676 2360 4732 S.
2394 4676 2757 4750 Hildeqardis
2782 4697 2851 4735 ex
2887 4683 3006 4737 vita
3042 4682 3101 4737 S.
3134 4674 3385 4753 Ruperti.

368 4761 474 4817 Sed
515 4761 634 4832 ipsa
675 4760 874 4818 faciem
917 4764 1070 4817 velut
1097 4763 1233 4819 solis
1239 4807 1346 4820 .....
1392 4763 1796 4820 sublimantur.
1889 4768 2037 4838 quod
2061 4766 2209 4820 istud
2226 4767 2467 4836 primum
2492 4771 2691 4835 tempus
2715 4766 3040 4822 vilissimum
3065 4774 3266 4841 tempus
3290 4772 3383 4831 sit,

305 4849 433 4915 (col.
470 4850 603 4902 1012
629 4848 676 4902 D
701 4848 807 4903 col.
848 4852 978 4902 1013
1005 4847 1093 4913 Α).
1885 4857 1934 4906 et
1958 4853 2106 4923 quod
2130 4852 2206 4905 ad
2231 4850 2336 4906 illa
2352 4853 2542 4923 prima
2577 4857 2625 4906 et
2650 4858 2837 4908 sancta
2861 4859 3098 4925 tempora
3132 4858 3390 4926 respicere

373 5010 415 5077 ¹)
443 5011 514 5066 Ps
540 5010 744 5074 ·xvl1,
774 5016 931 5067 12.—-
956 5014 1001 5079 2)
1030 5012 1083 5067 ΙΙ
1105 5013 1254 5069 Petr.
1287 5012 1334 5077 Ι,
1364 5019 1523 5070 11.-
1543 5013 1588 5077 ³)
1609 5013 1795 5069 Addu·
1888 5012 2160 5078 CXCVII,
2188 5015 2294 5071 col.
2342 5019 2443 5070 157
2466 5017 2517 5071 D
2539 5034 2626 5089 ep.
2658 5018 2760 5082 vl,
2788 5024 2846 5073 et
2872 5019 3045 5074 altera
3078 5020 3145 5073 ad
3175 5020 3387 5077 archie-

303 5102 393 5153 cta
420 5098 586 5154 Glosa
613 5098 936 5163 walafridi,
977 5100 1160 5171 pergit
1199 5114 1327 5155 cum
1361 5115 1472 5153 una
1504 5097 1797 5168 Hildegar·
1888 5099 2180 5174 piscopum
2208 5100 2597 5159 Colonienscm
2626 5103 2960 5168 Arnoldum,
2990 5122 3073 5177 cp.
3102 5105 3206 5170 XI,
3243 5104 3381 5163 ibid.

302 5183 391 5238 dis
419 5184 655 5257 epistola
683 5186 750 5242 ad
778 5187 1087 5244 Arnoldum
1122 5186 1543 5258 moguntinum.
1583 5188 1791 5243 Patrol.
1886 5188 1991 5243 col.
2025 5190 2123 5244 104
2148 5187 2208 5251 C,
2240 5188 2301 5243 D.
