4036 6117
597 434 730 494 324
1747 452 1798 496 s.
1851 451 2404 500 menscARms

521 571 873 630 suetudine
922 570 1171 646 populi.
1226 570 1711 631 Discubuerunt
1755 590 1933 648 erqo,
1986 573 2186 632 iidem
2219 573 2617 633 ordinabant
2652 589 2722 631 se
2758 573 2824 632 in
2862 574 3186 649 Ecclesia,
3222 576 3376 650 viri,
3416 574 3480 635 id
3515 574 3655 635 est

520 675 1005 749 praecellentes
1043 674 1331 732 virtutes
1369 674 1433 731 in
1467 672 1851 735 hominibus
1888 675 2176 736 feliciter
2208 676 2697 751 praeordinatis
2731 673 2777 755 ¹)
2813 677 2894 737 ad
2923 678 3154 753 vitam,
3205 683 3394 757 quasi
3430 683 3663 758 quin-

521 802 644 861 que
678 784 923 852 millia,
953 781 1067 858 qui
1102 782 1170 840 in
1197 781 1489 857 quinque
1525 782 1839 842 sensibus
1874 782 2289 843 credentium
2327 784 2879 844 innumerabilem
2913 783 3386 844 abundantiam
3416 785 3653 844 bono-

524 905 672 948 rum
709 903 987 963 operum
1021 885 1389 962 proferunt.

614 993 880 1067 Accepit
931 1009 1081 1067 erqo
1122 1010 1334 1068 panes
1385 992 1601 1067 Jesus,
1654 994 1917 1052 scilicet
1950 1009 2103 1052 cum
2132 992 2354 1068 justos
2387 998 2483 1053 et*
2506 1001 2779 1054 sanctos
2815 994 3118 1054 homines
3155 995 3220 1053 in
3254 993 3661 1053 virtutibus·

524 1110 643 1169 per
694 1095 937 1169 legalia
986 1099 1343 1172 praecepta
1391 1097 1472 1156 ad
1522 1100 1813 1173 gratiam
1863 1114 2053 1157 suam
2105 1099 2455 1158 contraxit.
2508 1099 2593 1159 Et
2649 1118 2800 1160 cum
2844 1104 3094 1177 qratias
3144 1103 3398 1177 eqisset,
3452 1100 3649 1160 idem

523 1213 676 1256 cum
725 1215 844 1274 per
890 1200 1177 1273 gratiam
1219 1216 1410 1258 suam
1459 1201 1631 1260 dona
1681 1219 1802 1261 sua
1836 1202 2277 1275 ostendisset,
2329 1203 2666 1263 distribuit
2703 1202 3281 1278 discumbentibus,
3317 1220 3469 1263 cum
3502 1221 3644 1265 eos

528 1306 592 1363 in
628 1308 1003 1381 exemplum
1039 1306 1463 1366 credentibus
1499 1309 1681 1369 dedit
1723 1314 1789 1370 et
1822 1311 2195 1386 proposuit,
2238 1312 2346 1371 ubi
2384 1328 2458 1372 se
2508 1314 2573 1373 in
2622 1313 3002 1374 humilitate
3037 1328 3157 1389 pro
3208 1312 3458 1374 Christi
3507 1327 3648 1372 no·

526 1413 700 1471 mine
735 1415 929 1489 quasi
980 1414 1061 1473 ad
1113 1420 1363 1473 terram
1411 1422 1945 1490 prostraverunt.
2003 1420 2329 1480 Similiter
2379 1421 2446 1479 in
2495 1421 2934 1495 inspiratione
2985 1437 3130 1494 sua,
3183 1426 3244 1478 et
3293 1438 3379 1478 ea>
3420 1419 3645 1495 pisci-

524 1516 677 1591 bus,
730 1518 988 1576 scilicet
1042 1518 1309 1577 illorum
1358 1519 1471 1595 qui
1508 1520 1883 1595 angelicum
1933 1522 2256 1595 ordinem,
2309 1529 2383 1581 ut
2434 1523 2742 1582 monachi
2792 1530 2860 1582 et
2903 1524 3220 1597 virgineS,
3273 1521 3636 1593 adierunt,

525 1622 640 1696 qui
694 1622 873 1680 velut
921 1622 1285 1682 maximum
1334 1627 1710 1700 exemplum
1758 1630 2182 1701 contemptus
2230 1626 2460 1685 mundi
2510 1626 2818 1688 fidelibus
2867 1634 3045 1701 sunt,
3096 1634 3422 1705 quantum
3454 1626 3640 1683 vole-

525 1726 706 1795 bant,
743 1725 1055 1785 videlicet
1089 1734 1413 1801 quantum
1448 1730 1714 1804 quaerit
1747 1729 2157 1789 desiderium
2189 1730 2529 1789 Ecclesiae
2570 1731 2632 1788 in
2668 1716 2903 1791 sancta
2936 1731 3465 1790 conversatione.

620 1833 694 1893 Ut
743 1842 967 1894 autem
1014 1837 1277 1912 impleti
1325 1844 1483 1896 sunt
1533 1854 1764 1897 omnes
1801 1838 1866 1898 in
1914 1838 2215 1897 Ecclesia
2250 1854 2403 1897 cum
2452 1838 2801 1898 ordinibus
2837 1840 3015 1912 suiS,
3068 1840 3242 1898 dixit
3277 1837 3639 1914 discipulis

525 1944 661 2001 suis
692 1943 911 2018 JesuS,
964 1944 1080 2018 qui
1129 1959 1413 2018 capaces
1465 1943 1732 2004 fuerunt
1768 1961 1970 2003 sensu
2005 1947 2073 2005 et
2106 1945 2476 2014 intellectu,
2515 1952 2585 2003 ut
2627 1944 2938 2004 doctores
2971 1930 3443 2004 Ecclesiarumi
3485 1944 3637 2004 Col-

525 2046 739 2122 tique,
779 2046 842 2105 id
875 2052 981 2105 est
1024 2051 1369 2105 reservate
1402 2052 1468 2104 et
1505 2047 1815 2108 instruite
1852 2067 2017 2125 quae
2054 2056 2530 2125 superaverant
2563 2050 2966 2127 fragmenta,
3015 2050 3275 2109 scilicet
3306 2050 3422 2124 qui
3465 2050 3637 2107 sim-

522 2151 840 2226 pliciores
891 2152 957 2210 in
1004 2151 1307 2210 Ecclesia
1355 2157 1512 2210 sunt
1551 2158 1619 2210 et
1667 2153 2068 2228 simpliciter
2116 2153 2388 2225 vivunt,
2444 2152 2538 2212 ita
2572 2156 2646 2211 ut
2693 2159 2929 2229 putent
2961 2169 3266 2229 quaeque
3312 2170 3521 2227 parva
3552 2159 3631 2212 et

527 2259 797 2317 minima
848 2258 979 2317 sibi
1012 2258 1096 2317 ad
1145 2258 1434 2316 salutem
1470 2256 1803 2332 sufficere,
1840 2261 1907 2319 et
1942 2260 2008 2317 in
2044 2258 2169 2318 hoc
2203 2260 2388 2319 velut
2425 2258 2819 2334 fragmenta,
2862 2258 3327 2336 pusillanimes
3360 2263 3429 2317 et
3460 2273 3634 2334 qua-

525 2362 584 2420 si
621 2361 865 2436 abjecti
915 2360 1248 2435 videntur,
1286 2360 1403 2418 sed
1453 2377 1576 2419 vos
1612 2362 1922 2421 instruite
1970 2378 2088 2420 eos
2136 2362 2201 2420 in
2242 2363 2517 2422 lenitate
2552 2364 2933 2438 verborum,
2982 2382 3067 2422 ne
3096 2368 3377 2440 pereant
3412 2362 3480 2421 in
3511 2376 3633 2421 ne-

526 2468 846 2543 gligentia
880 2465 1263 2540 oblivioniS,
1316 2464 1433 2524 sed
1470 2465 1670 2525 facite
1707 2473 1779 2527 ut
1813 2468 1939 2543 ipsi
1975 2467 2269 2528 fructum
2302 2470 2689 2545 centuplum
2724 2469 3027 2529 afferant.

622 2575 1040 2650 Colleye-runt
1090 2590 1262 2649 erqo,
1302 2572 1368 2630 id
1414 2578 1522 2631 est
1567 2571 1876 2633 doctores
1916 2573 2123 2632 etiam
2158 2575 2620 2635 instruxerunt
2650 2575 2898 2635 divinis
2933 2573 3311 2649 praeceptis
3359 2587 3473 2632 eos
3504 2570 3625 2647 qui

427 2740 432 2743 ,
529 2680 595 2738 in
627 2678 928 2738 Ecclesia
975 2677 1372 2753 simpliciter
1408 2677 1475 2736 in
1521 2677 2075 2752 pusillanimitate
2106 2678 2526 2754 incedebant,
2573 2696 2697 2740 nec
2739 2696 2810 2739 se
2846 2679 2928 2739 ad
2963 2679 3209 2740 altiora
3241 2677 3475 2737 tollere
3507 2690 3631 2734 au-

526 2783 794 2855 debant,
846 2787 920 2840 ut
954 2780 1227 2857 quidam
1277 2781 1660 2840 saeculares
1694 2780 1810 2856 qui
1846 2781 2244 2855 simpliciter
2277 2784 2532 2857 vivunt,
2569 2789 2631 2842 et
2667 2783 3113 2860 impleverunt
3149 2781 3492 2841 duodecim
3522 2795 3630 2858 co-

521 2893 761 2970 phinos
807 2890 1359 2967 fraqmentorum,
1414 2888 1505 2947 ita
1553 2887 1731 2964 quod
1779 2886 2205 2963 perfecerunt
2236 2889 2738 2963 praedicatores
2787 2895 2854 2948 et
2894 2888 3102 2949 verba
3136 2887 3622 2965 apostolorum,

528 3017 679 3061 cum
711 3006 846 3060 tam
874 3000 1218 3075 simplices
1245 3016 1446 3076 quam
1472 2999 1961 3076 pusillanimes.
2000 2997 2197 3077 quasi
2236 2999 2633 3074 fragmenta,
2669 2999 2872 3060 etiam
2907 2997 2988 3058 ad
3023 2997 3220 3057 fldem
3256 2997 3438 3055 illam
3472 3008 3626 3070 per-

526 3109 878 3182 duxerunt,
910 3123 1107 3184 quam
1138 3106 1425 3182 apostoli
1451 3091 1839 3180 docuerant,
1872 3105 2004 3166 ubi.
2026 3103 2076 3185 ²)
2111 3126 2142 3166 α
2168 3108 2234 3166 in
2259 3121 2521 3165 omnem
2548 3110 2799 3163 terram
2824 3104 3033 3164 exivit
3066 3117 3270 3163 sonus
3301 3115 3553 3160 eorum.
3579 3117 3617 3155 ι

532 3215 635 3273 Ea:
662 3215 954 3290 quinque
978 3209 1265 3288 panibus
1297 3211 1696 3282 hordeaceiS,
1734 3210 1993 3269 scilicet
2026 3212 2139 3286 qui
2176 3212 2241 3270 in
2273 3210 2566 3285 quinque
2602 3209 2914 3272 sensibus
2943 3209 3086 3268 suis
3107 3205 3471 3283 justissimi
3503 3204 3626 3263 ho-

533 3321 744 3378 mines
770 3319 1163 3387 existenteS,
1195 3322 1450 3376 arctam
1477 3316 1653 3374 viam
1685 3315 1751 3373 in
1777 3314 2171 3374 hordeaceis
2198 3315 2480 3390 panibus
2507 3314 3037 3390 apprehendunt,
3080 3330 3248 3390 quae
3275 3311 3625 3389 superfue-

531 3431 690 3484 runt
720 3427 818 3484 his
843 3425 958 3500 qui
991 3422 1592 3489 manducaverant,
1629 3421 1723 3478 ita
1757 3419 1934 3495 quod
1969 3419 2083 3479 isti
2118 3421 2185 3478 in
2218 3419 2486 3478 saeculo
2521 3418 2845 3486 vivente8‚
2883 3418 3118 3476 timent
3153 3415 3354 3475 fortia
3387 3416 3454 3475 et
3486 3429 3625 3473 ma-

529 3531 677 3604 jora
725 3527 982 3588 cibaria
1007 3526 1186 3585 vitae
1214 3540 1367 3583 cum
1402 3523 1854 3583 sanctioribus
1900 3523 2306 3596 hominibuS‚
2343 3524 2457 3599 qui
2493 3524 2671 3583 viam
2708 3523 3174 3583 mandatorum
3205 3522 3324 3581 Dei
3359 3521 3623 3582 fortiter

533 3638 834 3706 currunt,
871 3630 1170 3705 aggredi,
1209 3628 1328 3688 sed
1363 3628 1820 3704 simplicitatis
1854 3644 2016 3688 suae
2051 3629 2368 3703 contenti,
2408 3630 2475 3687 in
2510 3629 2889 3689 humilitate
2922 3630 3132 3689 vitam
3165 3628 3437 3688 ducunt.

627 3735 741 3794 Illi
774 3750 924 3809 erqo
971 3733 1291 3806 homines,
1328 3732 1442 3807 qui
1495 3730 1837 3791 Christum
1872 3731 1939 3790 in
1985 3731 2111 3790 fide
2146 3746 2265 3806 per
2313 3731 2721 3806 baptismum
2755 3739 2824 3791 et
2855 3747 2974 3806 per
3008 3733 3254 3791 multas
3287 3731 3457 3790 alias
3489 3729 3621 3790 vir-

539 3846 719 3900 tutes
769 3840 831 3898 in
881 3838 1181 3897 Ecclesia
1217 3837 1473 3911 colunt,
1526 3856 1676 3897 cum
1710 3838 2026 3898 vidissent
2063 3836 2127 3894 in
2163 3835 2339 3895 bona
2387 3835 2693 3910 scientia,
2732 3837 2799 3895 in
2845 3836 3018 3896 bono
3053 3836 3395 3896 intellectu
3444 3834 3623 3894 acin

535 3944 707 4003 bono
755 3949 958 4018 gustu
991 3941 1364 4000 dulcedinis
1412 3941 1762 4017 virtutum,
1798 3942 1968 4019 quod
1999 3942 2249 4017 fecerat
2286 3939 2478 4000 Jesus
2529 3939 2594 3998 in
2628 3940 3065 4015 humanitate,
3103 3941 3170 3999 in
3201 3939 3511 4017 passione
3542 3954 3623 3999 ac

538 4048 605 4106 in
637 4047 831 4106 donis
880 4045 1168 4122 Spiritus
1202 4043 1454 4115 Sancti,
1490 4047 1752 4122 siqnum
1776 4060 1896 4120 per
1921 4044 2345 4120 prophetiam
2378 4050 2446 4103 et
2475 4044 2931 4120 Evangelium,
2967 4045 3151 4104 velut
3182 4045 3265 4105 de
3290 4044 3625 4121 exposito-

487 4179 508 4204 s
539 4155 751 4229 ribuS,
800 4153 1099 4213 dicebant
1150 4159 1383 4228 aperta
1418 4167 1579 4211 voce
1617 4152 1682 4211 in
1730 4152 2042 4212 laudibus
2092 4152 2542 4213 credulitatis:
2598 4154 2767 4226 Quia
2813 4154 2919 4213 hic
2951 4158 3045 4212 est
3080 4171 3230 4212 vere
3272 4155 3617 4229 propheta,

537 4260 652 4335 qui
687 4259 919 4318 omnes
968 4257 1334 4333 prophetas
1370 4256 1436 4314 in
1485 4256 1847 4332 semetipso
1882 4255 2265 4331 complevit,
2317 4257 2432 4332 qui
2465 4262 2786 4315 venturus
2834 4260 2929 4314 est
2964 4253 3370 4331 proficiendo
3404 4255 3471 4314 in
3502 4255 3623 4313 mi-

540 4363 790 4423 raculis
818 4361 982 4435 suiS,
1015 4362 1079 4420 in
1106 4360 1516 4436 plenitudine
1550 4360 1892 4435 temporiS,
1921 4361 1992 4418 in
2025 4358 2377 4433 mundum,
2408 4364 2479 4417 ut
2505 4359 2726 4420 omnia
2751 4375 2956 4435 opera
2991 4359 3225 4436 ipsiuS,
3262 4375 3434 4435 quae
3467 4364 3620 4419 ante

539 4471 748 4530 multa
798 4474 1099 4542 tempora
1134 4468 1476 4543 praedicta
1510 4473 1664 4526 sunt
1700 4465 1949 4539 futura,
1989 4465 2451 4540 implerentur,
2489 4481 2659 4540 quae
2692 4465 2990 4543 patrabit
3021 4479 3236 4542 usque
3270 4462 3351 4523 ad
3398 4463 3622 4523 novis·

541 4580 783 4639 simum
819 4578 1017 4650 diem,
1055 4593 1206 4635 cum
1244 4575 1526 4634 mundus
1566 4575 1629 4633 in
1665 4589 1868 4632 cursu
1902 4589 2024 4632 suo
2061 4571 2523 4646 complebitur.

613 4781 653 4846 ¹)
681 4781 887 4844 Codex,
915 4780 1151 4834 not'ante
1181 4776 1413 4832 librario
1442 4792 1588 4839 mec,
1617 4776 1786 4831 habet
1806 4776 2173 4849 perordinati.
2206 4805 2271 4814 —
2298 4776 2342 4840 2)
2372 4773 2459 4828 vs.
2493 4772 2709 4837 xvul,
2739 4777 2789 4828 3.

1899 6102 2133 6117 -οο-Αροὶν
2198 6099 2329 6110 r-r
