4036 6117
713 475 802 543 ’74
1871 501 1923 544 S.
1985 498 2525 546 unni-:GARnls

641 619 1023 692 nifestatur,
1075 620 1251 697 quod
1300 619 1476 679 Deus
1514 621 1577 679 in
1627 621 1836 681 veteri
1870 621 2041 696 Lege
2091 621 2405 681 duritiam
2444 621 2825 682 hominibus
2862 622 3233 698 proposuit,
3271 622 3429 699 quia
3473 615 3553 682 ad
3589 629 3741 682 eum

645 724 964 783 duritiam
995 726 1062 783 et
1095 741 1226 783 non
1259 724 1608 784 mollitiem
1640 725 1997 798 habebant,
2029 741 2180 783 cum
2209 732 2442 800 postea
2473 726 2535 783 in
2565 741 2735 784 nova
2762 726 2931 800 Lege
2958 727 3258 787 emollita
3283 726 3488 786 corda
3513 741 3747 786 eorum

641 829 868 888 divina
902 830 1108 890 verba
1141 830 1584 904 perciperent.

2046 1037 2323 1100 XXVIII.

883 1238 958 1305 Ῐη
1003 1247 1466 1306 [πεανηαὶὶοπε
1499 1246 1767 1305 nullum
1801 1248 2281 1306 detrimentum
2316 1247 2529 1307 Filius
2569 1247 2687 1306 Dei
2723 1248 2951 1323 sensit,
2987 1248 3101 1324 qui
3137 1250 3203 1306 in
3239 1234 3532 1306 mundis

1889 1351 2186 1411 cordibus
2220 1351 2488 1412 habitat.

728 1558 835 1617 37.
885 1559 956 1618 In
994 1560 1163 1619 libro
1199 1574 1466 1635 quoque
1500 1558 1772 1619 dextrae
1809 1559 1953 1619 alae
1988 1560 2195 1620 etiam
2227 1559 2399 1620 duae
2433 1561 2716 1637 paginae
2749 1568 2926 1635 sunt,
2963 1560 3280 1637 quoniam
3316 1558 3743 1618 rationalitas

651 1659 716 1718 in
765 1675 936 1719 novo
987 1662 1435 1735 Testamento,
1486 1662 1970 1739 protectionem
2021 1678 2349 1738 supernae
2383 1663 2821 1722 beatitudinis
2858 1662 3130 1736 habens,
3169 1662 3235 1721 in
3266 1660 3434 1720 duas
3467 1660 3743 1719 demon-

647 1765 1010 1825 strationes
1045 1781 1114 1824 se
1150 1765 1505 1840 convertit,
1558 1766 1673 1826 ubi
1707 1783 1912 1826 unum
1951 1766 2306 1826 Dominum
2354 1766 2564 1827 Deum
2596 1775 2663 1826 et
2696 1766 3035 1827 hominem
3064 1762 3111 1845 ¹)
3149 1768 3216 1827 in
3248 1766 3415 1826 Filio
3450 1765 3570 1825 Dei
3600 1781 3740 1825 ma-

635 1867 927 1931 nifestat.
977 1871 1057 1929 Et
1108 1885 1237 1930 una
1278 1870 1606 1946 saphirini
1638 1873 1706 1930 et
1738 1886 1868 1930 una
1902 1870 2090 1930 aurei
2123 1872 2370 1931 coloris
2404 1878 2532 1944 est,
2568 1872 2727 1948 quia
2760 1871 3139 1947 virginitaS,
3179 1873 3252 1930 ut
3284 1869 3626 1945 saphirus,
3665 1870 3734 1928 in

640 1972 909 2034 Christo
959 1973 1396 2049 resplenduit,
1447 1989 1599 2034 cum
1645 1974 1792 2050 ipse
1839 1990 1921 2034 ex
1967 1975 2286 2050 virginali
2333 1981 2575 2036 natura
2622 1982 2846 2051 natuS,
2897 1976 3280 2035 castitatem
3328 1975 3586 2049 docuit,
3639 1976 3734 2037 ita

631 2077 806 2154 quod
840 2093 1071 2138 omnes
1103 2080 1219 2154 qui
1252 2094 1406 2168 eum
1438 2078 1690 2138 imitari
1724 2078 1980 2152 volunt,
2017 2079 2400 2140 castitatem
2433 2079 2735 2155 diligant.
2769 2079 2953 2140 Unde
2984 2079 3190 2138 etiam
3221 2093 3468 2138 aureus
3505 2059 3743 2154 fulgor

638 2180 705 2237 in
749 2195 829 2240 eo
879 2181 978 2240 sic
1026 2180 1324 2256 effulget,
1365 2197 1519 2241 cum
1553 2181 1782 2240 fideles
1819 2182 2040 2257 ipsum
2076 2198 2309 2242 verum
2341 2182 2550 2242 Deum
2582 2199 2662 2242 ex
2695 2181 2829 2242 Deo
2863 2182 3062 2241 Patre
3095 2182 3394 2257 genitum
3426 2180 3732 2255 credunt,

628 2288 741 2361 qui
792 2287 1017 2347 omnia
1065 2303 1218 2346 cum
1265 2287 1463 2346 Patre
1496 2285 1810 2346 condidit.
1847 2287 1921 2345 In
1952 2286 2283 2363 principio
2315 2288 2494 2346 enim
2527 2289 2992 2347 creaturarum
3025 2286 3237 2345 Filius
3268 2285 3387 2344 Dei
3425 2285 3491 2344 in
3520 2284 3734 2360 pleni-

630 2388 858 2450 tudine
907 2407 1030 2450 sua
1062 2395 1231 2464 erat,
1273 2397 1347 2449 ut
1389 2395 1541 2449 ante
1573 2404 1814 2449 aevum
1851 2388 1998 2465 fuit,
2036 2407 2157 2449 nec
2191 2390 2400 2450 ullum
2432 2391 2769 2451 defectum
2808 2391 3153 2464 sustinuit,
3190 2404 3343 2449 cum
3375 2395 3730 2450 creaturas

633 2493 904 2566 prodire
955 2492 1135 2568 fecit,
1186 2494 1502 2569 quoniam
1544 2494 1659 2568 qui
1712 2492 1932 2553 sactus
1961 2509 2095 2553 non
2127 2501 2255 2569 est,
2299 2496 2523 2554 omnia
2558 2494 2735 2554 fecit.
2783 2495 2917 2554 Nec
2954 2495 3341 2555 incarnatus
3373 2494 3587 2554 ullum
3617 2493 3732 2555 de-

637 2595 1026 2657 trimentum
1077 2597 1464 2657 Divinitatis
1515 2597 1743 2656 sensit.
1795 2597 1982 2668 Quod
2014 2599 2218 2658 etiam
2254 2599 2321 2658 in
2351 2600 2594 2674 pagina
2630 2597 2954 2674 saphirini
2989 2599 3235 2658 coloris
3270 2598 3599 2674 scriptum
3630 2599 3732 2656 vi-

626 2700 768 2777 des,
820 2701 979 2777 quia
1027 2704 1210 2761 certa
1260 2699 1798 2760 manifestatione
1831 2702 2035 2776 Virgo
2076 2718 2319 2776 purum
2356 2703 2692 2763 hominem
2727 2703 2793 2761 in
2839 2718 3007 2778 pura
3047 2701 3436 2777 virginitate
3468 2701 3723 2775 genuit,

628 2821 781 2867 cum
828 2807 1118 2866 Verbum
1168 2822 1362 2865 suum
1413 2805 1608 2865 suavi
1657 2806 1977 2865 missione
2010 2805 2399 2866 Dominator
2431 2813 2824 2867 cunctorum
2874 2805 3302 2866 credentibus
3334 2804 3722 2865 destinavit.

629 2909 812 2980 Quod
853 2916 1073 2969 tamen
1107 2910 1477 2984 permansit
1524 2910 1590 2968 in
1625 2910 1785 2984 illis,
1824 2910 1941 2985 qui
1973 2910 2184 2970 Deum
2218 2927 2386 2984 puro
2430 2910 2632 2970 corde
2668 2911 3000 2986 inspicere
3034 2909 3459 2969 contendunt:
3495 2914 3564 2967 et
3597 2908 3726 2968 hoc

625 3029 889 3092 quoque
940 3015 1005 3074 in
1053 3015 1295 3091 pagina
1336 3016 1523 3074 aurei
1558 3015 1809 3076 coloris
1844 3015 2167 3091 scripturn
2204 3021 2332 3091 est,
2370 3016 2686 3092 quoniam
2720 3022 2954 3093 aperta
2988 3016 3375 3077 ostensione
3410 3031 3488 3075 ac
3521 3017 3729 3092 pluri-

619 3137 880 3181 morum
932 3121 1413 3181 miraculorum
1448 3120 1773 3196 prodigiis
1807 3120 2015 3179 Filius
2051 3120 2278 3179 mundi
2311 3121 2379 3179 in
2414 3121 2659 3180 mundo
2694 3137 3047 3198 apparens,
3085 3137 3157 3181 se
3187 3120 3589 3196 principium
3622 3135 3730 3179 es·-

623 3242 719 3299 se,
749 3235 816 3286 et
841 3227 1082 3286 Filium
1116 3224 1229 3284 Dei
1267 3225 1534 3285 venisse
1568 3224 1961 3298 declaravit,
1994 3225 2251 3283 scilicet
2286 3226 2688 3300 principium
2726 3226 2888 3285 illud
2914 3225 3090 3302 quod
3118 3241 3349 3286 omnes
3375 3230 3725 3284 creaturas

624 3329 959 3405 produxit,
995 3331 1059 3386 et
1093 3327 1267 3403 quod
1304 3327 1540 3386 deinde
1575 3342 1652 3385 ex
1686 3326 1941 3384 eisdem
1975 3328 2308 3385 creaturis
2343 3328 2680 3399 Virginem
2718 3328 2782 3387 in
2817 3330 3099 3389 matrem
3135 3328 3261 3386 sibi
3295 3328 3519 3401 elegit.

2008 3528 2336 3597 XXVIIII.

1115 3742 1508 3819 Prophetiae
1558 3744 1636 3800 de
1697 3744 2168 3802 incarnatione
2226 3744 2464 3803 Christi
2515 3746 2733 3804 clarae
2785 3752 2846 3805 et
2898 3745 3241 3806 candidae.

711 3954 818 4013 38.
866 3952 993 4012 Sed
1026 3952 1201 4027 quod
1241 3951 1433 4023 liber,
1470 3950 1583 4026 qui
1621 3951 1682 4008 in
1719 3950 1823 4009 ala
1855 3950 2042 4010 dorsi
2076 3951 2378 4026 ejusdem
2415 3953 2571 4023 viri,
2607 3960 2675 4012 et
2707 3970 3083 4014 marmoreo
3116 3957 3184 4014 et
3217 3956 3476 4032 integro
3511 3956 3718 4035 lapidi

621 4058 886 4119 candidi
934 4057 1184 4117 coloris
1233 4055 1674 4128 assimilatur,
1726 4054 1852 4114 hoc
1884 4061 1987 4114 est
2038 4056 2214 4130 quod
2263 4056 2683 4116 rationalitas
2731 4059 2796 4118 in
2846 4059 3261 4135 protectione
3309 4059 3721 4122 fortitudinis

616 4162 1030 4239 prophetiae,
1058 4176 1230 4237 quae
1259 4160 1601 4220 Christum
1630 4158 1927 4218 futurum
1962 4158 2430 4235 prophetabat,
2459 4176 2755 4237 manens,
2793 4163 3319 4224 incarnationem
3353 4165 3498 4242 ejus
3530 4168 3719 4227 velut

622 4268 688 4325 in
722 4266 957 4327 umbra
1005 4264 1364 4339 praevidit;
1400 4265 1717 4340 quoniam
1767 4263 1882 4340 qui
1914 4264 2191 4323 dorsum
2225 4264 2512 4341 alicujus
2560 4266 2768 4343 videt,
2807 4267 3043 4330 faciem
3093 4269 3241 4347 ejus
3272 4272 3561 4333 nondum
3602 4289 3720 4335 no-

619 4368 738 4439 vit,
775 4368 890 4429 sed
925 4384 1095 4444 quae
1147 4366 1353 4426 facies
1390 4368 1572 4426 illius
1621 4367 1728 4441 sit,
1766 4366 2072 4440 miratur3
2125 4367 2222 4427 sic
2254 4374 2321 4427 et
2352 4368 2718 4444 prophetae
2761 4371 3006 4431 Filium
3036 4372 3151 4433 Dei
3202 4374 3715 4450 prophetabant,

620 4471 737 4528 sed
771 4485 922 4529 eum
975 4470 1039 4529 in
1073 4484 1274 4528 carne
1308 4469 1598 4529 nondum
1633 4470 1950 4529 sciebant.
1985 4469 2169 4530 Unde
2202 4470 2405 4530 etiam
2439 4472 2767 4547 quaedam
2800 4474 3074 4550 duritia,
3116 4476 3303 4537 velut
3338 4493 3717 4539 marmorea

617 4575 946 4649 soliditas,
986 4574 1052 4633 in
1086 4573 1185 4633 eis
1221 4572 1369 4647 fuit,
1405 4573 1563 4649 quia
1597 4573 1848 4650 Spiritu
1880 4573 2122 4633 Sancto
2158 4574 2438 4651 perfusi,
2475 4576 2641 4636 nulli
2676 4577 3142 4654 adulabantur,
3191 4580 3309 4640 sed
3341 4580 3411 4640 in
3447 4580 3719 4657 integri·-

612 4684 750 4741 tate
782 4680 1089 4740 veritatis
1124 4678 1584 4754 perstiterunt,
1613 4694 1733 4737 nec
1767 4694 1839 4738 se
1874 4678 2023 4753 hac,
2060 4695 2181 4737 nec
2216 4680 2369 4739 illac
2401 4680 2469 4740 in
2503 4681 2729 4742 verbis
2764 4682 2907 4742 suis
2941 4682 3356 4757 scindebant;
3392 4684 3715 4760 quoniam

613 4786 702 4844 de
745 4786 927 4844 nullo
975 4784 1106 4843 alio
1157 4786 1559 4857 acceperunt
1590 4782 1766 4858 quod
1815 4783 2146 4857 dixerunt,
2182 4799 2381 4860 quam
2416 4785 2498 4845 de
2532 4785 2648 4845 illo
2683 4788 2796 4862 qui
2848 4790 3032 4849 totus
3069 4789 3326 4864 integer
3371 4789 3549 4849 Deus
3582 4796 3712 4851 est.

613 4891 693 4949 Et
727 4889 852 4948 hoc
886 4888 1079 4949 modo
1115 4887 1358 4962 lapidei
1394 4892 1610 4960 erant,
1647 4888 1806 4961 quia
1841 4888 1908 4945 in
1941 4888 2163 4963 rigore
2199 4904 2320 4947 suo
2345 4890 2810 4964 perstiterunt,
2844 4907 2967 4951 nec
3003 4892 3120 4950 ulli
3148 4891 3495 4952 cedebant:
3532 4893 3715 4968 quod

611 5000 834 5054 tamen
885 4994 949 5053 in
983 4991 1272 5051 candore
1322 4991 1776 5065 simplicitatis
1831 4991 2182 5065 faciebant,
2235 4993 2549 5068 quoniam
2582 4993 2748 5053 nihil
2784 4995 2962 5054 aliud
3014 4995 3461 5072 loquebantur
3508 5011 3716 5071 quarn

685 5161 727 5227 ί)
754 5162 992 5214 homines
1020 5156 1090 5213 W
1116 5173 1303 5211 errore
1333 5155 1630 5228 stupendo,
1662 5172 1762 5227 pro
1789 5156 1957 5211 solita
1984 5157 2313 5227 plerumque
2340 5157 2635 5229 scriptoris
2660 5158 2989 5227 diligentia.
3036 5219 3041 5224 ,
