4036 6117
1476 508 1659 555 VITA
1724 507 1775 556 S.
1839 510 2187 557 RUPERTI

353 661 409 716 p.
439 643 564 698 442
589 645 650 698 in
672 650 814 699 eant.
855 641 976 699 1⁷11.
1010 658 1155 712 unge
1196 645 1321 697 tuos
1350 639 1418 696 de
1456 639 1791 695 vulneribus

287 731 404 786 suis
435 735 624 794 (siel...
655 732 722 786 In
741 738 881 786 cant.
922 730 1012 786 VJ.
1045 745 1236 784 omnes
1258 731 1545 783 creaturae
1574 731 1793 780 creatae

288 823 442 879 sunt;
474 833 645 877 nunc.
676 817 861 877 Pater,
894 823 986 872 etc.
1018 823 1078 871 ut
1102 834 1155 888 p.
1187 814 1333 876 361,
1361 815 1460 869 lin.
1501 815 1595 872 15,
1633 813 1724 866 16.

3184 477 3313 554 493

2024 641 2123 695 lin.
2173 641 2264 695 19.
2308 639 2548 696 Currite.
2591 637 2697 695 Sed
2735 642 2888 694 aetas
2935 635 3222 705 virginum
3262 639 3371 691 etc.

1881 723 1976 779 Ex
2000 729 2212 798 inteqro
2236 730 2297 780 in
2320 728 2434 781 cod.
2467 725 2568 796 sol.
2606 725 3010 792 160.„recurrit
3034 723 3181 794 quod
3208 737 3380 792 supra

1873 826 1931 880 p.
1975 811 2100 864 354
2136 828 2205 865 ex
2239 812 2352 866 cod.
2403 809 2739 864 Wisbadensi
2769 809 3058 880 prooemiis
3101 807 3177 861 ad
3211 809 3382 860 vitam

430 903 573 957 Ibid.
620 902 718 956 lin.
770 904 861 957 16.
905 903 1153 956 clamans
1188 898 1339 970 quod
1378 895 1783 970 poenitentiam
1878 895 1934 950 S.
1971 894 2197 967 Ruperti
2221 897 2477 949 dedimus.
2512 910 2606 949 nec
2628 911 2758 949 sane
2783 894 2953 967 liquet
2982 896 3108 965 quis
3134 893 3279 948 locus
3307 893 3380 947 sit

287 986 356 1042 de
384 987 616 1043 maliS...

356 1091 410 1146 p.
443 1075 584 1129 362.
618 1076 718 1128 lin.
751 1076 807 1128 7.
841 1073 906 1126 ad
937 1065 1267 1140 erigendum
1300 1086 1461 1124 ρος...

431 1161 532 1215 lin.
575 1161 636 1221 9.
686 1163 777 1215 11.
821 1158 1102 1214 Canticor.
1137 1173 1191 1211 n.
1227 1154 1401 1216 Lvn,
1431 1153 1546 1208 Lv.
1581 1153 1710 1207 Cod.
1746 1150 1784 1206 s.

294 1247 412 1299 ¹57.

355 1347 410 1401 p.
443 1330 566 1382 457
605 1331 704 1384 lin.
753 1333 814 1384 8.
847 1332 905 1384 in
943 1335 1084 1384 cant.
1122 1325 1237 1381 LV.
1283 1324 1356 1380 Et
1387 1330 1442 1378 te
1484 1323 1655 1378 verbo
1694 1338 1794 1376 suo

285 1429 511 1469 auream
544 1414 902 1470 materiam...
936 1412 1090 1468 fecit.

356 1519 412 1572 p.
446 1504 571 1555 362
600 1503 698 1556 lin.
731 1504 832 1558 26.
862 1500 1298 1556 aemulationem
1327 1498 1554 1552 doleo...

439 1586 539 1642 lin.
572 1590 673 1641 32.
706 1586 773 1640 ad
807 1592 858 1642 te
891 1586 949 1642 in
980 1586 1087 1641 fide
1115 1588 1522 1657 aspexerunt...

430 1674 534 1727 lin.
567 1673 671 1735 33,
698 1677 797 1729 34.
829 1673 878 1729 O
907 1679 965 1728 tu
998 1672 1214 1743 igniS...
1249 1677 1398 1727 cant.
1433 1669 1552 1725 LII.

434 1757 534 1812 lin.
567 1761 666 1814 36.
699 1759 883 1821 Cant..
914 1759 1064 1815 LllI.

357 1860 413 1914 p.
457 1844 580 1898 450
607 1847 667 1897 in
689 1850 830 1899 cant.
876 1844 992 1899 LII
1014 1845 1114 1899 lin.
1145 1845 1203 1898 8.
1239 1843 1369 1897 Post
1401 1840 1658 1896 omnium
1688 1859 1788 1896 om.

288 1931 609 1999 interposita
639 1946 808 2001 usque
833 1931 909 1984 ad
930 1944 1072 1999 quos
1099 1928 1290 1982 divina
1321 1927 1429 1982 via.

433 2015 532 2069 lin.
576 2017 664 2069 12.
695 2013 846 2083 quod
875 2013 1252 2084 penetrasti...

433 2100 533 2155 lin.
573 2102 664 2155 13.
695 2113 888 2153 omnes
909 2098 1064 2168 juste
1094 2096 1452 2169 componis...

359 2200 414 2255 p.
445 2185 573 2239 363
610 2186 708 2240 lin.
746 2187 796 2240 1.
828 2184 1044 2252 nullam
1071 2190 1287 2254 partem
1321 2182 1495 2238 ullius
1524 2179 1789 2238 fuscatio-

294 2269 384 2324 nis
412 2270 719 2326 habente...

433 2357 532 2411 lin.
563 2358 620 2410 4.
651 2354 749 2424 qui
778 2354 997 2410 cadit...

436 2445 535 2500 lin.
569 2444 668 2498 34.
703 2442 892 2496 fideles
922 2456 1117 2496 suos...
1147 2442 1262 2495 cod.
1292 2440 1391 2512 fol.
1429 2440 1562 2495 158.

358 2547 416 2602 p.
445 2530 570 2584 364
597 2530 698 2583 lin.
727 2530 784 2582 4.
828 2525 1062 2580 omnino
1089 2524 1171 2581 sic
1201 2525 1518 2579 tabesceS...

435 2618 536 2672 lin.
574 2619 666 2671 12.
693 2615 828 2669 haec
852 2611 1144 2668 abstulisti
1174 2610 1235 2666 in
1261 2609 1438 2665 forma
1464 2607 1677 2680 primae
1703 2624 1788 2663 co·

297 2705 432 2755 stae.

439 2785 539 2839 lin.
578 2787 671 2840 18.
702 2784 860 2840 Cant.
894 2783 1035 2839 LVI.

436 2872 536 2926 lin.
557 2874 660 2934 20,
676 2875 774 2928 21.
796 2870 845 2926 O
867 2871 1043 2939 Virgo
1066 2868 1435 2925 mediatrix...
1462 2868 1620 2924 Cant.
1647 2867 1788 2923 LIV.

328 2976 384 3029 p.
414 2961 534 3012 452
561 2962 619 3014 in
644 2964 784 3013 cant.
820 2955 966 3013 LVI.
1000 2958 1101 3014 lin.
1138 2960 1189 3012 1.
1218 2956 1352 3027 quia
1381 2957 1598 3011 calor...
1700 3025 1703 3029 Δ

401 3045 500 3100 lin.
532 3045 588 3101 9.
620 3042 887 3113 gaudium
919 3060 991 3098 m.
1024 3043 1455 3115 epulantibus...

360 3149 420 3203 p.
453 3134 578 3186 443
616 3135 675 3185 in
700 3137 839 3186 cant.
882 3129 1073 3193 XVII,
1101 3129 1200 3186 lin.
1232 3133 1290 3185 3.
1332 3143 1500 3200 quem
1539 3127 1799 3199 implevit

302 3216 553 3287 Spiritus
580 3215 701 3271 Dei.

363 3319 422 3373 p.
454 3304 599 3363 365.
630 3303 728 3357 lin.
767 3304 858 3356 11.
892 3304 1142 3354 montem
1173 3299 1512 3356 turritum...

444 3389 545 3443 lin.
584 3390 674 3442 14.
707 3385 914 3442 velocis
940 3384 1266 3441 criminis...

443 3473 542 3528 lin.
574 3475 672 3528 24.
704 3472 803 3527 ubi
833 3472 991 3541 ligati
1025 3478 1251 3528 erant...

446 3559 545 3614 lin.
577 3562 674 3615 27.
712 3565 939 3630 propter
965 3557 1218 3630 proprias
1248 3573 1444 3613 causas
1473 3563 1708 3620 vestrm,
1737 3564 1800 3613 ut

303 3661 417 3702 non
458 3645 738 3701 deficiatis
788 3651 1012 3717 propter
1057 3645 1311 3700 fallacem
1365 3650 1685 3715 tyrannum.
1728 3645 1800 3699 Et

305 3733 523 3789 inter...
563 3738 679 3804 post
704 3732 951 3786 ultimam
988 3732 1087 3785 lin.
1117 3749 1170 3801 p.
1202 3733 1326 3785 365
1359 3732 1525 3785 codem
1572 3727 1793 3785 Vindob.

304 3821 475 3874 Addit
504 3823 565 3873 in
586 3818 685 3890 fol.
718 3817 834 3871 159
853 3817 951 3871 eol.
985 3818 1034 3870 1.
1061 3816 1200 3870 Nam
1225 3814 1283 3870 in
1306 3814 1585 3886 principio
1606 3829 1800 3869 omnes

303 3910 659 3960 creaturae...
696 3921 861 3976 usque
885 3905 960 3958 ad
985 3916 1214 3957 manum
1253 3901 1528 3971 porrigat.
1559 3906 1668 3957 etc.
1698 3920 1804 3956 om-

299 3993 436 4044 nino
459 3994 522 4043 ut
546 4006 715 4061 supra
741 4007 794 4061 p.
826 3991 968 4044 465.

449 4076 591 4131 [bia.
628 4077 728 4130 lin.
762 4078 818 4130 4.
849 4074 997 4145 quod
1026 4089 1124 4143 per
1155 4071 1487 4128 convivia...

450 4163 550 4217 lin.
581 4168 638 4216 5.
674 4177 771 4231 per
797 4157 1199 4215 contritionem
1227 4157 1503 4214 mentis...

453 4250 534 4303 lin
558 4251 616 4302 8.
651 4260 818 4316 super
848 4245 1001 4300 illam
1034 4240 1303 4299 afferatis.
1339 4287 1352 4300 .

452 4334 550 4389 lin.
591 4335 681 4387 12.
714 4333 848 4402 quia
878 4349 990 4387 non
1020 4331 1077 4386 in
1108 4332 1405 4388 bortum...

454 4419 554 4475 lin.
591 4421 683 4475 17.
722 4435 818 4490 per
848 4417 1225 4487 ingluviem...

375 4522 436 4576 p.
467 4506 613 4567 367,
640 4504 740 4558 lin.
773 4508 870 4557 22.
910 4518 1003 4556 vos
1034 4501 1358 4573 coaptavi...

456 4592 555 4646 lin.
585 4593 684 4645 30.
717 4588 1117 4660 pinguedinem
1147 4593 1572 4660 peecatorum...

457 4678 555 4732 lin.
591 4678 691 4731 31.
723 4673 1174 4744 desponsationis
1206 4689 1424 4729 meae...

454 4765 554 4819 lin.
585 4764 689 4825 34,
716 4764 815 4815 35.
852 4759 929 4813 ita
956 4759 1170 4829 quod...
1206 4759 1414 4814 vidit...
1454 4758 1697 4816 sensit...

380 4869 436 4922 p.
469 4852 616 4912 368,
645 4850 744 4903 lin.
778 4850 835 4902 7.
869 4845 1026 4899 Nunc
1052 4859 1202 4912 ergo,
1230 4861 1262 4899 o
1291 4845 1441 4901 tiliae
1469 4860 1645 4909 meae,
1682 4851 1812 4901 ante

313 4936 700 4992 cincturam...

456 5023 555 5077 lin.
585 5025 643 5076 8.
673 5020 747 5075 Et
773 5018 873 5089 qui
906 5023 1115 5073 vestem
1143 5032 1323 5073 meam
1352 5017 1620 5076 divisit...

457 5108 555 5162 lin.
589 5108 650 5170 9,
685 5108 778 5160 10.
810 5102 1051 5171 Surgite.
1084 5101 1134 5157 Ο
1163 5118 1259 5157 vae
1284 5104 1508 5173 genti...

458 5194 558 5249 lin.
601 5195 691 5247 14.
724 5190 871 5261 Agni
900 5189 1287 5246 abstersisti...

1872 989 2246 1056 opportunior.
2298 983 2404 1039 Sed
2446 984 2721 1042 notandae
2762 985 3076 1039 varietates:

1944 1087 2002 1141 p.
2035 1074 2159 1125 355
2180 1071 2278 1125 Ιὶπ.
2305 1072 2362 1125 4.
2393 1086 2506 1139 quo
2536 1069 2686 1124 istud
2716 1069 2999 1139 prolatum
3030 1063 3209 1120 suit...

2024 1156 2121 1209 lin.
2181 1159 2235 1209 7.
2344 1155 2449 1210 uod
2505 1155 2561 1209 in
2605 1153 2869 1209 omnibus
2916 1148 3377 1208 ordinationibus

1879 1225 1998 1280 suis
2031 1228 2221 1280 nullus
2246 1225 2313 1280 de
2341 1232 2499 1281 ectus
2526 1224 2668 1282 sit...

2026 1312 2125 1366 lin.
2165 1315 2256 1366 11.
2295 1311 2353 1366 in
2387 1311 2743 1367 tenebrosum
2772 1311 3025 1366 lacum...

2027 1397 2125 1453 lin.
2163 1400 2255 1452 16.
2289 1397 2367 1451 ita
2397 1397 2548 1467 quod
2573 1395 2758 1451 omnis
2780 1393 3077 1465 justitia...

2028 1482 2131 1538 lin.
2176 1484 2264 1536 18.
2298 1479 2603 1537 saciens⁶ut
2629 1483 2782 1537 aliud
2815 1488 3102 1552 tempus..

2025 1569 2124 1623 lin.
2158 1571 2256 1623 24.
2289 1570 2555 1640 populum
2586 1569 2991 1624 charitatem...

2028 1654 2127 1708 lin.
2160 1656 2257 1709 26.
2292 1654 2461 1722 rigori
2499 1652 2945 1708 conversationis
2980 1668 3112 1708 suae
3158 1650 3381 1708 inflexi-

1883 1739 2081 1795 biliter
2111 1739 2401 1795 instantes,
2430 1739 2610 1794 Primi
2638 1739 2789 1793 enim
2821 1738 3042 1794 velut...

2029 1830 2128 1883 lin.
2161 1829 2258 1882 29.
2290 1843 2353 1882 ac
2382 1826 2438 1881 in
2468 1826 2750 1883 lumine...

2027 1915 2125 1970 lin.
2158 1917 2257 1968 30.
2290 1912 2347 1967 in
2376 1928 2562 1966 amore
2591 1911 2689 1966 Dei
2717 1911 3057 1966 ardebant...

2028 2002 2126 2055 lin.
2159 2003 2258 2055 31.
2294 1999 2351 2053 in
2380 1999 2586 2071 populo
2614 2003 2801 2052 erat...

2025 2087 2125 2140 lin.
2155 2088 2256 2140 32.
2289 2089 2426 2139 tunc
2450 2098 2543 2138 eos
2570 2081 2805 2153 populos
2830 2079 3000 2135 multi
3027 2080 3251 2136 velut...

2023 2173 2124 2227 lin.
2156 2174 2254 2227 34.
2300 2170 2360 2225 in
2385 2169 2663 2226 charitate
2700 2166 2768 2221 ad
2798 2168 3070 2239 populum
3107 2165 3380 2220 dilatave-

1881 2259 2083 2312 runt...

2025 2346 2124 2399 lin.
2157 2345 2257 2398 36.
2293 2342 2438 2397 unde
2464 2346 2520 2396 et
2546 2340 2619 2395 ab
2645 2340 2976 2395 omnibus...

1946 2448 2002 2502 p.
2034 2433 2181 2492 356,
2208 2430 2307 2484 lin.
2339 2431 2398 2483 3.
2429 2442 2596 2498 super
2626 2425 2810 2494 ignem
2840 2426 3115 2481 bonorum
3144 2439 3378 2496 operum

1885 2513 1897 2526 ’
1938 2519 1957 2568 t
1999 2531 2023 2567 r

1882 2531 1929 2569 ¹8
1961 2531 1993 2569 0
2020 2529 2122 2655 ΣΤ
2153 2601 2210 2654 4.
2244 2597 2322 2652 ita
2348 2594 2498 2666 quod
2522 2595 2619 2650 vix
2641 2594 2773 2650 inde
2793 2593 3071 2657 cernitur.
3098 2600 3157 2650 et
3180 2593 3374 2652 ideo...

2026 2686 2126 2742 lin.
2160 2688 2216 2740 7.
2245 2683 2345 2754 qui
2375 2688 2459 2738 est
2484 2680 2856 2752 disciplina...

2026 2773 2126 2828 lin.
2160 2774 2218 2826 8.
2251 2771 2318 2825 ad
2343 2785 2524 2825 mores
2552 2766 2923 2823 saecularium
2944 2764 3376 2822 declinabant...

2026 2861 2127 2915 lin.
2165 2863 2258 2914 10.
2290 2860 2509 2914 coelum
2537 2856 2688 2913 enim
2719 2856 2778 2911 in
2808 2856 3036 2914 laude...
3381 2851 3385 2860 ’

2030 2946 2131 3001 lin.
2170 2948 2263 3000 15.
2294 2941 2740 3001 conversationis
2766 2959 2964 2998 suae...

2031 3035 2130 3091 lin.
2174 3038 2272 3091 23.
2315 3035 2583 3105 quoniam
2625 3033 2713 3089 illi
2766 3033 3055 3089 ardentem
3105 3034 3278 3090 solem
3320 3031 3380 3088 in

1887 3122 1970 3178 eis
1998 3139 2108 3176 non
2138 3123 2349 3177 vident.

2036 3208 2135 3262 lin.
2166 3211 2265 3263 26.
2298 3207 2473 3262 simili
2503 3208 2640 3280 pede
2666 3207 2916 3264 anetis...

2034 3296 2135 3350 lin.
2166 3298 2264 3350 28.
2295 3294 2393 3365 qui
2422 3311 2548 3350 cum
2576 3311 2762 3350 coram
2792 3293 3109 3350 inimicis...

2035 3380 2133 3435 lin.
2166 3384 2265 3436 31.
2298 3387 2354 3435 et
2387 3382 2612 3449 regulae
2640 3385 2954 3451 praecepta;
2982 3377 3199 3435 inimici
3227 3380 3379 3435 enim

1892 3467 2071 3522 nostri
2112 3473 2245 3522 sunt
2287 3465 2671 3522 inobedientia
2708 3470 2766 3520 et
2804 3465 3027 3534 regulae
3065 3472 3384 3537 praecepto-

1890 3571 2013 3610 rum
2046 3553 2454 3623 negligentia...

1950 3660 2010 3714 p.
2053 3644 2192 3696 357.
2225 3642 2325 3697 lin.
2368 3642 2425 3695 4.
2456 3639 2525 3695 ad
2555 3639 2793 3712 primam
2830 3654 3089 3695 auroram
3116 3638 3379 3711 aspiciat,

1889 3734 1947 3783 et
1972 3728 2071 3798 qui
2095 3728 2378 3782 saeculum
2407 3742 2508 3797 pro
2529 3726 2628 3782 Dei
2655 3742 2843 3781 amore
2866 3731 3003 3781 tunc
3027 3726 3382 3796 relinquunt,

1890 3813 1959 3868 ad
1986 3814 2162 3868 Deum
2193 3811 2589 3873 ambulabunt.
2617 3827 2681 3867 ac
2707 3810 2855 3867 sic...
2885 3813 3000 3867 cod.
3026 3812 3127 3882 sol.
3167 3814 3302 3867 161.
3371 3830 3374 3833 ’

2035 3901 2141 3963 lin,
2168 3903 2267 3954 21.
2298 3915 2360 3954 ea
2391 3900 2511 3954 loco
2540 3902 2791 3954 vestro...

2034 3987 2135 4042 lin.
2179 3990 2280 4041 25.
2319 4000 2388 4039 ne
2425 3983 2645 4039 duobus
2684 3981 2921 4053 pedibus
2960 3980 3112 4036 inter
3139 3996 3236 4036 vos
3273 3994 3386 4034 am-

1893 4072 2122 4127 bulet...

2040 4157 2139 4212 lin.
2170 4157 2269 4211 29.
2304 4152 2487 4227 plenis
2513 4153 2781 4225 operibus
2809 4152 3079 4210 feceritis.

2041 4243 2141 4299 lin.
2167 4243 2267 4297 31.
2295 4239 2454 4294 vobis
2474 4237 2729 4294 aderunt.
2757 4238 2851 4293 Sic
2871 4242 2931 4293 in
2948 4238 3049 4311 fol.
3087 4240 3202 4293 161
3220 4239 3320 4295 ool.
3357 4242 3391 4295 1

1896 4332 2173 4400 rumpitur
2195 4330 2390 4382 caesim
2412 4330 2604 4379 auctus
2622 4325 2867 4396 epiloyus
2889 4342 3009 4380 cum
3034 4329 3152 4381 vita
3182 4326 3240 4381 S.
3280 4326 3394 4383 Ru-

1896 4419 2058 4489 perti,
2075 4431 2139 4470 ac
2156 4417 2402 4484 sequitur
2414 4431 2531 4467 cum
2548 4413 2712 4467 rubro
2732 4428 2828 4465 suo
2841 4413 3002 4467 titulo
3017 4411 3151 4466 Vita
3170 4412 3226 4468 S.
3245 4412 3392 4470 Disi-

1898 4502 2052 4563 bodi,
2091 4507 2251 4573 cujus
2290 4502 2512 4554 initium
2546 4504 2621 4552 est
2657 4498 2718 4552 id
2754 4499 2928 4568 ipsum
2964 4499 3111 4568 quod
3145 4499 3300 4554 nobis
3328 4516 3388 4571 p.

1897 4594 2021 4659 357
2046 4607 2114 4645 ex
2150 4590 2263 4643 cod.
2314 4585 2478 4641 Wisb.
2519 4590 2817 4655 supererat:
2856 4583 2922 4637 1u
2959 4582 3198 4655 mystica
3227 4583 3394 4641 visio-

1900 4690 1989 4736 ne,
2021 4680 2083 4727 ut
2108 4674 2257 4727 Deus
2283 4676 2391 4726 etc.
2426 4701 2493 4710 -
2519 4672 2666 4724 Adde
2700 4671 2846 4742 quod
2869 4672 2931 4724 in
2954 4672 3133 4726 eodem
3166 4670 3390 4728 Vindob.

1896 4761 1998 4831 sol.
2032 4764 2134 4819 22,
2162 4761 2304 4813 inter
2330 4754 2626 4811 Gebenonis
2648 4762 2918 4827 excerpta,
2947 4757 3094 4811 locus
3117 4758 3293 4812 brevis
3314 4776 3394 4813 re-

1897 4848 2104 4916 cipitur
2144 4851 2192 4899 et
2244 4846 2508 4898 asseritur
2548 4859 2617 4896 ex
2675 4841 2788 4896 vita
2835 4843 2891 4897 S.
2936 4842 3200 4912 Ruperti,
3230 4851 3397 4915 prout

1898 4933 2051 5003 apud
2074 4948 2171 4985 nos
2195 4934 2368 4985 exstat
2407 4931 2467 4983 in
2491 4928 2702 4999 epiloyo
2722 4944 2782 4998 p.
2813 4929 2960 4989 356,
2986 4931 3108 4982 357
3114 4950 3131 4982 .·
3155 4928 3399 5001 Tempus

1901 5033 2193 5090 pressurae
2229 5020 2289 5070 et
2314 5013 2720 5070 destructionis
2755 5032 2926 5087 usque
2959 5018 3035 5070 ad
3075 5014 3132 5069 in
3171 5019 3398 5088 speculo

1904 5118 2081 5173 aquae
2110 5099 2339 5163 viderit,
2378 5107 2427 5156 et
2463 5118 2581 5161 cum
2618 5099 3223 5170 iisdemjvarietatt'bus.
3264 5122 3406 5177 quae

1907 5193 2133 5247 codicem
2165 5190 2461 5246 Gebenonis
2483 5192 2666 5260 aperte
2688 5188 2843 5244 nobis
2866 5194 3284 5259 repraesentant.
