4036 6117
1351 489 1582 533 menn
1634 488 1830 532 νιν-Ε
1881 486 2359 531 muniminum.
2416 486 2469 527 P.
2523 483 2584 526 V.
3320 469 3446 529 193

1872 715 2061 773 XXII.

1303 923 1630 996 Quomodo
1679 925 1905 980 anima
1953 923 2039 980 ad
2089 922 2299 981 Deum
2348 922 2635 981 anhelat.

514 1129 619 1189 29.
679 1127 801 1188 Sed
851 1134 918 1188 et
973 1127 1533 1205 quemadmodum
1598 1145 1809 1205 aquae
1867 1135 1934 1188 et
1984 1129 2267 1203 abyssus
2324 1128 2645 1187 virtutem
2702 1130 2768 1186 et
2824 1128 3335 1202 possibilitatem
3395 1130 3511 1190 Dei

428 1232 811 1307 ostendunt,
851 1233 948 1292 sic
980 1233 1184 1293 etiam
1222 1247 1374 1291 cum
1407 1233 1667 1292 viribus
1703 1233 1846 1292 suis
1882 1233 2105 1292 anima
2140 1232 2453 1306 hominiS,
2484 1248 2655 1307 quae
2689 1230 2771 1290 ad
2812 1231 3020 1291 Deum
3056 1232 3347 1308 anhelat,
3384 1236 3518 1295 vir-

431 1342 641 1397 tutem
675 1338 743 1396 et
789 1336 1307 1413 possibilitatem
1358 1336 1502 1412 ejus
1540 1338 1604 1397 in
1651 1337 1843 1396 bonis
1893 1337 2210 1411 operibus
2260 1333 2667 1394 manifestat.
2705 1334 2868 1393 Nam
2903 1335 3085 1394 vires
3121 1337 3404 1412 animae,
3451 1338 3516 1398 in

425 1442 670 1518 quibus
702 1441 879 1501 Deus
913 1458 1031 1517 per
1067 1441 1522 1501 fortitudinem
1573 1442 2118 1502 descendentium
2154 1442 2234 1500 ad
2271 1441 2534 1499 occulta
2569 1441 2889 1516 mysteria
2925 1447 3363 1518 secretorum,
3402 1461 3514 1504 ve·-

423 1549 522 1608 lut
568 1565 606 1608 a
641 1547 819 1607 suris
869 1547 1184 1608 deorsum
1233 1548 1314 1607 ad
1348 1547 1612 1623 plantas
1664 1563 1824 1606 suas
1857 1552 1984 1621 est,
2027 1547 2118 1605 ita
2166 1546 2342 1621 quod
2378 1546 2582 1604 etiam
2618 1562 2821 1621 supra
2870 1544 3173 1605 eamdem
3218 1548 3510 1607 animam

427 1652 492 1710 in
542 1651 926 1727 operatione
982 1652 1310 1712 bonorum
1361 1667 1675 1726 operum,
1738 1667 1888 1711 cum
1937 1651 1997 1708 ei
2051 1650 2474 1709 sanctitatem
2525 1666 2644 1724 per
2686 1651 2869 1725 justa
2924 1656 2991 1708 et
3038 1650 3258 1710 fidelia
3308 1668 3512 1726 opera

403 1755 725 1831 inspirat,
761 1756 957 1831 quasi
994 1771 1197 1832 supra
1235 1756 1555 1831 abyssum
1588 1760 1746 1829 stat,
1785 1754 2342 1813 confortationem
2390 1756 2458 1812 et
2490 1754 2937 1813 constantiam
2972 1754 3357 1814 sanctitatis
3392 1772 3515 1831 per

424 1859 722 1919 divinum
781 1858 1187 1935 adjutorium
1244 1860 1569 1918 adversus
1625 1858 1992 1918 diabolicas
2048 1864 2229 1917 artes
2286 1857 2630 1929 habenteS,
2682 1852 2726 1935 ¹)
2762 1857 2957 1932 quasi
3003 1858 3207 1917 robur
3239 1859 3511 1918 virtutis

416 1961 715 2038 ejusdem
762 1963 889 2023 viri
926 1968 1102 2038 sunt3
1140 1963 1452 2039 quoniam
1489 1964 1596 2022 ubi
1633 1963 1980 2022 Diabolum
2016 1962 2369 2037 abnegant,
2408 1964 2475 2020 et
2504 1961 2711 2020 Deum
2747 1961 3167 2036 confitentur,
3206 1962 3284 2022 ad
3317 1962 3514 2037 justi-

424 2068 585 2126 tiam
636 2069 858 2126 omnia
911 2070 1328 2142 recuperant;
1374 2073 1441 2127 et
1490 2067 1604 2126 ubi
1647 2067 1878 2126 sordes
1927 2072 1993 2125 et
2042 2067 2349 2139 contagia
2400 2073 2828 2139 peccatorum
2876 2082 2995 2140 per
3044 2067 3515 2126 contritionem

421 2172 915 2233 confessionum
947 2169 998 2251 ⁴²)
1035 2190 1073 2232 a
1108 2188 1180 2232 se
1215 2173 1630 2246 abstergunt,
1668 2171 1890 2230 omnia
1922 2169 2299 2245 purificant3
2350 2175 2416 2227 et
2466 2169 2577 2228 ubi
2616 2170 2788 2228 mala
2832 2175 2899 2227 et
2932 2170 3229 2243 pericula
3275 2171 3510 2230 mortis

414 2275 733 2351 devitant,
785 2292 861 2335 ea
918 2292 1089 2352 quae
1145 2275 1320 2335 bona
1367 2280 1519 2334 sunt
1569 2279 1941 2347 operantes,
1996 2274 2220 2332 omnia
2276 2272 2715 2345 sanctificant;
2775 2277 2842 2331 et
2899 2272 3009 2331 ubi
3065 2288 3183 2348 per
3233 2271 3510 2332 infusio-

416 2395 566 2439 nem
602 2380 1032 2439 lacrimarum
1058 2380 1228 2439 bona
1257 2394 1460 2454 opera
1498 2378 1564 2437 in
1600 2394 1672 2437 se
1708 2378 2010 2453 irrigant,
2050 2392 2131 2435 ne
2165 2377 2497 2451 deficiant,
2535 2377 2757 2435 omnia
2791 2378 3153 2450 continent;
3190 2384 3257 2437 et
3292 2378 3405 2437 ubi
3442 2379 3506 2437 in

417 2483 855 2543 unanimitate
903 2482 1251 2543 beatarum
1303 2484 1626 2542 virtutum
1676 2483 1760 2541 ab
1812 2482 2093 2541 invicem
2146 2498 2277 2541 non
2320 2482 2726 2557 discrepant,
2764 2482 2986 2542 omnia
3023 2488 3313 2558 portant,
3352 2484 3509 2559 quia

415 2589 568 2647 tunc
601 2588 805 2646 etiam
840 2588 1064 2646 omnia
1108 2602 1309 2663 opera
1345 2602 1467 2645 sua
1501 2602 1659 2645 vera
1709 2591 1775 2643 et
1811 2587 1999 2644 suavi
2054 2586 2563 2660 compunctione
2614 2584 3019 2660 perfodiunt,
3065 2592 3131 2643 et
3181 2602 3259 2645 ea
3294 2589 3508 2647 coele-

413 2690 502 2748 sti
535 2689 869 2749 desiderio
918 2691 1009 2749 ita
1043 2690 1525 2764 conglutinant,
1578 2688 2133 2765 quemadmodum
2170 2687 2346 2747 Deus
2381 2689 2697 2748 mundum
2736 2689 3253 2763 compaginavit,
3307 2707 3387 2749 ne
3426 2678 3507 2750 ab

432 2797 712 2855 invicem
747 2796 1178 2855 dissolvatur.

1840 2956 2061 3016 XXIII.

965 3167 1148 3238 Quod
1195 3167 1425 3225 divina
1465 3172 1824 3243 praecepta
1873 3166 2120 3224 dentur
2169 3169 2432 3224 animae
2492 3166 2940 3241 adimplenda.

497 3373 604 3432 30.
642 3373 795 3449 Ipsa
829 3388 1093 3449 quoque
1127 3373 1372 3446 anima,
1409 3388 1528 3449 per
1560 3372 1856 3432 divinam
1889 3372 2178 3447 gratiam
2230 3372 2579 3446 antiquum
2613 3369 3001 3445 Serpentem
3050 3370 3316 3431 sortiter
3348 3386 3504 3429 con-

407 3478 699 3551 culcanS,
735 3483 803 3535 et
836 3483 1105 3538 strenue
1138 3478 1346 3537 Deum
1383 3479 1652 3537 imitans
1687 3479 1751 3536 in
1787 3477 2173 3551 operatione
2205 3477 2557 3550 virtutum,
2603 3475 2797 3552 quasi
2834 3476 3053 3536 virtus
3088 3477 3500 3553 possibilita-

407 3581 494 3640 tis
540 3581 755 3656 ipsius
802 3587 931 3655 est,
983 3583 1142 3658 quia
1189 3581 1347 3641 dum
1397 3583 1568 3642 bono
1620 3582 1865 3641 affectu
1915 3587 1981 3640 et
2030 3582 2186 3640 dum
2238 3586 2421 3640 recta
2467 3582 2811 3640 voluntate
2861 3581 3089 3641 divina
3138 3589 3495 3658 praecepta

403 3684 738 3759 observat,
789 3685 974 3745 velut
1024 3701 1253 3744 omnes
1305 3687 1760 3746 institutiones
1809 3686 1954 3761 ejus
1992 3685 2141 3758 fert,
2195 3685 2509 3762 quoniam
2558 3685 2791 3745 eadem
2841 3693 3201 3763 praecepta
3250 3686 3334 3747 ab
3370 3687 3496 3748 hoc

404 3788 832 3847 manifestata
879 3791 947 3849 et
993 3789 1150 3849 data
1200 3795 1376 3862 sunt,
1430 3796 1505 3849 ut
1535 3806 1654 3864 per
1702 3789 1962 3849 fidelem
2013 3789 2305 3849 animam
2338 3795 2690 3864 portentur
2723 3795 2790 3849 et
2826 3791 3252 3865 impleantur,
3291 3795 3488 3869 quasi

407 3890 677 3950 eaedem
711 3893 1168 3952 institutiones
1203 3893 1299 3951 illi
1337 3893 1726 3967 innitantur,
1764 3899 1830 3952 et
1862 3893 2067 3952 etiam
2100 3893 2320 3951 anima
2364 3892 2738 3952 aedificatio
2774 3898 2840 3951 et
2875 3895 3195 3968 templum
3230 3897 3488 3954 aeterni

399 3996 758 4070 CreatoriS,
812 3998 997 4056 velut
1047 3996 1303 4057 fabrica
1339 3997 1582 4056 summi
1622 3996 2073 4070 fabricatoriS,
2124 3997 2376 4070 existit,
2432 3997 2496 4054 in
2531 4012 2662 4071 qua
2692 3997 2878 4072 justa
2912 4002 2979 4056 et
3015 4003 3250 4056 sancta
3289 4014 3491 4072 opera

405 4106 473 4159 et
504 4101 725 4161 omnia
751 4116 923 4177 quae
950 4101 1032 4161 ad
1060 4101 1326 4161 beatam
1361 4102 1567 4160 vitam
1604 4117 1807 4176 quam
1833 4101 2006 4160 Deus
2042 4101 2352 4160 fidelibus
2387 4101 2530 4159 suis
2565 4099 2860 4173 donabit,
2901 4101 3290 4175 respiciunt,
3329 4118 3490 4177 qua-

405 4205 462 4263 si
499 4206 808 4266 utensilia
843 4204 1145 4279 ejusdem
1184 4203 1351 4264 fabri
1389 4210 1563 4264 sunt.

1819 4412 2068 4473 XXIIII.

1010 4623 1336 4697 Quomodo
1383 4625 1610 4682 anima
1657 4623 1736 4681 de
1785 4625 2031 4681 virtute
2080 4625 2151 4681 in
2200 4624 2513 4679 virtutem
2561 4621 2875 4680 ascendit.

485 4828 592 4891 31.
628 4830 795 4892 Cum
843 4830 1018 4890 enirn
1066 4830 1287 4891 anima
1338 4833 1402 4890 in
1437 4830 1702 4892 homine
1755 4832 2183 4890 sanctitatem
2237 4830 2567 4905 sequitur,
2617 4829 2793 4888 Deus
2845 4829 2908 4888 in
2942 4844 3019 4888 ea
3069 4835 3135 4888 et
3171 4845 3290 4905 per
3336 4845 3487 4890 eam

406 4938 589 4994 tanta
636 4933 962 4994 miracula
1009 4934 1356 4994 multoties
1391 4923 1745 5010 operatur,
1799 4933 1975 5010 quod
2025 4935 2228 4994 etiam
2265 4932 2380 4992 alii
2414 4934 2598 4992 velut
2630 4949 2707 4991 ex
2744 4933 3101 5008 incognitis
3135 4940 3201 4991 et
3237 4940 3490 4992 terren-

475 5143 516 5207 ¹)
543 5142 728 5199 Series
764 5143 981 5214 aliquid
1009 5144 1244 5217 patitur.
1280 5143 1444 5201 Refer
1469 5148 1717 5204 habentes
1742 5147 1809 5202 ad
1835 5147 2067 5204 verbum
2091 5152 2367 5203 remotum
2396 5150 2554 5202 vires.
2583 5177 2646 5185 —-
2670 5146 2715 5212 2)
2737 5145 3083 5215 consessionis
3109 5142 3201 5197 W.

578 5253 926 5313 ANALECT.
980 5254 1048 5312 Τ.
1102 5253 1264 5314 VIII.
1320 5253 1401 5312 13
