4036 6117
1259 579 1504 625 mann
1553 578 1760 623 virts
1807 575 2306 622 MERt'roRUM.
2359 575 2416 619 P.
2469 573 2555 618 vx.
3249 559 3381 619 225

353 697 521 761 bras
553 699 966 760 infidelitatis
1000 698 1357 773 habebant,
1394 699 1706 775 quoniam
1742 698 1900 757 dum
1936 697 2002 756 in
2046 695 2441 771 corporibus
2492 693 2636 753 suis
2672 692 2955 753 fuissent
3003 694 3253 769 absque
3286 710 3449 769 pon-

354 798 521 862 dere
554 804 839 864 aliorum
872 808 1324 878 peccatorum,
1354 802 1658 877 jndiciali
1695 818 1856 862 casu
1891 801 2071 861 Adae
2103 800 2529 873 constrictae,
2574 799 2762 873 signo
2804 797 3231 875 baptismatis
3265 813 3449 858 care-

352 905 541 982 bant;
579 907 697 967 sed
732 907 885 967 illae
934 922 1104 983 quae
1152 906 1554 983 quibusdam
1602 906 1969 966 levioribus
2026 905 2320 980 peccatis
2371 903 2672 961 irretitae
2723 900 3006 977 fuerant,
3067 903 3447 978 praefatum

352 1007 618 1070 fumum
653 1010 1106 1084 sustinebant,
1144 1015 1211 1069 et
1247 1010 1397 1069 illae
1430 1025 1601 1085 quae
1651 1016 1785 1069 tam
1836 1026 1872 1069 a
1923 1007 2290 1068 levioribus
2338 1022 2540 1082 quam
2589 1024 2626 1064 a
2674 1006 3098 1079 gravioribus
3147 1005 3444 1081 peccatis

350 1114 736 1187 alleviatae,
775 1113 1036 1188 signum
1071 1119 1293 1173 tamen
1319 1112 1690 1172 catholicae
1716 1112 1868 1172 fidei
1895 1129 2026 1171 non
2059 1110 2453 1183 habuerant,
2487 1107 2742 1167 fumum
2765 1102 2812 1187 ι)
2848 1106 3236 1167 earumdem
3268 1113 3448 1168 tene-

348 1217 628 1278 brarum
656 1232 786 1277 non
820 1217 1175 1291 habebant,
1207 1216 1322 1276 sed
1354 1216 1845 1277 incredulitatis
1878 1215 2215 1289 tenebraS‚
2248 1219 2319 1272 ut
2346 1212 2761 1288 praedictum
2789 1218 2917 1288 est,
2955 1210 3440 1272 substinebant.

1861 1436 1933 1496 X.

1656 1631 1749 1689 De
1802 1627 2138 1689 Gehenna.

443 1835 546 1899 11.
585 1835 708 1897 Sed
742 1843 809 1899 et
839 1838 1010 1898 alias
1043 1837 1444 1914 nigerrimas
1465 1834 1542 1916 ²),
1579 1843 1648 1897 et
1672 1839 1850 1896 totas
1878 1836 2022 1896 sine
2048 1836 2353 1895 flammae
2380 1835 2723 1911 nigredine
2756 1835 3091 1913 ardente3‚
3121 1838 3435 1899 tenebras

347 1938 683 2016 videbam,
720 1941 966 2018 quibus
1000 1941 1345 2018 praefatae
1378 1942 1691 2001 tenebrae
1729 1940 2206 2015 adhaerebant,
2245 1939 2561 2015 quoniam
2598 1940 2768 1999 istae
2803 1940 3070 2001 illarum
3121 1941 3442 2003 fortitudo

354 2044 638 2108 fuerant.
664 2039 713 2127 ³)
748 2047 828 2107 Et
864 2048 930 2106 in
962 2046 1067 2107 his
1099 2047 1397 2122 gehenna
1446 2051 1612 2122 erat,
1649 2061 1821 2123 quae
1855 2062 2048 2105 omne
2080 2061 2291 2120 genus
2339 2046 2757 2105 cruciatuum
2804 2052 2873 2105 et
2914 2047 3340 2109 miseriarum
3372 2056 3442 2109 et

352 2149 680 2211 foetorum
715 2155 782 2210 et
815 2166 1178 2226 poenarum
1216 2152 1281 2210 in
1315 2166 1387 2210 se
1423 2150 1644 2225 habet,
1684 2150 1799 2209 sed
1835 2149 1999 2209 nihil
2035 2165 2269 2208 eorum
2316 2164 2488 2224 quae
2523 2150 2588 2207 in
2623 2150 2769 2225 ipsa
2803 2165 2922 2209 seu
2959 2151 3025 2210 in
3057 2152 3310 2212 eisdem
3346 2159 3442 2213 te-

348 2252 576 2312 nebris
613 2252 903 2330 fuerunt,
930 2254 1158 2314 videre
1181 2248 1229 2334 ⁴)
1257 2255 1581 2330 poteram,
1612 2253 1926 2329 quoniam
1960 2253 2231 2312 easdem
2266 2253 2578 2312 tenebras
2614 2268 2747 2312 non
2782 2254 3085 2331 interius,
3122 2255 3237 2315 sed
3264 2259 3444 2317 exte-

349 2358 492 2418 rius
541 2359 886 2434 videbam,
941 2359 1112 2418 unde
1161 2373 1282 2417 nec
1333 2359 1548 2433 ipsam
1595 2357 1963 2433 gehennam
2012 2357 2242 2417 videre
2289 2356 2620 2433 volebam;
2658 2357 2775 2416 sed
2810 2359 3138 2419 maximos
3172 2365 3239 2421 et
3274 2360 3441 2422 indi-

348 2470 607 2524 scretos
657 2465 953 2524 ululatus
1002 2464 1487 2540 plangentium,
1525 2478 1602 2522 ac
1637 2463 1960 2522 maximos
1995 2468 2064 2522 et
2095 2461 2497 2522 indiscretos
2532 2462 2859 2523 stridores
2893 2464 3264 2540 lugentium
3298 2466 3437 2525 ani-

345 2583 630 2644 marum,
667 2574 734 2627 et
765 2569 1286 2628 innumerabiles
1319 2573 1387 2628 et
1424 2568 1821 2628 indiscretos
1854 2568 2152 2643 crepitus
2187 2582 2576 2642 poenarum,
2612 2568 2799 2627 velut
2847 2584 3083 2629 sonum
3119 2570 3439 2631 inundan-

346 2674 435 2733 tis
468 2674 701 2748 mariS,
735 2680 805 2734 et
840 2675 1023 2733 velut
1060 2690 1296 2733 sonum
1332 2690 1653 2750 aquarum
1689 2675 2076 2747 multarum,
2115 2674 2181 2732 in
2213 2689 2290 2733 eo
2324 2688 2475 2731 esse
2511 2673 2882 2735 audiebam.
2919 2675 3082 2736 Nam
3119 2677 3436 2737 universa

341 2794 588 2855 genera
622 2794 988 2853 poenarum
1024 2779 1090 2839 in
1122 2778 1428 2853 gehenna
1464 2783 1642 2852 sunt,
1680 2779 1996 2855 quoniam
2033 2778 2178 2854 ipsa
2228 2778 2673 2853 malignorum
2722 2780 3084 2855 spirituum
3132 2786 3436 2857 potestas

338 2886 465 2954 est,
496 2881 611 2957 qui
644 2881 864 2941 omnia
891 2880 1056 2941 vitia
1082 2881 1466 2941 hominibus
1502 2882 1668 2955 ipsis
1703 2881 2275 2941 consentientibus
2312 2878 2686 2955 infundunt,
2718 2897 2889 2957 quae
2917 2883 3119 2942 etiam
3156 2888 3257 2944 tot
3282 2888 3439 2945 sunt

342 2985 518 3062 quod
567 3001 688 3045 nec
734 2986 955 3045 anima
1004 3001 1284 3063 corpore
1332 2991 1613 3061 gravata
1659 2985 2046 3063 prospicere
2092 2990 2159 3044 et
2211 2985 2585 3061 intelligere
2618 3002 2698 3046 ea
2747 2993 2992 3063 potest,
3036 2989 3195 3066 quia
3233 3005 3435 3068 supra

339 3089 698 3150 humanum
732 3089 1001 3150 modum
1035 3096 1210 3149 sunt.
1247 3090 1326 3149 Et
1360 3104 1476 3164 per
1513 3091 1849 3150 viventem
1889 3090 2208 3165 spiritum
2241 3087 2380 3148 vidi
2412 3095 2480 3148 et
2515 3088 2809 3150 intellexi
2843 3090 3026 3151 haec.

1830 3311 1933 3371 XI.

1078 3509 1332 3568 Iterum
1380 3507 1459 3567 de
1508 3504 1884 3586 infidelibus
1930 3504 2247 3584 baptismo
2296 3505 2687 3568 carentibus.

425 3713 531 3775 12.
558 3714 638 3775 Et
663 3715 902 3776 iterum
931 3714 1012 3773 de
1038 3714 1341 3790 praefata
1362 3709 1410 3792 ⁵)
1447 3714 1714 3774 vivente
1749 3716 1895 3774 luce
1926 3730 2160 3773 vocem
2189 3713 2351 3774 mihi
2377 3712 2710 3773 dicentem
2743 3712 2998 3773 audivi:
3039 3713 3217 3774 Haec
3250 3731 3423 3792 quae

338 3817 548 3892 vides,
578 3834 739 3878 vera
765 3824 941 3893 sunt,
971 3824 1037 3878 et
1065 3826 1136 3877 ut
1162 3834 1241 3877 ea
1275 3818 1483 3893 videS,
1516 3818 1607 3878 ita
1642 3823 1817 3893 sunt,
1848 3824 1913 3877 et
1948 3818 2140 3893 plura
2176 3824 2347 3878 sunt.
2384 3818 2549 3877 Nam
2584 3818 2650 3877 in
2684 3818 3047 3892 praedictis
3079 3821 3421 3896 prioribus

337 3920 631 3981 tenebris
679 3921 875 3981 fletus
924 3928 991 3982 et
1039 3921 1289 3980 stridor
1336 3921 1634 3980 dentium
1668 3927 1801 3995 est3
1840 3921 1956 3980 sed
1994 3922 2061 3980 in
2097 3922 2241 3981 loco
2278 3921 2344 3980 in
2376 3937 2508 3997 quo
2542 3936 2793 3996 poenas
2827 3922 3134 3997 gravium
3169 3924 3429 3983 crucia-

335 4028 520 4083 tuum
567 4039 699 4084 non
747 4024 963 4100 vides,
1014 4026 1273 4084 animae
1324 4024 1766 4101 quorumdam
1813 4024 2155 4085 hominum
2202 4030 2269 4084 et
2316 4025 2601 4084 aliorum
2651 4025 2718 4083 in
2766 4024 3140 4100 ignorantia
3187 4039 3423 4103 pecca-

331 4131 573 4202 torum,
613 4128 678 4187 in
713 4129 981 4189 saeculo
1031 4129 1422 4202 viventium,
1471 4134 1625 4188 ante
1659 4128 2042 4189 vexillatam
2094 4129 2447 4188 victoriam
2494 4129 2647 4188 Filii
2699 4128 2818 4188 Dei
2874 4130 3293 4207 tenebantur,
3353 4133 3422 4192 in

330 4232 571 4307 quibus
620 4235 825 4293 etiam
872 4241 938 4294 et
985 4249 1158 4293 nunc
1193 4233 1474 4307 animae,
1512 4231 1801 4307 pondere
1835 4238 2265 4307 peccatorum
2299 4248 2431 4292 non
2462 4239 2805 4308 gravatae,
2844 4233 2961 4293 sed
2994 4232 3190 4310 igneo
3224 4235 3415 4311 signo

332 4337 578 4396 sacrati
616 4335 815 4398 fontis
849 4351 980 4397 non
1006 4339 1329 4413 signatae,
1367 4342 1552 4410 sunt,
1590 4337 1904 4412 quoniam
1938 4341 2284 4412 aspectum
2317 4342 2540 4396 rectae
2574 4337 2727 4397 ssdei
2774 4351 2905 4397 non
2947 4337 3212 4415 habent,
3264 4340 3418 4401 aliis

329 4455 446 4514 pro
496 4441 803 4516 opinione
850 4444 1089 4517 gustus
1138 4441 1579 4517 quarumdam
1629 4442 2079 4500 saecularium
2122 4441 2590 4515 contagionum
2627 4457 2875 4517 poenas
2909 4443 3211 4518 ejusdem
3249 4444 3414 4505 fuml

333 4545 861 4619 sustinentibus,
914 4547 1067 4605 aliis
1119 4552 1341 4606 autem
1391 4560 1512 4620 pro
1562 4545 1851 4619 simplici
1902 4544 2278 4630 ignorantia
2327 4544 2477 4603 fidei
2527 4545 2795 4605 easdem
2852 4548 3192 4622 simplices
3240 4556 3421 4610 tene-

331 4647 486 4708 bras
520 4649 918 4724 simpliciter
951 4650 1387 4726 patientibus.

402 4879 445 4944 ¹)
464 4882 782 4952 praefatum
815 4884 1027 4955 sumum
1051 4883 1142 4938 W.
1174 4913 1242 4924 —
1266 4885 1312 4946 2)
1339 4884 1631 4940 horribiles
1667 4890 1715 4939 et
1740 4886 1824 4939 in·
1909 4882 1953 4947 ³)
1975 4885 2223 4954 fuerunt.
2267 4884 2359 4940 W.
2390 4916 2458 4925 -—
2484 4885 2528 4949 ⁴)
2554 4888 2618 4942 in
2655 4888 2787 4958 ipsis
2821 4893 2977 4942 erant
3010 4903 3103 4942 seu
3138 4890 3199 4943 in
3222 4889 3415 4943 eisdem

332 4967 517 5037 finitas
541 4975 591 5024 et
614 4975 753 5025 totas
775 4974 892 5025 eine
914 4972 1132 5041 flamma
1158 4972 1220 5025 in
1243 4971 1537 5041 nim-adine
1561 4970 1653 5025 W.
1686 4998 1754 5008 ——
1911 4970 2141 5025 tenebris
2162 4971 2347 5026 videre
2370 4969 2461 5025 W.
2493 5001 2560 5010 —
2586 4972 2629 5036 ⁵)
2651 4973 2715 5025 de
2747 4973 3027 5042 praedicta
3055 4970 3143 5027 W.

526 5360 872 5420 ANALECT.
926 5361 994 5420 T.
1049 5361 1206 5420 vm.
1261 5360 1345 5420 15
