4036 6117
753 445 884 506 444
1901 462 1952 506 s,
2006 461 2560 508 nunnomznts

1826 640 2048 701 XVIII.
2095 643 2629 719 Responsorium.

765 818 816 878 Ο
865 818 1245 878 clarissima
1293 825 1508 878 mater
1558 825 1829 880 sanctae
1878 819 2271 894 medicinae,
2326 826 2398 880 tu
2432 825 2767 895 unguenta
2800 833 2921 895 per
2968 824 3273 879 sanctum
3308 819 3551 879 Filium
3585 825 3776 878 tuum

676 920 984 980 infudisti
1019 922 1084 979 in
1111 922 1496 996 plangentia
1527 923 1807 983 vulnera
1840 924 2103 998 mortiS‚
2133 938 2303 999 quae
2335 923 2472 983 Eva
2506 922 2887 983 aedificavit
2913 923 2981 982 in
3005 925 3335 983 tormenta
3368 922 3769 995 animat-unu

683 1033 758 1086 tu
790 1026 1187 1086 destruxisti
1236 1033 1545 1103 mortem,
1598 1027 2006 1088 aedificando
2055 1029 2286 1089 vitam.
2335 1028 2466 1088 Ora
2498 1044 2620 1104 pro
2667 1028 2864 1089 nobis
2914 1027 2996 1088 ad
3030 1035 3219 1089 tuum
3266 1035 3518 1103 natum,
3573 1028 3773 1088 stella

678 1131 912 1206 marm,
951 1131 1179 1190 Maria.

764 1222 846 1315 fi.
884 1234 935 1294 Ο
985 1235 1325 1294 vivificum
1377 1236 1917 1312 instrumentum,
1969 1242 2038 1297 et
2071 1238 2322 1296 laetum
2368 1243 2857 1309 ornamentum,
2908 1241 2977 1296 et
3016 1235 3297 1296 dulcedo
3330 1236 3629 1296 omnium
3663 1235 3775 1294 de·-

680 1343 1015 1416 liciarum,
1053 1357 1224 1417 quae
1259 1342 1324 1400 in
1357 1348 1422 1403 te
1455 1359 1587 1402 non
1620 1343 1947 1403 deficient.
1983 1343 2135 1404 Ora.
2173 1343 2402 1403 Gloria
2425 1343 2608 1403 Patri
2634 1345 2701 1403 et
2725 1343 2893 1403 Filio
2920 1348 2987 1403 et
3012 1342 3289 1419 Spiritui
3322 1342 3586 1403 Sancto.
3616 1342 3768 1402 Ora.

1847 1521 2007 1581 XIX.
2056 1521 2588 1598 Responsorium.
2622 1514 2669 1599 ¹)

762 1701 849 1784 Βῐ.
885 1702 936 1762 Ο
970 1706 1064 1776 tu,
1118 1702 1526 1762 suavissima
1575 1703 1789 1776 virga,
1830 1701 2145 1762 frondens
2193 1702 2275 1761 de
2309 1703 2519 1778 stirpe
2550 1702 2761 1777 Jesse,
2789 1717 2829 1761 o
2862 1717 3062 1778 quam
3098 1715 3337 1776 magna
3370 1700 3591 1759 virtus
3639 1704 3768 1773 est,

669 1805 845 1882 quod
877 1805 1208 1865 Divinitas
1243 1806 1310 1865 in
1335 1805 1857 1881 pulcherrimam
1891 1806 2099 1866 filiam
2132 1807 2413 1882 aspexit,
2452 1806 2629 1866 sicut
2661 1806 2887 1882 aquila
2915 1806 2983 1865 in
3016 1805 3227 1865 solem
3259 1803 3526 1864 oculum
3565 1819 3760 1862 suurn

670 1909 877 1985 ponit':
915 1924 1066 1968 cum
1102 1925 1434 1984 supernus
1468 1909 1666 1970 Pater
1699 1909 2080 1971 claritatem
2113 1910 2404 1986 Virginis
2439 1910 2745 1986 attendit,
2799 1909 2913 1970 ubi
2948 1909 3239 1970 Verbum
3271 1923 3468 1968 suum
3518 1909 3587 1967 in
3620 1908 3764 1982 ipsa

677 2014 1015 2073 incarnari
1050 2014 1284 2073 voluit.

748 2106 828 2199 fi.
878 2113 1040 2178 Nam
1090 2120 1156 2177 in
1207 2118 1488 2194 mystico
1539 2120 1859 2194 mysterio
1906 2119 2025 2179 Dei
2079 2120 2421 2180 illustrata
2467 2126 2688 2179 mente
2736 2118 3056 2194 VirginiS,
3093 2116 3498 2177 mirabiliter
3543 2116 3764 2175 clarus

673 2223 794 2282 flos
827 2238 905 2280 ex
943 2223 1088 2296 ipsa
1123 2222 1389 2297 Virgine
1422 2223 1648 2282 exivit.
1696 2223 1862 2283 Cum
1897 2240 2249 2298 supernus,
2289 2225 2517 2284 Gloria
2551 2223 2734 2283 Patri
2783 2225 2850 2283 et
2886 2223 3053 2282 Filio
3088 2227 3156 2280 et
3188 2220 3467 2296 Spiritui
3500 2219 3758 2290 Sancte,

677 2327 852 2386 sicut
886 2330 1033 2387 erat
1067 2327 1132 2386 in
1164 2327 1515 2403 principio.
1555 2327 1719 2387 Cum
1754 2344 2105 2404 supernus,

1942 2511 2070 2572 XX.
2125 2513 2658 2589 Responsorium.

764 2701 848 2781 Ψ.
887 2700 937 2759 Ο
964 2717 1164 2776 quam
1213 2703 1512 2775 pretiosa
1544 2709 1648 2762 est
1674 2704 2030 2779 virginitas
2064 2704 2356 2779 Virginis
2405 2703 2630 2779 hujuS,
2683 2718 2855 2779 quae
2892 2704 3191 2763 clausam
3227 2707 3493 2777 portam
3543 2700 3754 2772 habet,

673 2809 739 2862 et
772 2803 965 2877 cujus
992 2804 1255 2863 viscera
1289 2811 1524 2864 sancta
1555 2805 1884 2866 Divinitas
1919 2809 2142 2867 calore
2170 2823 2292 2867 suo
2320 2805 2585 2882 infudit,
2618 2808 2710 2866 ita
2736 2805 2913 2883 quod
2947 2806 3069 2866 flos
3107 2806 3174 2866 in
3198 2821 3279 2865 ea
3303 2807 3542 2880 crevit,
3572 2810 3639 2864 et
3662 2805 3761 2863 Fi-

671 2907 801 2965 lius
833 2905 952 2965 Dei
985 2921 1105 2981 per
1137 2912 1398 2966 secreta
1434 2909 1649 2983 ipsius
1683 2911 1877 2985 quasi
1912 2927 2155 2971 aurora
2189 2911 2415 2970 exivit.

759 3000 840 3093 ᾖ.
891 3011 1072 3071 Unde
1105 3010 1298 3071 dulce
1345 3026 1639 3088 germen,
1692 3014 1868 3090 quod
1917 3015 2126 3075 Filius
2178 3015 2391 3091 ipsius
2434 3020 2561 3091 est,
2612 3031 2731 3091 per
2778 3016 3165 3075 clausuram
3199 3014 3442 3074 mentis
3477 3013 3623 3089 ejus
3653 3029 3760 3088 pa-

676 3118 974 3178 radisum
1010 3118 1293 3194 aperuit.
1328 3119 1407 3177 Et
1441 3119 1650 3180 Filius
1683 3119 1821 3180 Dei.

1689 3302 1848 3363 XXI.
1899 3304 2283 3380 Antiphona
2329 3304 2409 3362 de
2458 3304 2750 3380 AnqeliS.

759 3486 810 3546 Ο
858 3486 1353 3562 gloriosissima
1384 3484 1433 3564 ²)
1471 3488 1583 3545 lux
1616 3487 1872 3561 vivenS,
1912 3487 2164 3562 angeli,
2217 3487 2331 3563 qui
2368 3486 2540 3547 infra
2573 3486 3008 3547 Divinitatem
3039 3483 3306 3544 divinos
3339 3480 3575 3540 oculos
3609 3491 3751 3537 cum

677 3592 959 3666 mystica
1024 3590 1439 3650 obscuritate
1496 3592 1714 3650 omnis
1778 3594 2129 3652 creaturae
2186 3593 2494 3669 aspicitis
2560 3593 2627 3651 in
2683 3590 3073 3651 ardentibus
3133 3587 3531 3660 desideriiS,
3590 3583 3752 3644 unde

671 3712 1014 3771 nunquam
1059 3695 1344 3771 potestis
1379 3696 1638 3770 satiari,
1690 3712 1728 3755 o
1763 3712 1963 3772 quam
1998 3697 2295 3772 gloriosa
2329 3696 2573 3772 gaudia
2623 3696 2737 3756 illa
2777 3701 3010 3756 vestra
3056 3692 3259 3754 habet
3292 3691 3537 3766 forma,
3586 3702 3749 3765 quae

673 3803 738 3860 in
787 3800 980 3859 vobis
1014 3806 1119 3858 est
1170 3800 1419 3859 intacta
1454 3800 1538 3859 ab
1587 3801 1768 3859 omni
1816 3817 2025 3876 pravo
2075 3816 2299 3876 opere,
2337 3800 2512 3877 quod
2561 3801 2855 3877 primum
2888 3805 3109 3860 ortum
3144 3802 3251 3858 est
3284 3797 3352 3856 in
3383 3800 3612 3857 vestro
3658 3809 3752 3853 so·

668 3906 793 3979 cio,
846 3903 1106 3980 perdito
1158 3903 1417 3978 angelo,
1469 3904 1583 3980 qui
1632 3904 1862 3964 volare
1911 3905 2125 3965 voluit
2174 3921 2378 3979 supra
2430 3906 2609 3964 intus
2659 3905 2875 3964 latens
2908 3902 3341 3980 pinnaculum
3388 3899 3533 3974 Dei3
3585 3895 3748 3957 unde

672 4018 816 4090 ipse
849 4014 1196 4072 tortuosus
1229 4012 1581 4071 demersus
1612 4005 1661 4090 ³)
1706 4017 1812 4071 est
1847 4012 1913 4071 in
1947 4012 2232 4087 ruinam,
2286 4011 2402 4071 sed
2438 4011 2651 4085 ipsius
2688 4011 3133 4070 instrumenta
3165 4022 3367 4067 casus
3400 4002 3752 4064 consilian-

671 4120 754 4178 do
793 4117 1090 4177 facturae
1125 4117 1317 4192 digiti
1352 4115 1465 4175 Dei
1506 4115 1815 4176 instituit.
1848 4110 1896 4196 ⁴)

1828 4299 2020 4359 XXII.
2057 4301 2589 4378 Responsorium.

757 4484 841 4565 ly.
879 4482 929 4541 O
963 4500 1082 4543 vos
1117 4486 1358 4560 angeli,
1396 4487 1511 4563 qui
1544 4488 1899 4548 custoditis
1932 4488 2239 4563 popu108‚
2277 4505 2563 4565 quorum
2599 4487 2813 4548 forma
2847 4487 3057 4564 fulget
3092 4488 3160 4547 in
3193 4487 3363 4547 facie
3397 4491 3651 4559 vestra,
3684 4490 3745 4543 et

665 4606 702 4645 o
753 4603 874 4645 vos
924 4587 1330 4663 archangeli,
1392 4593 1506 4666 qui
1557 4593 1904 4667 suscipitis
1953 4592 2213 4652 animas
2255 4592 2617 4668 justorum,
2675 4598 2743 4653 et
2789 4608 2933 4667 voS‚
2986 4592 3298 4666 virtute8‚
3349 4594 3742 4667 potestates,

669 4688 1110 4765 principatuS‚
1148 4692 1659 4770 dominationes,
1698 4700 1764 4754 et
1797 4695 2045 4769 throni,
2081 4696 2195 4771 qui
2228 4697 2394 4756 estis
2427 4697 2793 4773 computati
2829 4698 2895 4756 in
2928 4698 3234 4773 quintum
3270 4700 3607 4754 secretum
3641 4709 3749 4752 nu-

670 4812 948 4870 merum,
987 4803 1054 4857 et
1088 4815 1125 4856 o
1159 4815 1303 4872 voS,
1358 4799 1718 4859 Cherubim
1751 4801 1819 4858 et
1850 4798 2220 4875 Seraphim,
2258 4801 2552 4876 sigillum
2590 4807 3003 4862 secretorum
3037 4800 3178 4875 Dei,
3216 4801 3307 4860 sit
3350 4801 3497 4859 laus
3532 4798 3743 4869 vobis»,

627 4903 779 4977 ‚qui
816 4903 1109 4961 loculum
1145 4905 1399 4978 antiqui
1436 4904 1661 4963 cordis
1699 4905 1762 4963 in
1798 4904 1977 4962 fonte
2012 4904 2336 4978 aspicitiS.

743 5074 782 5134 ¹)
821 5074 902 5128 De
940 5074 1354 5136 xlx-xxvi,
1398 5074 1467 5130 cf.
1516 5074 1730 5130 scivias
1770 5075 1805 5129 1.
1839 5075 1874 5128 Ι.
1909 5106 1974 5114 -
2000 5076 2045 5137 2)
2073 5074 2166 5130 Sic
2254 5077 2298 5139 ⁴)
2341 5077 2395 5132 id
2435 5083 2543 5140 est,
2586 5082 2710 5148 post
2748 5093 2962 5139 casum,
2999 5076 3259 5132 homines
3291 5073 3506 5146 peccati
3536 5071 3741 5129 instru-

671 5157 811 5213 ibid.
851 5160 1235 5228 qloriosissimi
1259 5160 1327 5223 A,
1359 5160 1417 5217 B.
1455 5193 1516 5199 ——
1543 5161 1587 5225 ³)
1615 5162 1877 5215 dimersus
1903 5159 1971 5223 A,
2003 5161 2062 5216 Β.
2098 5195 2164 5202 ——-
2255 5168 2444 5218 menta
2472 5163 2582 5218 sibi
2614 5162 2749 5219 fecit
2778 5162 3054 5235 perversis
3080 5162 3356 5219 consiliis,
