<?xml version="1.0" encoding="UTF-8"?>
<!DOCTYPE html PUBLIC "-//W3C//DTD XHTML 1.0 Transitional//EN"
    "http://www.w3.org/TR/xhtml1/DTD/xhtml1-transitional.dtd">
<html xmlns="http://www.w3.org/1999/xhtml" xml:lang="en" lang="en">
 <head>
  <title>
</title>
<meta http-equiv="Content-Type" content="text/html;charset=utf-8" />
  <meta name='ocr-system' content='tesseract 3.04.00' />
  <meta name='ocr-capabilities' content='ocr_page ocr_carea ocr_par ocr_line ocrx_word'/>
</head>
<body>
  <div class='ocr_page' id='page_1' title='image "analectasacrasp05pitrgoog_0653.png"; bbox 0 0 4036 6117; ppageno 0'>
   <div class='ocr_carea' id='block_1_1' title="bbox 309 615 1232 1108">
    <p class='ocr_par' dir='ltr' id='par_1_1' title="bbox 309 615 1232 1108">
     <span class='ocr_line' id='line_1_1' title="bbox 309 615 1107 684; baseline 0.008 -14"><span class='ocrx_word' id='word_1_1' title='bbox 309 615 427 683; x_wconf 80' lang='lat' dir='ltr'><strong>Qui</strong></span> <span class='ocrx_word' id='word_1_2' title='bbox 457 620 768 674; x_wconf 86' lang='lat' dir='ltr'><strong><em>certantem</em></strong></span> <span class='ocrx_word' id='word_1_3' title='bbox 796 618 1107 684; x_wconf 79' lang='lat' dir='ltr'><strong><em>roboravit,</em></strong></span> 
     </span>
     <span class='ocr_line' id='line_1_2' title="bbox 389 688 1110 752; baseline 0.008 -10"><span class='ocrx_word' id='word_1_4' title='bbox 389 688 462 742; x_wconf 85' lang='lat' dir='ltr'><strong><em>Et</em></strong></span> <span class='ocrx_word' id='word_1_5' title='bbox 492 688 763 744; x_wconf 77' lang='lat' dir='ltr'><strong><em>victorem</em></strong></span> <span class='ocrx_word' id='word_1_6' title='bbox 793 693 1110 752; x_wconf 80' lang='lat' dir='ltr'><strong>coronavit.</strong></span> 
     </span>
     <span class='ocr_line' id='line_1_3' title="bbox 390 759 1232 831; baseline 0.01 -18"><span class='ocrx_word' id='word_1_7' title='bbox 390 759 646 814; x_wconf 76' lang='lat' dir='ltr'><strong>Praestet</strong></span> <span class='ocrx_word' id='word_1_8' title='bbox 671 767 728 816; x_wconf 88' lang='lat' dir='ltr'><strong><em>et</em></strong></span> <span class='ocrx_word' id='word_1_9' title='bbox 756 761 899 816; x_wconf 90' lang='lat' dir='ltr'><strong><em>mihi</em></strong></span> <span class='ocrx_word' id='word_1_10' title='bbox 928 778 1232 831; x_wconf 83' lang='lat' dir='ltr'>congruam</span> 
     </span>
     <span class='ocr_line' id='line_1_4' title="bbox 384 828 1070 900; baseline 0.007 -17"><span class='ocrx_word' id='word_1_11' title='bbox 384 828 681 887; x_wconf 80' lang='lat' dir='ltr'>Sermonis</span> <span class='ocrx_word' id='word_1_12' title='bbox 707 832 1070 900; x_wconf 82' lang='lat' dir='ltr'><strong><em>elegantiam.</em></strong></span> 
     </span>
     <span class='ocr_line' id='line_1_5' title="bbox 388 899 1011 969; baseline 0.008 -16"><span class='ocrx_word' id='word_1_13' title='bbox 388 899 468 954; x_wconf 90' lang='lat' dir='ltr'><strong><em>Ne</em></strong></span> <span class='ocrx_word' id='word_1_14' title='bbox 496 908 648 969; x_wconf 79' lang='lat' dir='ltr'><strong><em>gesta</em></strong></span> <span class='ocrx_word' id='word_1_15' title='bbox 680 902 788 956; x_wconf 85' lang='lat' dir='ltr'><strong><em>viri</em></strong></span> <span class='ocrx_word' id='word_1_16' title='bbox 820 902 1011 967; x_wconf 82' lang='lat' dir='ltr'><strong><em>sortia,</em></strong></span> 
     </span>
     <span class='ocr_line' id='line_1_6' title="bbox 390 970 1062 1040; baseline 0.009 -16"><span class='ocrx_word' id='word_1_17' title='bbox 390 970 676 1026; x_wconf 86' lang='lat' dir='ltr'><strong><em>Deauratu</em></strong></span> <span class='ocrx_word' id='word_1_18' title='bbox 704 972 1062 1040; x_wconf 79' lang='lat' dir='ltr'><strong><em>dignissima,</em></strong></span> 
     </span>
     <span class='ocr_line' id='line_1_7' title="bbox 391 1041 1170 1108; baseline 0.006 -12"><span class='ocrx_word' id='word_1_19' title='bbox 391 1041 500 1096; x_wconf 85' lang='lat' dir='ltr'><strong><em>Pro</em></strong></span> <span class='ocrx_word' id='word_1_20' title='bbox 527 1058 725 1099; x_wconf 85' lang='lat' dir='ltr'><strong><em>sensus</em></strong></span> <span class='ocrx_word' id='word_1_21' title='bbox 755 1044 1102 1102; x_wconf 80' lang='lat' dir='ltr'><strong>hebetudine</strong></span> <span class='ocrx_word' id='word_1_22' title='bbox 1129 1046 1170 1108; x_wconf 83' lang='lat'><strong><em>¹)</em></strong></span> 
     </span>
    </p>
   </div>
   <div class='ocr_carea' id='block_1_2' title="bbox 312 1376 3421 1619">
    <p class='ocr_par' dir='ltr' id='par_1_2' title="bbox 312 1376 3421 1619">
     <span class='ocr_line' id='line_1_8' title="bbox 393 1376 3418 1478; baseline 0.01 -47"><span class='ocrx_word' id='word_1_23' title='bbox 393 1376 461 1431; x_wconf 81' lang='lat' dir='ltr'><strong><em>In</em></strong></span> <span class='ocrx_word' id='word_1_24' title='bbox 481 1395 589 1451; x_wconf 75' lang='lat' dir='ltr'><strong><em>quo</em></strong></span> <span class='ocrx_word' id='word_1_25' title='bbox 610 1386 907 1453; x_wconf 70' lang='lat' dir='ltr'><strong><em>assumptio</em></strong></span> <span class='ocrx_word' id='word_1_26' title='bbox 930 1387 1053 1452; x_wconf 75' lang='lat' dir='ltr'><strong><em>ejus</em></strong></span> <span class='ocrx_word' id='word_1_27' title='bbox 1072 1386 1148 1441; x_wconf 77' lang='lat' dir='ltr'><strong><em>ad</em></strong></span> <span class='ocrx_word' id='word_1_28' title='bbox 1169 1391 1554 1461; x_wconf 81' lang='lat' dir='ltr'><strong><em>episcopatum,</em></strong></span> <span class='ocrx_word' id='word_1_29' title='bbox 1579 1395 1827 1464; x_wconf 77' lang='lat' dir='ltr'><strong><em>confusio</em></strong></span> <span class='ocrx_word' id='word_1_30' title='bbox 1848 1397 2264 1457; x_wconf 72' lang='lat' dir='ltr'><strong><em>detrahentium.</em></strong></span> <span class='ocrx_word' id='word_1_31' title='bbox 2286 1398 2642 1468; x_wconf 75' lang='lat' dir='ltr'><strong><em>pulchritudo</em></strong></span> <span class='ocrx_word' id='word_1_32' title='bbox 2670 1405 2951 1458; x_wconf 76' lang='lat' dir='ltr'><strong><em>interioris</em></strong></span> <span class='ocrx_word' id='word_1_33' title='bbox 2968 1404 3205 1461; x_wconf 75' lang='lat' dir='ltr'><strong><em>hominis</em></strong></span> <span class='ocrx_word' id='word_1_34' title='bbox 3224 1410 3418 1478; x_wconf 74' lang='lat' dir='ltr'><strong><em>ipsius,</em></strong></span> 
     </span>
     <span class='ocr_line' id='line_1_9' title="bbox 312 1450 3421 1549; baseline 0.011 -48"><span class='ocrx_word' id='word_1_35' title='bbox 312 1464 389 1502; x_wconf 75' lang='lat' dir='ltr'><strong><em>ex</em></strong></span> <span class='ocrx_word' id='word_1_36' title='bbox 414 1450 599 1504; x_wconf 82' lang='lat' dir='ltr'><strong><em>decore</em></strong></span> <span class='ocrx_word' id='word_1_37' title='bbox 622 1468 715 1505; x_wconf 77' lang='lat' dir='ltr'><strong><em>seu</em></strong></span> <span class='ocrx_word' id='word_1_38' title='bbox 737 1454 1068 1522; x_wconf 77' lang='lat' dir='ltr'><strong><em>fortitudine</em></strong></span> <span class='ocrx_word' id='word_1_39' title='bbox 1104 1461 1328 1514; x_wconf 78' lang='lat' dir='ltr'><strong><em>virtutis</em></strong></span> <span class='ocrx_word' id='word_1_40' title='bbox 1351 1469 1647 1525; x_wconf 80' lang='lat' dir='ltr'><strong><em>contracta.</em></strong></span> <span class='ocrx_word' id='word_1_41' title='bbox 1689 1467 2024 1522; x_wconf 78' lang='lat' dir='ltr'><strong><em>humilitatis</em></strong></span> <span class='ocrx_word' id='word_1_42' title='bbox 2046 1474 2096 1523; x_wconf 82' lang='lat' dir='ltr'><strong><em>et</em></strong></span> <span class='ocrx_word' id='word_1_43' title='bbox 2132 1473 2474 1540; x_wconf 76' lang='lat' dir='ltr'><strong><em>paupertatis</em></strong></span> <span class='ocrx_word' id='word_1_44' title='bbox 2509 1474 2571 1525; x_wconf 79' lang='lat' dir='ltr'><strong><em>in</em></strong></span> <span class='ocrx_word' id='word_1_45' title='bbox 2607 1477 2896 1529; x_wconf 80' lang='lat' dir='ltr'><strong><em>eminentia</em></strong></span> <span class='ocrx_word' id='word_1_46' title='bbox 2923 1482 2972 1529; x_wconf 87' lang='lat' dir='ltr'><strong><em>et</em></strong></span> <span class='ocrx_word' id='word_1_47' title='bbox 3009 1478 3279 1549; x_wconf 72' lang='lat' dir='ltr'><strong><em>diqnitate</em></strong></span> <span class='ocrx_word' id='word_1_48' title='bbox 3377 1482 3421 1533; x_wconf 84' lang='lat' dir='ltr'><strong><em>i·</em></strong></span> 
     </span>
     <span class='ocr_line' id='line_1_10' title="bbox 312 1521 3421 1619; baseline 0.011 -49"><span class='ocrx_word' id='word_1_49' title='bbox 312 1521 529 1590; x_wconf 72' lang='lat' dir='ltr'><strong><em>scopuli</em></strong></span> <span class='ocrx_word' id='word_1_50' title='bbox 551 1526 856 1585; x_wconf 79' lang='lat' dir='ltr'><strong><em>retentatio,</em></strong></span> <span class='ocrx_word' id='word_1_51' title='bbox 884 1530 932 1578; x_wconf 84' lang='lat' dir='ltr'><strong><em>et</em></strong></span> <span class='ocrx_word' id='word_1_52' title='bbox 955 1530 1200 1597; x_wconf 74' lang='lat' dir='ltr'><strong><em>exempla</em></strong></span> <span class='ocrx_word' id='word_1_53' title='bbox 1224 1532 1299 1583; x_wconf 81' lang='lat' dir='ltr'><strong><em>od</em></strong></span> <span class='ocrx_word' id='word_1_54' title='bbox 1325 1534 1384 1586; x_wconf 73' lang='lat' dir='ltr'><strong><em>id</em></strong></span> <span class='ocrx_word' id='word_1_55' title='bbox 1406 1538 1758 1603; x_wconf 79' lang='lat' dir='ltr'><strong><em>pertinentia,</em></strong></span> <span class='ocrx_word' id='word_1_56' title='bbox 1789 1538 2088 1609; x_wconf 78' lang='lat' dir='ltr'><strong><em>pastoralis</em></strong></span> <span class='ocrx_word' id='word_1_57' title='bbox 2112 1542 2306 1609; x_wconf 75' lang='lat' dir='ltr'><strong><em>virque</em></strong></span> <span class='ocrx_word' id='word_1_58' title='bbox 2337 1545 2385 1593; x_wconf 80' lang='lat' dir='ltr'><strong><em>et</em></strong></span> <span class='ocrx_word' id='word_1_59' title='bbox 2408 1543 2613 1596; x_wconf 78' lang='lat' dir='ltr'><strong><em>annuli</em></strong></span> <span class='ocrx_word' id='word_1_60' title='bbox 2642 1545 2975 1615; x_wconf 77' lang='lat' dir='ltr'><strong><em>pontificalis</em></strong></span> <span class='ocrx_word' id='word_1_61' title='bbox 3013 1549 3214 1619; x_wconf 75' lang='lat' dir='ltr'><strong><em>quibus</em></strong></span> <span class='ocrx_word' id='word_1_62' title='bbox 3240 1554 3327 1602; x_wconf 78' lang='lat' dir='ltr'><strong><em>ute</em></strong></span> <span class='ocrx_word' id='word_1_63' title='bbox 3402 1581 3421 1588; x_wconf 95' lang='lat'>-</span> 
     </span>
    </p>
   </div>
   <div class='ocr_carea' id='block_1_3' title="bbox 315 1592 885 1730">
    <p class='ocr_par' dir='ltr' id='par_1_3' title="bbox 315 1592 885 1730">
     <span class='ocr_line' id='line_1_11' title="bbox 316 1592 885 1661; baseline 0.012 -20"><span class='ocrx_word' id='word_1_64' title='bbox 316 1594 414 1644; x_wconf 72' lang='lat' dir='ltr'><strong><em>tur·</em></strong></span> <span class='ocrx_word' id='word_1_65' title='bbox 437 1592 792 1661; x_wconf 72' lang='lat' dir='ltr'><strong><em>siqnificatio‚</em></strong></span> <span class='ocrx_word' id='word_1_66' title='bbox 831 1612 885 1648; x_wconf 76' lang='lat' dir='ltr'><strong><em>ve</em></strong></span> 
     </span>
     <span class='ocr_line' id='line_1_12' title="bbox 315 1662 782 1730; baseline 0.009 -17"><span class='ocrx_word' id='word_1_67' title='bbox 315 1662 405 1714; x_wconf 82' lang='lat' dir='ltr'><strong><em>tia</em></strong></span> <span class='ocrx_word' id='word_1_68' title='bbox 431 1663 782 1730; x_wconf 60' lang='lat' dir='ltr'><strong><em>differuntur.</em></strong></span> 
     </span>
    </p>
   </div>
   <div class='ocr_carea' id='block_1_4' title="bbox 1596 516 2107 564">
    <p class='ocr_par' dir='ltr' id='par_1_4' title="bbox 1596 516 2107 564">
     <span class='ocr_line' id='line_1_13' title="bbox 1596 516 2107 564; baseline 0.014 -7"><span class='ocrx_word' id='word_1_69' title='bbox 1596 516 1726 558; x_wconf 64' lang='lat'><strong><em>1310)</em></strong></span> <span class='ocrx_word' id='word_1_70' title='bbox 1753 519 1963 564; x_wconf 49' lang='grc'>81111,</span> <span class='ocrx_word' id='word_1_71' title='bbox 1987 521 2021 563; x_wconf 78' lang='grc' dir='ltr'>λ</span> <span class='ocrx_word' id='word_1_72' title='bbox 2052 522 2107 564; x_wconf 54' lang='lat' dir='ltr'><strong><em>ll.</em></strong></span> 
     </span>
    </p>
   </div>
   <div class='ocr_carea' id='block_1_5' title="bbox 2016 634 2858 1125">
    <p class='ocr_par' dir='ltr' id='par_1_5' title="bbox 2016 634 2858 1125">
     <span class='ocr_line' id='line_1_14' title="bbox 2022 634 2858 705; baseline 0.016 -18"><span class='ocrx_word' id='word_1_73' title='bbox 2022 634 2141 689; x_wconf 79' lang='lat' dir='ltr'><strong><em>Vili</em></strong></span> <span class='ocrx_word' id='word_1_74' title='bbox 2176 634 2521 691; x_wconf 81' lang='lat' dir='ltr'><strong>circumdem</strong></span> <span class='ocrx_word' id='word_1_75' title='bbox 2550 639 2858 705; x_wconf 83' lang='lat' dir='ltr'><strong><em>schematc;</em></strong></span> 
     </span>
     <span class='ocr_line' id='line_1_15' title="bbox 2021 705 2697 765; baseline 0.007 -5"><span class='ocrx_word' id='word_1_76' title='bbox 2021 705 2128 760; x_wconf 86' lang='lat' dir='ltr'><strong><em>Sed</em></strong></span> <span class='ocrx_word' id='word_1_77' title='bbox 2157 712 2214 760; x_wconf 92' lang='lat' dir='ltr'><strong><em>et</em></strong></span> <span class='ocrx_word' id='word_1_78' title='bbox 2240 713 2421 762; x_wconf 89' lang='lat' dir='ltr'><strong><em>mater</em></strong></span> <span class='ocrx_word' id='word_1_79' title='bbox 2446 709 2697 765; x_wconf 81' lang='lat' dir='ltr'><strong>Ecclesia</strong></span> 
     </span>
     <span class='ocr_line' id='line_1_16' title="bbox 2024 777 2665 847; baseline 0.006 -16"><span class='ocrx_word' id='word_1_80' title='bbox 2024 777 2163 847; x_wconf 86' lang='lat' dir='ltr'><strong><em>Ejus</em></strong></span> <span class='ocrx_word' id='word_1_81' title='bbox 2191 779 2417 832; x_wconf 86' lang='lat' dir='ltr'><strong><em>attollat</em></strong></span> <span class='ocrx_word' id='word_1_82' title='bbox 2447 780 2665 836; x_wconf 90' lang='lat' dir='ltr'><strong><em>merita.</em></strong></span> 
     </span>
     <span class='ocr_line' id='line_1_17' title="bbox 2017 846 2691 921; baseline 0.007 -20"><span class='ocrx_word' id='word_1_83' title='bbox 2017 846 2198 917; x_wconf 86' lang='lat' dir='ltr'><strong><em>Cujus</em></strong></span> <span class='ocrx_word' id='word_1_84' title='bbox 2229 847 2284 902; x_wconf 91' lang='lat' dir='ltr'><strong><em>in</em></strong></span> <span class='ocrx_word' id='word_1_85' title='bbox 2313 849 2433 904; x_wconf 88' lang='lat' dir='ltr'><strong><em>suis</em></strong></span> <span class='ocrx_word' id='word_1_86' title='bbox 2460 850 2691 921; x_wconf 88' lang='lat' dir='ltr'><strong><em>praeliis</em></strong></span> 
     </span>
     <span class='ocr_line' id='line_1_18' title="bbox 2016 917 2820 988; baseline 0.009 -17"><span class='ocrx_word' id='word_1_87' title='bbox 2016 917 2255 988; x_wconf 80' lang='lat' dir='ltr'><strong><em>Semper</em></strong></span> <span class='ocrx_word' id='word_1_88' title='bbox 2279 918 2606 976; x_wconf 79' lang='lat' dir='ltr'><strong><em>defensatur</em></strong></span> <span class='ocrx_word' id='word_1_89' title='bbox 2631 924 2820 978; x_wconf 89' lang='lat' dir='ltr'><strong><em>armis.</em></strong></span> 
     </span>
     <span class='ocr_line' id='line_1_19' title="bbox 2020 988 2627 1062; baseline -0.003 -18"><span class='ocrx_word' id='word_1_90' title='bbox 2020 988 2134 1044; x_wconf 83' lang='lat' dir='ltr'><strong>Hic</strong></span> <span class='ocrx_word' id='word_1_91' title='bbox 2162 989 2343 1044; x_wconf 86' lang='lat' dir='ltr'><strong><em>nobili</em></strong></span> <span class='ocrx_word' id='word_1_92' title='bbox 2373 991 2627 1062; x_wconf 78' lang='lat' dir='ltr'><strong><em>prosapia</em></strong></span> 
     </span>
     <span class='ocr_line' id='line_1_20' title="bbox 2021 1058 2829 1125; baseline 0.009 -12"><span class='ocrx_word' id='word_1_93' title='bbox 2021 1058 2269 1114; x_wconf 78' lang='lat' dir='ltr'><strong><em>Exortus</em></strong></span> <span class='ocrx_word' id='word_1_94' title='bbox 2298 1060 2355 1115; x_wconf 92' lang='lat' dir='ltr'><strong><em>in</em></strong></span> <span class='ocrx_word' id='word_1_95' title='bbox 2385 1063 2693 1125; x_wconf 84' lang='lat' dir='ltr'><strong><em>Pannonia,</em></strong></span> <span class='ocrx_word' id='word_1_96' title='bbox 2725 1073 2829 1119; x_wconf 84' lang='lat' dir='ltr'><strong><em>etc.</em></strong></span> 
     </span>
    </p>
   </div>
   <div class='ocr_carea' id='block_1_6' title="bbox 1522 1219 2240 1283">
    <p class='ocr_par' dir='ltr' id='par_1_6' title="bbox 1522 1219 2240 1283">
     <span class='ocr_line' id='line_1_21' title="bbox 1522 1219 2240 1283; baseline 0.008 -6"><span class='ocrx_word' id='word_1_97' title='bbox 1522 1219 1822 1283; x_wconf 79' lang='lat' dir='ltr'><strong>INCIPIT</strong></span> <span class='ocrx_word' id='word_1_98' title='bbox 1873 1224 1946 1282; x_wconf 88' lang='lat'><strong><em>11.</em></strong></span> <span class='ocrx_word' id='word_1_99' title='bbox 2001 1224 2240 1283; x_wconf 78' lang='lat' dir='ltr'><strong>LIBER</strong></span> 
     </span>
    </p>
   </div>
   <div class='ocr_carea' id='block_1_7' title="bbox 887 1599 3419 1690">
    <p class='ocr_par' dir='ltr' id='par_1_7' title="bbox 887 1599 3419 1690">
     <span class='ocr_line' id='line_1_22' title="bbox 887 1599 3419 1690; baseline 0.011 -43"><span class='ocrx_word' id='word_1_100' title='bbox 887 1612 992 1664; x_wconf 67' lang='grc' dir='ltr'><strong><em>ρον</em></strong></span> <span class='ocrx_word' id='word_1_101' title='bbox 1014 1599 1363 1670; x_wconf 74' lang='lat' dir='ltr'><strong><em>disciplinae.</em></strong></span> <span class='ocrx_word' id='word_1_102' title='bbox 1403 1613 1450 1658; x_wconf 81' lang='lat' dir='ltr'><strong><em>et</em></strong></span> <span class='ocrx_word' id='word_1_103' title='bbox 1475 1607 1597 1660; x_wconf 69' lang='lat' dir='ltr'><strong><em>alia</em></strong></span> <span class='ocrx_word' id='word_1_104' title='bbox 1633 1610 1901 1663; x_wconf 61' lang='lat' dir='ltr'><strong><em>nonnulla</em></strong></span> <span class='ocrx_word' id='word_1_105' title='bbox 1925 1611 2001 1662; x_wconf 80' lang='lat' dir='ltr'><strong><em>ad</em></strong></span> <span class='ocrx_word' id='word_1_106' title='bbox 2036 1610 2378 1681; x_wconf 76' lang='lat' dir='ltr'><strong><em>spiritualem</em></strong></span> <span class='ocrx_word' id='word_1_107' title='bbox 2411 1620 2585 1667; x_wconf 74' lang='lat' dir='ltr'><strong><em>sancti</em></strong></span> <span class='ocrx_word' id='word_1_108' title='bbox 2625 1616 2860 1669; x_wconf 69' lang='lat' dir='ltr'><strong><em>hominis</em></strong></span> <span class='ocrx_word' id='word_1_109' title='bbox 2887 1617 3145 1672; x_wconf 79' lang='lat' dir='ltr'><strong><em>militiam</em></strong></span> <span class='ocrx_word' id='word_1_110' title='bbox 3182 1626 3419 1690; x_wconf 69' lang='lat' dir='ltr'><strong><em>spectan-</em></strong></span> 
     </span>
    </p>
   </div>
   <div class='ocr_carea' id='block_1_8' title="bbox 1283 1839 2467 1925">
    <p class='ocr_par' dir='ltr' id='par_1_8' title="bbox 1283 1839 2467 1925">
     <span class='ocr_line' id='line_1_23' title="bbox 1283 1839 2467 1925; baseline 0.009 -29"><span class='ocrx_word' id='word_1_111' title='bbox 1283 1839 1649 1902; x_wconf 73' lang='lat' dir='ltr'><strong><em>Pastoralis</em></strong></span> <span class='ocrx_word' id='word_1_112' title='bbox 1697 1846 1916 1923; x_wconf 65' lang='lat' dir='ltr'><strong><em>virque</em></strong></span> <span class='ocrx_word' id='word_1_113' title='bbox 1971 1847 2380 1924; x_wconf 75' lang='lat' dir='ltr'><strong><em>siqnificatiO.</em></strong></span> <span class='ocrx_word' id='word_1_114' title='bbox 2416 1844 2467 1925; x_wconf 78' lang='lat'><strong><em>²)</em></strong></span> 
     </span>
    </p>
   </div>
   <div class='ocr_carea' id='block_1_9' title="bbox 321 1996 1161 2073">
    <p class='ocr_par' dir='ltr' id='par_1_9' title="bbox 321 1996 1161 2073">
     <span class='ocr_line' id='line_1_24' title="bbox 321 1996 1161 2073; baseline 0.011 -21"><span class='ocrx_word' id='word_1_115' title='bbox 321 1997 444 2052; x_wconf 82' lang='lat' dir='ltr'><strong><em>Non</em></strong></span> <span class='ocrx_word' id='word_1_116' title='bbox 477 1996 701 2066; x_wconf 81' lang='lat' dir='ltr'><strong><em>ignorat</em></strong></span> <span class='ocrx_word' id='word_1_117' title='bbox 725 2014 838 2068; x_wconf 84' lang='lat' dir='ltr'><strong><em>quo</em></strong></span> <span class='ocrx_word' id='word_1_118' title='bbox 865 2002 1161 2073; x_wconf 80' lang='lat' dir='ltr'><strong><em>mysticus.</em></strong></span> 
     </span>
    </p>
   </div>
   <div class='ocr_carea' id='block_1_10' title="bbox 394 2068 1340 2144">
    <p class='ocr_par' dir='ltr' id='par_1_10' title="bbox 394 2068 1340 2144">
     <span class='ocr_line' id='line_1_25' title="bbox 394 2068 1340 2144; baseline 0.017 -25"><span class='ocrx_word' id='word_1_119' title='bbox 394 2068 574 2134; x_wconf 85' lang='lat' dir='ltr'><strong>Quem</strong></span> <span class='ocrx_word' id='word_1_120' title='bbox 604 2075 808 2137; x_wconf 84' lang='lat' dir='ltr'><strong><em>gestat.</em></strong></span> <span class='ocrx_word' id='word_1_121' title='bbox 838 2081 1055 2144; x_wconf 81' lang='lat' dir='ltr'><strong><em>spectet</em></strong></span> <span class='ocrx_word' id='word_1_122' title='bbox 1085 2076 1340 2140; x_wconf 82' lang='lat' dir='ltr'><strong><em>baculus.</em></strong></span> 
     </span>
    </p>
   </div>
   <div class='ocr_carea' id='block_1_11' title="bbox 388 2139 1238 3347">
    <p class='ocr_par' dir='ltr' id='par_1_11' title="bbox 388 2139 1238 3278">
     <span class='ocr_line' id='line_1_26' title="bbox 388 2139 1164 2203; baseline 0.009 -9"><span class='ocrx_word' id='word_1_123' title='bbox 388 2139 630 2194; x_wconf 85' lang='lat' dir='ltr'><strong><em>Summo</em></strong></span> <span class='ocrx_word' id='word_1_124' title='bbox 657 2156 944 2203; x_wconf 86' lang='lat' dir='ltr'><strong><em>recurvus.</em></strong></span> <span class='ocrx_word' id='word_1_125' title='bbox 975 2147 1164 2202; x_wconf 88' lang='lat' dir='ltr'><strong><em>medio</em></strong></span> 
     </span>
     <span class='ocr_line' id='line_1_27' title="bbox 395 2210 1100 2272; baseline 0.01 -8"><span class='ocrx_word' id='word_1_126' title='bbox 395 2210 626 2272; x_wconf 78' lang='lat' dir='ltr'><strong><em>Rectus.</em></strong></span> <span class='ocrx_word' id='word_1_127' title='bbox 656 2218 857 2269; x_wconf 88' lang='lat' dir='ltr'><strong><em>acutus</em></strong></span> <span class='ocrx_word' id='word_1_128' title='bbox 887 2215 1100 2271; x_wconf 78' lang='lat' dir='ltr'><strong><em>intimo:</em></strong></span> 
     </span>
     <span class='ocr_line' id='line_1_28' title="bbox 396 2280 1147 2350; baseline 0.016 -17"><span class='ocrx_word' id='word_1_129' title='bbox 396 2280 618 2345; x_wconf 87' lang='lat' dir='ltr'><strong>Quibus</strong></span> <span class='ocrx_word' id='word_1_130' title='bbox 645 2281 824 2350; x_wconf 80' lang='lat' dir='ltr'><strong><em>signis</em></strong></span> <span class='ocrx_word' id='word_1_131' title='bbox 850 2289 1147 2345; x_wconf 82' lang='lat' dir='ltr'><strong><em>revocandi</em></strong></span> 
     </span>
     <span class='ocr_line' id='line_1_29' title="bbox 394 2351 1153 2415; baseline 0.012 -10"><span class='ocrx_word' id='word_1_132' title='bbox 394 2351 790 2415; x_wconf 85' lang='lat' dir='ltr'><strong><em>Sustentandi.</em></strong></span> <span class='ocrx_word' id='word_1_133' title='bbox 821 2356 1153 2415; x_wconf 88' lang='lat' dir='ltr'><strong><em>stimulandi</em></strong></span> 
     </span>
     <span class='ocr_line' id='line_1_30' title="bbox 391 2421 1165 2492; baseline 0.017 -19"><span class='ocrx_word' id='word_1_134' title='bbox 391 2421 621 2492; x_wconf 85' lang='lat' dir='ltr'><strong>Quique</strong></span> <span class='ocrx_word' id='word_1_135' title='bbox 646 2422 921 2480; x_wconf 88' lang='lat' dir='ltr'><strong><em>docentur</em></strong></span> <span class='ocrx_word' id='word_1_136' title='bbox 947 2429 1165 2486; x_wconf 87' lang='lat' dir='ltr'><strong><em>subditi</em></strong></span> 
     </span>
     <span class='ocr_line' id='line_1_31' title="bbox 401 2493 1059 2555; baseline 0.011 -8"><span class='ocrx_word' id='word_1_137' title='bbox 401 2493 507 2547; x_wconf 84' lang='lat' dir='ltr'><strong><em>Pro</em></strong></span> <span class='ocrx_word' id='word_1_138' title='bbox 539 2510 701 2548; x_wconf 89' lang='lat' dir='ltr'><strong><em>cansa</em></strong></span> <span class='ocrx_word' id='word_1_139' title='bbox 730 2496 816 2551; x_wconf 91' lang='lat' dir='ltr'><strong><em>sui</em></strong></span> <span class='ocrx_word' id='word_1_140' title='bbox 848 2499 1059 2555; x_wconf 83' lang='lat' dir='ltr'><strong><em>meriti.</em></strong></span> 
     </span>
     <span class='ocr_line' id='line_1_32' title="bbox 389 2562 1102 2629; baseline 0.011 -13"><span class='ocrx_word' id='word_1_141' title='bbox 389 2562 551 2629; x_wconf 85' lang='lat' dir='ltr'><strong>Quin</strong></span> <span class='ocrx_word' id='word_1_142' title='bbox 578 2565 749 2621; x_wconf 84' lang='lat' dir='ltr'><strong><em>etiam</em></strong></span> <span class='ocrx_word' id='word_1_143' title='bbox 780 2566 913 2624; x_wconf 81' lang='lat' dir='ltr'><strong><em>ferri</em></strong></span> <span class='ocrx_word' id='word_1_144' title='bbox 943 2571 1102 2625; x_wconf 84' lang='lat' dir='ltr'><strong><em>clavo</em></strong></span> 
     </span>
     <span class='ocr_line' id='line_1_33' title="bbox 398 2634 1191 2706; baseline 0.014 -20"><span class='ocrx_word' id='word_1_145' title='bbox 398 2634 523 2699; x_wconf 93' lang='lat' dir='ltr'><strong><em>Quo</em></strong></span> <span class='ocrx_word' id='word_1_146' title='bbox 550 2641 802 2692; x_wconf 88' lang='lat' dir='ltr'><strong><em>armatur</em></strong></span> <span class='ocrx_word' id='word_1_147' title='bbox 830 2640 887 2693; x_wconf 91' lang='lat' dir='ltr'><strong><em>in</em></strong></span> <span class='ocrx_word' id='word_1_148' title='bbox 914 2647 1191 2706; x_wconf 80' lang='lat' dir='ltr'><strong><em>extremo.</em></strong></span> 
     </span>
     <span class='ocr_line' id='line_1_34' title="bbox 401 2703 1171 2779; baseline 0.013 -20"><span class='ocrx_word' id='word_1_149' title='bbox 401 2703 744 2762; x_wconf 78' lang='lat' dir='ltr'><strong><em>lnt‘estantes</em></strong></span> <span class='ocrx_word' id='word_1_150' title='bbox 771 2724 992 2779; x_wconf 83' lang='lat' dir='ltr'><strong><em>gregem</em></strong></span> <span class='ocrx_word' id='word_1_151' title='bbox 1024 2711 1171 2769; x_wconf 80' lang='lat' dir='ltr'><strong><em>serae</em></strong></span> 
     </span>
     <span class='ocr_line' id='line_1_35' title="bbox 398 2776 1130 2851; baseline 0.015 -23"><span class='ocrx_word' id='word_1_152' title='bbox 398 2776 726 2832; x_wconf 78' lang='lat' dir='ltr'><strong><em>Innuuntur</em></strong></span> <span class='ocrx_word' id='word_1_153' title='bbox 752 2783 1130 2851; x_wconf 82' lang='lat' dir='ltr'><strong><em>conligendae.</em></strong></span> 
     </span>
     <span class='ocr_line' id='line_1_36' title="bbox 398 2848 1238 2922; baseline 0.011 -21"><span class='ocrx_word' id='word_1_154' title='bbox 398 2848 553 2902; x_wconf 81' lang='lat' dir='ltr'><strong><em>Haec</em></strong></span> <span class='ocrx_word' id='word_1_155' title='bbox 580 2850 862 2906; x_wconf 86' lang='lat' dir='ltr'><strong><em>Martinus</em></strong></span> <span class='ocrx_word' id='word_1_156' title='bbox 892 2854 1079 2922; x_wconf 78' lang='lat' dir='ltr'><strong><em>virgae</em></strong></span> <span class='ocrx_word' id='word_1_157' title='bbox 1107 2873 1238 2910; x_wconf 85' lang='lat' dir='ltr'><strong><em>suae</em></strong></span> 
     </span>
     <span class='ocr_line' id='line_1_37' title="bbox 394 2918 1106 2979; baseline 0.011 -7"><span class='ocrx_word' id='word_1_158' title='bbox 394 2918 749 2974; x_wconf 85' lang='lat' dir='ltr'><strong><em>Monimenta</em></strong></span> <span class='ocrx_word' id='word_1_159' title='bbox 777 2924 1106 2979; x_wconf 81' lang='lat' dir='ltr'><strong><em>cautissime</em></strong></span> 
     </span>
     <span class='ocr_line' id='line_1_38' title="bbox 395 2989 1162 3055; baseline 0.012 -13"><span class='ocrx_word' id='word_1_160' title='bbox 395 2989 794 3055; x_wconf 78' lang='lat' dir='ltr'><strong><em>ConsideranS‚</em></strong></span> <span class='ocrx_word' id='word_1_161' title='bbox 826 2993 970 3049; x_wconf 78' lang='lat' dir='ltr'><strong><em>serre</em></strong></span> <span class='ocrx_word' id='word_1_162' title='bbox 999 3012 1162 3050; x_wconf 91' lang='lat' dir='ltr'><strong><em>suum</em></strong></span> 
     </span>
     <span class='ocr_line' id='line_1_39' title="bbox 394 3060 1117 3145; baseline 0.008 -30"><span class='ocrx_word' id='word_1_163' title='bbox 394 3060 470 3116; x_wconf 90' lang='lat' dir='ltr'><strong><em>Se</em></strong></span> <span class='ocrx_word' id='word_1_164' title='bbox 498 3070 788 3145; x_wconf 86' lang='lat' dir='ltr'><strong><em>computat</em></strong></span> <span class='ocrx_word' id='word_1_165' title='bbox 811 3066 1117 3135; x_wconf 87' lang='lat' dir='ltr'><strong><em>judicium.</em></strong></span> 
     </span>
     <span class='ocr_line' id='line_1_40' title="bbox 394 3132 1110 3209; baseline 0.01 -22"><span class='ocrx_word' id='word_1_166' title='bbox 394 3132 458 3187; x_wconf 89' lang='lat' dir='ltr'><strong>Si</strong></span> <span class='ocrx_word' id='word_1_167' title='bbox 489 3148 600 3187; x_wconf 91' lang='lat' dir='ltr'><strong><em>non</em></strong></span> <span class='ocrx_word' id='word_1_168' title='bbox 635 3136 924 3205; x_wconf 81' lang='lat' dir='ltr'><strong><em>impendat</em></strong></span> <span class='ocrx_word' id='word_1_169' title='bbox 953 3140 1110 3209; x_wconf 89' lang='lat' dir='ltr'><strong><em>operi</em></strong></span> 
     </span>
     <span class='ocr_line' id='line_1_41' title="bbox 397 3202 982 3278; baseline 0.009 -20"><span class='ocrx_word' id='word_1_170' title='bbox 397 3202 659 3259; x_wconf 82' lang='lat' dir='ltr'><strong><em>Officium</em></strong></span> <span class='ocrx_word' id='word_1_171' title='bbox 690 3208 982 3278; x_wconf 82' lang='lat' dir='ltr'><strong><em>pastorali,</em></strong></span> 
     </span>
    </p>

    <p class='ocr_par' dir='ltr' id='par_1_12' title="bbox 400 3273 1210 3347">
     <span class='ocr_line' id='line_1_42' title="bbox 400 3273 1210 3347; baseline 0.012 -21"><span class='ocrx_word' id='word_1_172' title='bbox 400 3273 472 3327; x_wconf 86' lang='lat' dir='ltr'><strong><em>Et</em></strong></span> <span class='ocrx_word' id='word_1_173' title='bbox 500 3276 776 3347; x_wconf 82' lang='lat' dir='ltr'><strong><em>exemplis</em></strong></span> <span class='ocrx_word' id='word_1_174' title='bbox 804 3278 882 3333; x_wconf 90' lang='lat' dir='ltr'><strong><em>rei</em></strong></span> <span class='ocrx_word' id='word_1_175' title='bbox 914 3279 1210 3336; x_wconf 80' lang='lat' dir='ltr'><strong><em>confirmet</em></strong></span> 
     </span>
    </p>
   </div>
   <div class='ocr_carea' id='block_1_12' title="bbox 400 3343 1333 3423">
    <p class='ocr_par' dir='ltr' id='par_1_13' title="bbox 400 3343 1333 3423">
     <span class='ocr_line' id='line_1_43' title="bbox 400 3343 1333 3423; baseline 0.012 -29"><span class='ocrx_word' id='word_1_176' title='bbox 400 3343 555 3409; x_wconf 84' lang='lat' dir='ltr'><strong><em>Quae</em></strong></span> <span class='ocrx_word' id='word_1_177' title='bbox 582 3348 867 3418; x_wconf 86' lang='lat' dir='ltr'><strong><em>subjectos</em></strong></span> <span class='ocrx_word' id='word_1_178' title='bbox 896 3350 1083 3405; x_wconf 82' lang='lat' dir='ltr'><strong><em>verbis</em></strong></span> <span class='ocrx_word' id='word_1_179' title='bbox 1109 3350 1289 3407; x_wconf 87' lang='lat' dir='ltr'><strong><em>docet.</em></strong></span> <span class='ocrx_word' id='word_1_180' title='bbox 1330 3420 1333 3423; x_wconf 10' lang='grc' dir='ltr'><em>ὴ</em></span> 
     </span>
    </p>
   </div>
   <div class='ocr_carea' id='block_1_13' title="bbox 331 3413 1316 4835">
    <p class='ocr_par' dir='ltr' id='par_1_14' title="bbox 331 3413 1316 4835">
     <span class='ocr_line' id='line_1_44' title="bbox 331 3413 1168 3499; baseline 0.011 -33"><span class='ocrx_word' id='word_1_181' title='bbox 331 3413 674 3471; x_wconf 70' lang='lat' dir='ltr'><strong><em>pastoralem</em></strong></span> <span class='ocrx_word' id='word_1_182' title='bbox 704 3433 929 3499; x_wconf 84' lang='lat' dir='ltr'><strong><em>quoque</em></strong></span> <span class='ocrx_word' id='word_1_183' title='bbox 958 3421 1168 3489; x_wconf 78' lang='lat' dir='ltr'><strong><em>virgam</em></strong></span> 
     </span>
     <span class='ocr_line' id='line_1_45' title="bbox 403 3485 1254 3562; baseline 0.009 -23"><span class='ocrx_word' id='word_1_184' title='bbox 403 3485 554 3541; x_wconf 85' lang='lat' dir='ltr'><strong>Dicit</strong></span> <span class='ocrx_word' id='word_1_185' title='bbox 587 3487 740 3556; x_wconf 75' lang='lat' dir='ltr'><strong><em>fungi</em></strong></span> <span class='ocrx_word' id='word_1_186' title='bbox 775 3489 964 3558; x_wconf 85' lang='lat' dir='ltr'><strong><em>lingua</em></strong></span> <span class='ocrx_word' id='word_1_187' title='bbox 992 3494 1254 3562; x_wconf 85' lang='lat' dir='ltr'><strong><em>quadam.</em></strong></span> 
     </span>
     <span class='ocr_line' id='line_1_46' title="bbox 402 3557 1316 3626; baseline 0.01 -17"><span class='ocrx_word' id='word_1_188' title='bbox 402 3557 584 3623; x_wconf 88' lang='lat' dir='ltr'><strong><em>Quam</em></strong></span> <span class='ocrx_word' id='word_1_189' title='bbox 615 3565 868 3626; x_wconf 73' lang='lat' dir='ltr'><strong><em>gestante</em></strong></span> <span class='ocrx_word' id='word_1_190' title='bbox 895 3559 941 3625; x_wconf 80' lang='lat'><strong><em>⁸)</em></strong></span> <span class='ocrx_word' id='word_1_191' title='bbox 969 3577 1048 3624; x_wconf 86' lang='lat' dir='ltr'><strong><em>se,</em></strong></span> <span class='ocrx_word' id='word_1_192' title='bbox 1082 3564 1316 3619; x_wconf 87' lang='lat' dir='ltr'><strong><em>monitis</em></strong></span> 
     </span>
     <span class='ocr_line' id='line_1_47' title="bbox 402 3627 986 3686; baseline 0.012 -7"><span class='ocrx_word' id='word_1_193' title='bbox 402 3627 719 3685; x_wconf 78' lang='lat' dir='ltr'><strong><em>Conveniat</em></strong></span> <span class='ocrx_word' id='word_1_194' title='bbox 744 3631 986 3686; x_wconf 79' lang='lat' dir='ltr'><strong><em>assiduis</em></strong></span> 
     </span>
     <span class='ocr_line' id='line_1_48' title="bbox 410 3699 1175 3773; baseline 0.007 -21"><span class='ocrx_word' id='word_1_195' title='bbox 410 3699 621 3767; x_wconf 77' lang='lat' dir='ltr'><strong><em>Lingua</em></strong></span> <span class='ocrx_word' id='word_1_196' title='bbox 651 3701 795 3771; x_wconf 86' lang='lat' dir='ltr'><strong><em>ejus,</em></strong></span> <span class='ocrx_word' id='word_1_197' title='bbox 825 3703 948 3773; x_wconf 88' lang='lat' dir='ltr'><strong><em>ejus</em></strong></span> <span class='ocrx_word' id='word_1_198' title='bbox 979 3702 1175 3767; x_wconf 80' lang='lat' dir='ltr'><strong><em>forma,</em></strong></span> 
     </span>
     <span class='ocr_line' id='line_1_49' title="bbox 405 3768 1163 3844; baseline 0.008 -22"><span class='ocrx_word' id='word_1_199' title='bbox 405 3768 561 3834; x_wconf 83' lang='lat' dir='ltr'><strong><em>Quae</em></strong></span> <span class='ocrx_word' id='word_1_200' title='bbox 587 3770 827 3826; x_wconf 80' lang='lat' dir='ltr'><strong><em>diversis</em></strong></span> <span class='ocrx_word' id='word_1_201' title='bbox 855 3777 1163 3844; x_wconf 87' lang='lat' dir='ltr'><strong><em>composita</em></strong></span> 
     </span>
     <span class='ocr_line' id='line_1_50' title="bbox 405 3840 1171 3908; baseline 0.005 -13"><span class='ocrx_word' id='word_1_202' title='bbox 405 3840 514 3895; x_wconf 83' lang='lat' dir='ltr'><strong><em>Sed</em></strong></span> <span class='ocrx_word' id='word_1_203' title='bbox 545 3857 656 3895; x_wconf 93' lang='lat' dir='ltr'><strong><em>non</em></strong></span> <span class='ocrx_word' id='word_1_204' title='bbox 684 3843 783 3897; x_wconf 89' lang='lat' dir='ltr'><strong><em>abs</em></strong></span> <span class='ocrx_word' id='word_1_205' title='bbox 809 3859 868 3898; x_wconf 90' lang='lat' dir='ltr'><strong><em>re</em></strong></span> <span class='ocrx_word' id='word_1_206' title='bbox 893 3847 1171 3908; x_wconf 77' lang='lat' dir='ltr'><strong><em>materiiS,</em></strong></span> 
     </span>
     <span class='ocr_line' id='line_1_51' title="bbox 410 3912 1063 3985; baseline 0.008 -20"><span class='ocrx_word' id='word_1_207' title='bbox 410 3912 729 3977; x_wconf 66' lang='lat' dir='ltr'><strong><em>insignitur</em></strong></span> <span class='ocrx_word' id='word_1_208' title='bbox 755 3916 1063 3985; x_wconf 78' lang='lat' dir='ltr'><strong><em>mysteriis:</em></strong></span> 
     </span>
     <span class='ocr_line' id='line_1_52' title="bbox 406 3983 1056 4052; baseline 0.003 -14"><span class='ocrx_word' id='word_1_209' title='bbox 406 3983 548 4052; x_wconf 85' lang='lat' dir='ltr'><strong><em>Ejus</em></strong></span> <span class='ocrx_word' id='word_1_210' title='bbox 575 3984 726 4039; x_wconf 87' lang='lat' dir='ltr'><strong><em>enim</em></strong></span> <span class='ocrx_word' id='word_1_211' title='bbox 756 3993 1056 4041; x_wconf 81' lang='lat' dir='ltr'><strong><em>curvatura</em></strong></span> 
     </span>
     <span class='ocr_line' id='line_1_53' title="bbox 408 4054 1107 4125; baseline 0.004 -18"><span class='ocrx_word' id='word_1_212' title='bbox 408 4054 471 4107; x_wconf 91' lang='grc'><strong><em>111</em></strong></span> <span class='ocrx_word' id='word_1_213' title='bbox 500 4055 764 4125; x_wconf 87' lang='lat' dir='ltr'><strong><em>pluribus</em></strong></span> <span class='ocrx_word' id='word_1_214' title='bbox 792 4057 1107 4119; x_wconf 82' lang='lat' dir='ltr'><strong><em>metallina,</em></strong></span> 
     </span>
     <span class='ocr_line' id='line_1_54' title="bbox 407 4124 1188 4194; baseline 0.003 -16"><span class='ocrx_word' id='word_1_215' title='bbox 407 4124 533 4181; x_wconf 79' lang='lat' dir='ltr'><strong><em>Hoc</em></strong></span> <span class='ocrx_word' id='word_1_216' title='bbox 561 4129 646 4180; x_wconf 89' lang='lat' dir='ltr'><strong><em>est</em></strong></span> <span class='ocrx_word' id='word_1_217' title='bbox 674 4143 810 4181; x_wconf 86' lang='lat' dir='ltr'><strong><em>auro</em></strong></span> <span class='ocrx_word' id='word_1_218' title='bbox 839 4129 926 4183; x_wconf 85' lang='lat' dir='ltr'><strong><em>vel</em></strong></span> <span class='ocrx_word' id='word_1_219' title='bbox 956 4135 1188 4194; x_wconf 69' lang='lat' dir='ltr'><strong><em>argento</em></strong></span> 
     </span>
     <span class='ocr_line' id='line_1_55' title="bbox 410 4196 1193 4264; baseline 0 -15"><span class='ocrx_word' id='word_1_220' title='bbox 410 4196 670 4264; x_wconf 69' lang='lat' dir='ltr'><strong><em>Fingens,</em></strong></span> <span class='ocrx_word' id='word_1_221' title='bbox 703 4198 822 4252; x_wconf 80' lang='lat' dir='ltr'><strong><em>sive</em></strong></span> <span class='ocrx_word' id='word_1_222' title='bbox 848 4199 1193 4258; x_wconf 79' lang='lat' dir='ltr'><strong><em>aurichalco,</em></strong></span> 
     </span>
     <span class='ocr_line' id='line_1_56' title="bbox 411 4266 1210 4337; baseline 0.004 -17"><span class='ocrx_word' id='word_1_223' title='bbox 411 4266 472 4320; x_wconf 83' lang='grc'><strong><em>111</em></strong></span> <span class='ocrx_word' id='word_1_224' title='bbox 499 4268 839 4337; x_wconf 85' lang='lat' dir='ltr'><strong><em>quibusdam</em></strong></span> <span class='ocrx_word' id='word_1_225' title='bbox 865 4276 957 4324; x_wconf 86' lang='lat' dir='ltr'><strong><em>est</em></strong></span> <span class='ocrx_word' id='word_1_226' title='bbox 985 4286 1210 4330; x_wconf 85' lang='lat' dir='ltr'><strong><em>cornea.</em></strong></span> 
     </span>
     <span class='ocr_line' id='line_1_57' title="bbox 407 4338 1091 4402; baseline 0.003 -12"><span class='ocrx_word' id='word_1_227' title='bbox 407 4338 471 4390; x_wconf 77' lang='lat' dir='ltr'><strong><em>ln</em></strong></span> <span class='ocrx_word' id='word_1_228' title='bbox 503 4338 795 4394; x_wconf 81' lang='lat' dir='ltr'><strong><em>nonnullis</em></strong></span> <span class='ocrx_word' id='word_1_229' title='bbox 822 4341 1091 4402; x_wconf 83' lang='lat' dir='ltr'><strong><em>eburnea,</em></strong></span> 
     </span>
     <span class='ocr_line' id='line_1_58' title="bbox 409 4408 1028 4477; baseline 0.008 -17"><span class='ocrx_word' id='word_1_230' title='bbox 409 4408 516 4463; x_wconf 83' lang='lat' dir='ltr'><strong><em>Vel</em></strong></span> <span class='ocrx_word' id='word_1_231' title='bbox 546 4409 767 4477; x_wconf 84' lang='lat' dir='ltr'><strong><em>generis</em></strong></span> <span class='ocrx_word' id='word_1_232' title='bbox 792 4411 1028 4466; x_wconf 86' lang='lat' dir='ltr'><strong><em>alterius</em></strong></span> 
     </span>
     <span class='ocr_line' id='line_1_59' title="bbox 408 4479 1307 4552; baseline 0.006 -21"><span class='ocrx_word' id='word_1_233' title='bbox 408 4479 564 4545; x_wconf 88' lang='lat' dir='ltr'><strong><em>Quae</em></strong></span> <span class='ocrx_word' id='word_1_234' title='bbox 592 4479 770 4552; x_wconf 88' lang='lat' dir='ltr'><strong><em>sculpi</em></strong></span> <span class='ocrx_word' id='word_1_235' title='bbox 804 4486 1040 4552; x_wconf 83' lang='lat' dir='ltr'><strong><em>possunt</em></strong></span> <span class='ocrx_word' id='word_1_236' title='bbox 1066 4481 1307 4536; x_wconf 87' lang='lat' dir='ltr'><strong><em>ossibus.</em></strong></span> 
     </span>
     <span class='ocr_line' id='line_1_60' title="bbox 411 4549 1068 4622; baseline 0.006 -20"><span class='ocrx_word' id='word_1_237' title='bbox 411 4549 791 4622; x_wconf 66' lang='lat' dir='ltr'><strong><em>lpsius,porro</em></strong></span> <span class='ocrx_word' id='word_1_238' title='bbox 821 4553 1068 4607; x_wconf 83' lang='lat' dir='ltr'><strong><em>medium</em></strong></span> 
     </span>
     <span class='ocr_line' id='line_1_61' title="bbox 411 4620 1146 4690; baseline 0.005 -17"><span class='ocrx_word' id='word_1_239' title='bbox 411 4620 472 4673; x_wconf 91' lang='grc'><strong><em>111</em></strong></span> <span class='ocrx_word' id='word_1_240' title='bbox 502 4622 725 4676; x_wconf 88' lang='lat' dir='ltr'><strong><em>cunctis</em></strong></span> <span class='ocrx_word' id='word_1_241' title='bbox 756 4622 867 4678; x_wconf 83' lang='lat' dir='ltr'><strong><em>sere</em></strong></span> <span class='ocrx_word' id='word_1_242' title='bbox 896 4625 1146 4690; x_wconf 78' lang='lat' dir='ltr'><strong><em>ligneum</em></strong></span> 
     </span>
     <span class='ocr_line' id='line_1_62' title="bbox 411 4690 1128 4752; baseline 0.007 -8"><span class='ocrx_word' id='word_1_243' title='bbox 411 4690 480 4744; x_wconf 86' lang='lat' dir='ltr'><strong><em>Et</em></strong></span> <span class='ocrx_word' id='word_1_244' title='bbox 509 4693 735 4752; x_wconf 75' lang='lat' dir='ltr'><strong><em>merito:</em></strong></span> <span class='ocrx_word' id='word_1_245' title='bbox 764 4701 822 4747; x_wconf 86' lang='lat' dir='ltr'><strong><em>at</em></strong></span> <span class='ocrx_word' id='word_1_246' title='bbox 850 4695 1128 4749; x_wconf 83' lang='lat' dir='ltr'><strong><em>extimum</em></strong></span> 
     </span>
     <span class='ocr_line' id='line_1_63' title="bbox 410 4760 1298 4835; baseline 0.008 -21"><span class='ocrx_word' id='word_1_247' title='bbox 410 4760 499 4814; x_wconf 88' lang='lat' dir='ltr'><strong><em>Nil</em></strong></span> <span class='ocrx_word' id='word_1_248' title='bbox 525 4763 740 4833; x_wconf 87' lang='lat' dir='ltr'><strong><em>justius</em></strong></span> <span class='ocrx_word' id='word_1_249' title='bbox 765 4781 931 4835; x_wconf 85' lang='lat' dir='ltr'><strong><em>quam</em></strong></span> <span class='ocrx_word' id='word_1_250' title='bbox 964 4764 1257 4820; x_wconf 80' lang='lat' dir='ltr'><strong><em>ferreum.&#39;</em></strong></span> <span class='ocrx_word' id='word_1_251' title='bbox 1293 4779 1298 4784; x_wconf 87' lang='lat'>&#39;</span> 
     </span>
    </p>
   </div>
   <div class='ocr_carea' id='block_1_14' title="bbox 1945 2016 3071 4852">
    <p class='ocr_par' dir='ltr' id='par_1_15' title="bbox 1953 2016 2928 2871">
     <span class='ocr_line' id='line_1_64' title="bbox 1953 2016 2710 2087; baseline 0.004 -16"><span class='ocrx_word' id='word_1_252' title='bbox 1953 2016 2332 2073; x_wconf 74' lang='lat' dir='ltr'><strong><em>Aurichalcus</em></strong></span> <span class='ocrx_word' id='word_1_253' title='bbox 2359 2018 2549 2087; x_wconf 86' lang='lat' dir='ltr'><strong><em>signat</em></strong></span> <span class='ocrx_word' id='word_1_254' title='bbox 2572 2019 2710 2075; x_wconf 86' lang='lat' dir='ltr'><strong><em>boni</em></strong></span> 
     </span>
     <span class='ocr_line' id='line_1_65' title="bbox 2025 2087 2745 2160; baseline 0.006 -18"><span class='ocrx_word' id='word_1_255' title='bbox 2025 2087 2414 2142; x_wconf 83' lang='lat' dir='ltr'><strong><em>Constantiam</em></strong></span> <span class='ocrx_word' id='word_1_256' title='bbox 2446 2091 2745 2160; x_wconf 76' lang='lat' dir='ltr'><strong><em>propositi;</em></strong></span> 
     </span>
     <span class='ocr_line' id='line_1_66' title="bbox 2024 2159 2775 2230; baseline 0.004 -17"><span class='ocrx_word' id='word_1_257' title='bbox 2024 2159 2340 2227; x_wconf 75' lang='lat' dir='ltr'><strong><em>Argentum</em></strong></span> <span class='ocrx_word' id='word_1_258' title='bbox 2368 2160 2775 2230; x_wconf 83' lang='lat' dir='ltr'><strong><em>eloquentiam.</em></strong></span> 
     </span>
     <span class='ocr_line' id='line_1_67' title="bbox 2022 2231 2743 2302; baseline 0.003 -18"><span class='ocrx_word' id='word_1_259' title='bbox 2022 2231 2353 2299; x_wconf 74' lang='lat' dir='ltr'><strong><em>Aurumque</em></strong></span> <span class='ocrx_word' id='word_1_260' title='bbox 2381 2232 2743 2302; x_wconf 66' lang='lat' dir='ltr'><strong><em>sapientiam</em></strong></span> 
     </span>
     <span class='ocr_line' id='line_1_68' title="bbox 2020 2300 2912 2371; baseline 0.008 -18"><span class='ocrx_word' id='word_1_261' title='bbox 2020 2300 2209 2359; x_wconf 85' lang='lat' dir='ltr'><strong><em>Cornu</em></strong></span> <span class='ocrx_word' id='word_1_262' title='bbox 2235 2301 2384 2371; x_wconf 86' lang='lat' dir='ltr'><strong><em>quod</em></strong></span> <span class='ocrx_word' id='word_1_263' title='bbox 2412 2302 2636 2358; x_wconf 87' lang='lat' dir='ltr'><strong><em>excedit</em></strong></span> <span class='ocrx_word' id='word_1_264' title='bbox 2663 2320 2912 2368; x_wconf 79' lang='lat' dir='ltr'><strong><em>carnem,</em></strong></span> 
     </span>
     <span class='ocr_line' id='line_1_69' title="bbox 2024 2372 2928 2444; baseline 0.007 -17"><span class='ocrx_word' id='word_1_265' title='bbox 2024 2372 2274 2427; x_wconf 85' lang='lat' dir='ltr'><strong><em>Mentem</em></strong></span> <span class='ocrx_word' id='word_1_266' title='bbox 2305 2387 2520 2427; x_wconf 90' lang='lat' dir='ltr'><strong><em>summa</em></strong></span> <span class='ocrx_word' id='word_1_267' title='bbox 2550 2381 2928 2444; x_wconf 80' lang='lat' dir='ltr'><strong><em>appetentem,</em></strong></span> 
     </span>
     <span class='ocr_line' id='line_1_70' title="bbox 2015 2443 2755 2508; baseline 0.005 -13"><span class='ocrx_word' id='word_1_268' title='bbox 2015 2443 2182 2508; x_wconf 83' lang='lat' dir='ltr'><strong><em>Quae</em></strong></span> <span class='ocrx_word' id='word_1_269' title='bbox 2211 2443 2399 2498; x_wconf 86' lang='lat' dir='ltr'><strong><em>veluti·</em></strong></span> <span class='ocrx_word' id='word_1_270' title='bbox 2420 2444 2755 2508; x_wconf 82' lang='lat' dir='ltr'><strong><em>reflectitur,</em></strong></span> 
     </span>
     <span class='ocr_line' id='line_1_71' title="bbox 2026 2514 2872 2584; baseline 0.004 -16"><span class='ocrx_word' id='word_1_271' title='bbox 2026 2514 2168 2568; x_wconf 84' lang='lat' dir='ltr'><strong><em>Dum</em></strong></span> <span class='ocrx_word' id='word_1_272' title='bbox 2199 2514 2477 2584; x_wconf 86' lang='lat' dir='ltr'><strong><em>proximis</em></strong></span> <span class='ocrx_word' id='word_1_273' title='bbox 2502 2532 2625 2572; x_wconf 90' lang='lat' dir='ltr'><strong><em>com</em></strong></span> <span class='ocrx_word' id='word_1_274' title='bbox 2670 2516 2872 2581; x_wconf 83' lang='lat' dir='ltr'><strong><em>atitur;</em></strong></span> 
     </span>
     <span class='ocr_line' id='line_1_72' title="bbox 2022 2583 2825 2655; baseline 0.007 -17"><span class='ocrx_word' id='word_1_275' title='bbox 2022 2583 2103 2638; x_wconf 88' lang='lat' dir='ltr'><strong><em>Os</em></strong></span> <span class='ocrx_word' id='word_1_276' title='bbox 2131 2584 2373 2655; x_wconf 78' lang='lat' dir='ltr'><strong><em>quodvis</em></strong></span> <span class='ocrx_word' id='word_1_277' title='bbox 2404 2584 2606 2642; x_wconf 82' lang='lat' dir='ltr'><strong><em>sortitu</em></strong></span> <span class='ocrx_word' id='word_1_278' title='bbox 2656 2588 2825 2651; x_wconf 71' lang='lat' dir='ltr'><strong><em>inem,</em></strong></span> 
     </span>
     <span class='ocr_line' id='line_1_73' title="bbox 2028 2654 2806 2732; baseline 0.006 -23"><span class='ocrx_word' id='word_1_279' title='bbox 2028 2654 2136 2709; x_wconf 90' lang='lat' dir='ltr'><strong><em>Sed</em></strong></span> <span class='ocrx_word' id='word_1_280' title='bbox 2166 2655 2308 2710; x_wconf 87' lang='lat' dir='ltr'><strong><em>ebur</em></strong></span> <span class='ocrx_word' id='word_1_281' title='bbox 2334 2656 2764 2722; x_wconf 84' lang='lat' dir='ltr'><strong><em>castitudinem‚</em></strong></span> <span class='ocrx_word' id='word_1_282' title='bbox 2803 2728 2806 2732; x_wconf 16' lang='grc' dir='ltr'><strong>Δ</strong></span> 
     </span>
     <span class='ocr_line' id='line_1_74' title="bbox 2022 2725 2705 2797; baseline 0.004 -16"><span class='ocrx_word' id='word_1_283' title='bbox 2022 2725 2333 2781; x_wconf 70' lang='lat' dir='ltr'><strong><em>Candore-m</em></strong></span> <span class='ocrx_word' id='word_1_284' title='bbox 2370 2727 2705 2797; x_wconf 73' lang='lat' dir='ltr'><strong><em>pudicitiae,</em></strong></span> 
     </span>
     <span class='ocr_line' id='line_1_75' title="bbox 2026 2797 2741 2871; baseline 0.006 -19"><span class='ocrx_word' id='word_1_285' title='bbox 2026 2797 2278 2866; x_wconf 82' lang='lat' dir='ltr'><strong><em>Frigenti</em></strong></span> <span class='ocrx_word' id='word_1_286' title='bbox 2305 2799 2511 2868; x_wconf 69' lang='lat' dir='ltr'><strong><em>iuvans</em></strong></span> <span class='ocrx_word' id='word_1_287' title='bbox 2532 2801 2741 2871; x_wconf 80' lang='lat' dir='ltr'><strong><em>specie.</em></strong></span> 
     </span>
    </p>

    <p class='ocr_par' dir='ltr' id='par_1_16' title="bbox 1945 2866 3071 3434">
     <span class='ocr_line' id='line_1_76' title="bbox 1945 2866 2731 2933; baseline 0.005 -10"><span class='ocrx_word' id='word_1_288' title='bbox 1945 2868 2133 2933; x_wconf 71' lang='lat' dir='ltr'><strong><em>Ligno</em></strong></span> <span class='ocrx_word' id='word_1_289' title='bbox 2160 2866 2383 2924; x_wconf 80' lang='lat' dir='ltr'><strong><em>fructus</em></strong></span> <span class='ocrx_word' id='word_1_290' title='bbox 2413 2869 2731 2927; x_wconf 80' lang='lat' dir='ltr'><strong><em>medicinae</em></strong></span> 
     </span>
     <span class='ocr_line' id='line_1_77' title="bbox 2029 2937 2670 3012; baseline 0.003 -19"><span class='ocrx_word' id='word_1_291' title='bbox 2029 2940 2100 2993; x_wconf 90' lang='lat' dir='ltr'><strong><em>Et</em></strong></span> <span class='ocrx_word' id='word_1_292' title='bbox 2128 2937 2343 2994; x_wconf 77' lang='lat' dir='ltr'><strong><em>effusus</em></strong></span> <span class='ocrx_word' id='word_1_293' title='bbox 2368 2940 2670 3012; x_wconf 84' lang='lat' dir='ltr'><strong><em>disciplina</em></strong></span> 
     </span>
     <span class='ocr_line' id='line_1_78' title="bbox 2028 3009 2712 3078; baseline 0.007 -14"><span class='ocrx_word' id='word_1_294' title='bbox 2028 3009 2353 3078; x_wconf 59' lang='lat' dir='ltr'><strong><em>Figuram,</em></strong></span> <span class='ocrx_word' id='word_1_295' title='bbox 2382 3019 2439 3067; x_wconf 90' lang='lat' dir='ltr'><strong><em>et</em></strong></span> <span class='ocrx_word' id='word_1_296' title='bbox 2467 3014 2712 3069; x_wconf 85' lang='lat' dir='ltr'><strong><em>maxime</em></strong></span> 
     </span>
     <span class='ocr_line' id='line_1_79' title="bbox 2024 3081 2819 3152; baseline 0.006 -18"><span class='ocrx_word' id='word_1_297' title='bbox 2024 3081 2323 3152; x_wconf 86' lang='lat' dir='ltr'><strong><em>Sceptrum</em></strong></span> <span class='ocrx_word' id='word_1_298' title='bbox 2354 3083 2559 3150; x_wconf 81' lang='lat' dir='ltr'><strong><em>regalis</em></strong></span> <span class='ocrx_word' id='word_1_299' title='bbox 2585 3084 2819 3151; x_wconf 76' lang='lat' dir='ltr'><strong><em>gloriae,</em></strong></span> 
     </span>
     <span class='ocr_line' id='line_1_80' title="bbox 2025 3151 2797 3217; baseline 0.005 -13"><span class='ocrx_word' id='word_1_300' title='bbox 2025 3151 2182 3217; x_wconf 89' lang='lat' dir='ltr'><strong><em>Quae</em></strong></span> <span class='ocrx_word' id='word_1_301' title='bbox 2212 3152 2398 3206; x_wconf 89' lang='lat' dir='ltr'><strong><em>omnia</em></strong></span> <span class='ocrx_word' id='word_1_302' title='bbox 2430 3154 2595 3207; x_wconf 89' lang='lat' dir='ltr'><strong><em>nobis</em></strong></span> <span class='ocrx_word' id='word_1_303' title='bbox 2625 3171 2797 3210; x_wconf 91' lang='lat' dir='ltr'><strong><em>unum</em></strong></span> 
     </span>
     <span class='ocr_line' id='line_1_81' title="bbox 2027 3221 2987 3294; baseline 0.008 -20"><span class='ocrx_word' id='word_1_304' title='bbox 2027 3221 2227 3277; x_wconf 86' lang='lat' dir='ltr'><strong><em>Crucis</em></strong></span> <span class='ocrx_word' id='word_1_305' title='bbox 2252 3223 2464 3278; x_wconf 86' lang='lat' dir='ltr'><strong><em>Christi</em></strong></span> <span class='ocrx_word' id='word_1_306' title='bbox 2494 3224 2715 3281; x_wconf 82' lang='lat' dir='ltr'><strong><em>confert</em></strong></span> <span class='ocrx_word' id='word_1_307' title='bbox 2740 3227 2987 3294; x_wconf 71' lang='lat' dir='ltr'><strong><em>signum:</em></strong></span> 
     </span>
     <span class='ocr_line' id='line_1_82' title="bbox 2023 3290 3071 3362; baseline 0.007 -16"><span class='ocrx_word' id='word_1_308' title='bbox 2023 3290 2206 3362; x_wconf 82' lang='lat' dir='ltr'><strong><em>Cujus</em></strong></span> <span class='ocrx_word' id='word_1_309' title='bbox 2237 3295 2421 3349; x_wconf 80' lang='lat' dir='ltr'><strong><em>virtus</em></strong></span> <span class='ocrx_word' id='word_1_310' title='bbox 2449 3294 2672 3352; x_wconf 78' lang='lat' dir='ltr'><strong><em>vivilica</em></strong></span> <span class='ocrx_word' id='word_1_311' title='bbox 3068 3305 3071 3308; x_wconf 83' lang='lat'>&#39;</span> 
     </span>
     <span class='ocr_line' id='line_1_83' title="bbox 2032 3363 2867 3434; baseline 0.005 -16"><span class='ocrx_word' id='word_1_312' title='bbox 2032 3363 2228 3424; x_wconf 84' lang='lat' dir='ltr'><strong><em>Sanat‚</em></strong></span> <span class='ocrx_word' id='word_1_313' title='bbox 2256 3364 2447 3424; x_wconf 78' lang='lat' dir='ltr'><strong><em>docet,</em></strong></span> <span class='ocrx_word' id='word_1_314' title='bbox 2471 3366 2620 3434; x_wconf 79' lang='lat' dir='ltr'><strong><em>regit</em></strong></span> <span class='ocrx_word' id='word_1_315' title='bbox 2645 3372 2867 3424; x_wconf 78' lang='lat' dir='ltr'><strong><em>cuncta.</em></strong></span> 
     </span>
    </p>

    <p class='ocr_par' dir='ltr' id='par_1_17' title="bbox 1953 3433 2736 3649">
     <span class='ocr_line' id='line_1_84' title="bbox 1953 3433 2617 3503; baseline 0.009 -17"><span class='ocrx_word' id='word_1_316' title='bbox 1953 3433 2225 3503; x_wconf 75' lang='lat' dir='ltr'><strong><em>Ejusdem</em></strong></span> <span class='ocrx_word' id='word_1_317' title='bbox 2255 3434 2403 3490; x_wconf 81' lang='lat' dir='ltr'><strong><em>ferro</em></strong></span> <span class='ocrx_word' id='word_1_318' title='bbox 2431 3436 2617 3492; x_wconf 84' lang='lat' dir='ltr'><strong><em>baculi</em></strong></span> 
     </span>
     <span class='ocr_line' id='line_1_85' title="bbox 2032 3503 2736 3575; baseline 0.003 -16"><span class='ocrx_word' id='word_1_319' title='bbox 2032 3503 2430 3575; x_wconf 75' lang='lat' dir='ltr'><strong><em>competenter</em></strong></span> <span class='ocrx_word' id='word_1_320' title='bbox 2454 3506 2736 3574; x_wconf 82' lang='lat' dir='ltr'><strong><em>designari</em></strong></span> 
     </span>
     <span class='ocr_line' id='line_1_86' title="bbox 2034 3575 2677 3649; baseline 0.006 -20"><span class='ocrx_word' id='word_1_321' title='bbox 2034 3575 2228 3630; x_wconf 86' lang='lat' dir='ltr'><strong><em>Potest</em></strong></span> <span class='ocrx_word' id='word_1_322' title='bbox 2254 3592 2351 3631; x_wconf 88' lang='lat' dir='ltr'><strong><em>seu</em></strong></span> <span class='ocrx_word' id='word_1_323' title='bbox 2379 3578 2677 3649; x_wconf 67' lang='lat' dir='ltr'><strong><em>sapientia,</em></strong></span> 
     </span>
    </p>

    <p class='ocr_par' dir='ltr' id='par_1_18' title="bbox 2022 3645 2863 4002">
     <span class='ocr_line' id='line_1_87' title="bbox 2022 3645 2622 3716; baseline 0.007 -17"><span class='ocrx_word' id='word_1_324' title='bbox 2022 3645 2165 3700; x_wconf 72' lang='lat' dir='ltr'><strong><em>Sive</em></strong></span> <span class='ocrx_word' id='word_1_325' title='bbox 2192 3647 2622 3716; x_wconf 82' lang='lat' dir='ltr'><strong><em>perseverantia:</em></strong></span> 
     </span>
     <span class='ocr_line' id='line_1_88' title="bbox 2031 3717 2814 3787; baseline 0.005 -16"><span class='ocrx_word' id='word_1_326' title='bbox 2031 3717 2263 3772; x_wconf 81' lang='lat' dir='ltr'><strong><em>Praeter</em></strong></span> <span class='ocrx_word' id='word_1_327' title='bbox 2287 3733 2427 3787; x_wconf 81' lang='lat' dir='ltr'><strong><em>quas</em></strong></span> <span class='ocrx_word' id='word_1_328' title='bbox 2454 3735 2645 3774; x_wconf 86' lang='lat' dir='ltr'><strong><em>omnes</em></strong></span> <span class='ocrx_word' id='word_1_329' title='bbox 2671 3720 2814 3775; x_wconf 82' lang='lat' dir='ltr'><strong><em>aliae</em></strong></span> 
     </span>
     <span class='ocr_line' id='line_1_89' title="bbox 2030 3787 2809 3859; baseline 0.009 -20"><span class='ocrx_word' id='word_1_330' title='bbox 2030 3787 2296 3843; x_wconf 77' lang='lat' dir='ltr'><strong><em>Virtutes</em></strong></span> <span class='ocrx_word' id='word_1_331' title='bbox 2329 3805 2555 3859; x_wconf 88' lang='lat' dir='ltr'><strong><em>prorsus</em></strong></span> <span class='ocrx_word' id='word_1_332' title='bbox 2584 3808 2809 3853; x_wconf 80' lang='lat' dir='ltr'><strong><em>vacuae.</em></strong></span> 
     </span>
     <span class='ocr_line' id='line_1_90' title="bbox 2034 3857 2824 3922; baseline 0.008 -9"><span class='ocrx_word' id='word_1_333' title='bbox 2034 3858 2147 3915; x_wconf 85' lang='lat' dir='ltr'><strong><em>Nec</em></strong></span> <span class='ocrx_word' id='word_1_334' title='bbox 2174 3857 2553 3917; x_wconf 72' lang='lat' dir='ltr'><strong><em>fecundantur</em></strong></span> <span class='ocrx_word' id='word_1_335' title='bbox 2579 3863 2824 3922; x_wconf 86' lang='lat' dir='ltr'><strong><em>meritis.</em></strong></span> 
     </span>
     <span class='ocr_line' id='line_1_91' title="bbox 2038 3929 2863 4002; baseline 0.008 -20"><span class='ocrx_word' id='word_1_336' title='bbox 2038 3929 2149 3984; x_wconf 83' lang='lat' dir='ltr'><strong><em>Nec</em></strong></span> <span class='ocrx_word' id='word_1_337' title='bbox 2176 3939 2549 3987; x_wconf 86' lang='lat' dir='ltr'><strong><em>munerantur</em></strong></span> <span class='ocrx_word' id='word_1_338' title='bbox 2578 3934 2863 4002; x_wconf 84' lang='lat' dir='ltr'><strong><em>praemiis.</em></strong></span> 
     </span>
    </p>

    <p class='ocr_par' dir='ltr' id='par_1_19' title="bbox 1950 3997 2663 4138">
     <span class='ocr_line' id='line_1_92' title="bbox 1950 3997 2663 4064; baseline 0.007 -14"><span class='ocrx_word' id='word_1_339' title='bbox 1950 3997 2073 4064; x_wconf 80' lang='lat' dir='ltr'><strong><em>Qui</em></strong></span> <span class='ocrx_word' id='word_1_340' title='bbox 2105 4001 2340 4056; x_wconf 80' lang='lat' dir='ltr'><strong><em>baculus</em></strong></span> <span class='ocrx_word' id='word_1_341' title='bbox 2370 4002 2413 4056; x_wconf 87' lang='lat' dir='ltr'><strong><em>si</em></strong></span> <span class='ocrx_word' id='word_1_342' title='bbox 2453 4021 2519 4058; x_wconf 87' lang='lat' dir='ltr'><strong><em>ex</em></strong></span> <span class='ocrx_word' id='word_1_343' title='bbox 2550 4006 2663 4058; x_wconf 88' lang='lat' dir='ltr'><strong><em>sola</em></strong></span> 
     </span>
     <span class='ocr_line' id='line_1_93' title="bbox 2040 4070 2659 4138; baseline 0.01 -14"><span class='ocrx_word' id='word_1_344' title='bbox 2040 4070 2372 4126; x_wconf 83' lang='lat' dir='ltr'><strong><em>Fabricetur</em></strong></span> <span class='ocrx_word' id='word_1_345' title='bbox 2398 4075 2659 4138; x_wconf 79' lang='lat' dir='ltr'><strong><em>materia,</em></strong></span> 
     </span>
    </p>

    <p class='ocr_par' dir='ltr' id='par_1_20' title="bbox 2035 4140 2752 4288">
     <span class='ocr_line' id='line_1_94' title="bbox 2039 4140 2752 4217; baseline 0.004 -23"><span class='ocrx_word' id='word_1_346' title='bbox 2039 4140 2180 4211; x_wconf 85' lang='lat' dir='ltr'><strong><em>Ejus</em></strong></span> <span class='ocrx_word' id='word_1_347' title='bbox 2206 4142 2477 4198; x_wconf 90' lang='lat' dir='ltr'><strong><em>nimirum</em></strong></span> <span class='ocrx_word' id='word_1_348' title='bbox 2505 4147 2752 4217; x_wconf 85' lang='lat' dir='ltr'><strong><em>plurima</em></strong></span> 
     </span>
     <span class='ocr_line' id='line_1_95' title="bbox 2035 4211 2748 4288; baseline 0.01 -24"><span class='ocrx_word' id='word_1_349' title='bbox 2035 4211 2423 4268; x_wconf 85' lang='lat' dir='ltr'><strong><em>Cassabuntur</em></strong></span> <span class='ocrx_word' id='word_1_350' title='bbox 2460 4218 2748 4288; x_wconf 85' lang='lat' dir='ltr'><strong><em>mysteria.</em></strong></span> 
     </span>
    </p>

    <p class='ocr_par' dir='ltr' id='par_1_21' title="bbox 2036 4282 2673 4348">
     <span class='ocr_line' id='line_1_96' title="bbox 2036 4282 2673 4348; baseline 0.013 -14"><span class='ocrx_word' id='word_1_351' title='bbox 2036 4282 2163 4348; x_wconf 87' lang='lat' dir='ltr'><strong><em>Quo</em></strong></span> <span class='ocrx_word' id='word_1_352' title='bbox 2189 4284 2338 4339; x_wconf 91' lang='lat' dir='ltr'><strong><em>circa</em></strong></span> <span class='ocrx_word' id='word_1_353' title='bbox 2367 4287 2673 4342; x_wconf 84' lang='lat' dir='ltr'><strong><em>curiositas</em></strong></span> 
     </span>
    </p>

    <p class='ocr_par' dir='ltr' id='par_1_22' title="bbox 2033 4353 2922 4564">
     <span class='ocr_line' id='line_1_97' title="bbox 2040 4353 2824 4413; baseline 0.008 -7"><span class='ocrx_word' id='word_1_354' title='bbox 2040 4353 2106 4406; x_wconf 82' lang='grc'><strong><em>111</em></strong></span> <span class='ocrx_word' id='word_1_355' title='bbox 2137 4355 2241 4409; x_wconf 86' lang='lat' dir='ltr'><strong><em>hoc</em></strong></span> <span class='ocrx_word' id='word_1_356' title='bbox 2272 4372 2379 4409; x_wconf 91' lang='lat' dir='ltr'><strong><em>non</em></strong></span> <span class='ocrx_word' id='word_1_357' title='bbox 2410 4366 2495 4411; x_wconf 89' lang='lat' dir='ltr'><strong><em>est</em></strong></span> <span class='ocrx_word' id='word_1_358' title='bbox 2521 4358 2824 4413; x_wconf 74' lang='lat' dir='ltr'><strong><em>diversitas</em></strong></span> 
     </span>
     <span class='ocr_line' id='line_1_98' title="bbox 2041 4425 2922 4497; baseline 0 -18"><span class='ocrx_word' id='word_1_359' title='bbox 2041 4425 2249 4479; x_wconf 83' lang='lat' dir='ltr'><strong><em>Rerum</em></strong></span> <span class='ocrx_word' id='word_1_360' title='bbox 2278 4427 2487 4497; x_wconf 85' lang='lat' dir='ltr'><strong>quibus</strong></span> <span class='ocrx_word' id='word_1_361' title='bbox 2514 4428 2922 4487; x_wconf 58' lang='lat' dir='ltr'><strong><em>conformatum</em></strong></span> 
     </span>
     <span class='ocr_line' id='line_1_99' title="bbox 2033 4496 2720 4564; baseline 0.004 -14"><span class='ocrx_word' id='word_1_362' title='bbox 2033 4496 2148 4550; x_wconf 80' lang='lat' dir='ltr'><strong><em>Sed</em></strong></span> <span class='ocrx_word' id='word_1_363' title='bbox 2177 4497 2374 4564; x_wconf 70' lang='lat' dir='ltr'><strong><em>liguris</em></strong></span> <span class='ocrx_word' id='word_1_364' title='bbox 2400 4500 2720 4561; x_wconf 86' lang='lat' dir='ltr'><strong><em>decoratur,</em></strong></span> 
     </span>
    </p>

    <p class='ocr_par' dir='ltr' id='par_1_23' title="bbox 2030 4565 2841 4852">
     <span class='ocr_line' id='line_1_100' title="bbox 2034 4565 2798 4631; baseline 0.004 -13"><span class='ocrx_word' id='word_1_365' title='bbox 2034 4565 2189 4631; x_wconf 88' lang='lat' dir='ltr'><strong><em>Quas</em></strong></span> <span class='ocrx_word' id='word_1_366' title='bbox 2216 4567 2497 4625; x_wconf 84' lang='lat' dir='ltr'><strong><em>Martinus</em></strong></span> <span class='ocrx_word' id='word_1_367' title='bbox 2525 4577 2579 4624; x_wconf 89' lang='lat' dir='ltr'><strong><em>et</em></strong></span> <span class='ocrx_word' id='word_1_368' title='bbox 2610 4571 2667 4624; x_wconf 92' lang='lat' dir='ltr'><strong><em>in</em></strong></span> <span class='ocrx_word' id='word_1_369' title='bbox 2697 4586 2798 4624; x_wconf 88' lang='lat' dir='ltr'><strong><em>suo</em></strong></span> 
     </span>
     <span class='ocr_line' id='line_1_101' title="bbox 2036 4637 2805 4708; baseline 0.007 -20"><span class='ocrx_word' id='word_1_370' title='bbox 2036 4637 2216 4708; x_wconf 77' lang='lat' dir='ltr'><strong><em>Saepe</em></strong></span> <span class='ocrx_word' id='word_1_371' title='bbox 2245 4647 2554 4695; x_wconf 84' lang='lat' dir='ltr'><strong><em>retractans</em></strong></span> <span class='ocrx_word' id='word_1_372' title='bbox 2581 4640 2805 4700; x_wconf 81' lang='lat' dir='ltr'><strong><em>baculo,</em></strong></span> 
     </span>
     <span class='ocr_line' id='line_1_102' title="bbox 2040 4708 2841 4777; baseline 0.001 -16"><span class='ocrx_word' id='word_1_373' title='bbox 2040 4708 2148 4763; x_wconf 79' lang='lat' dir='ltr'><strong><em>His</em></strong></span> <span class='ocrx_word' id='word_1_374' title='bbox 2176 4726 2484 4777; x_wconf 84' lang='lat' dir='ltr'><strong><em>congruum</em></strong></span> <span class='ocrx_word' id='word_1_375' title='bbox 2513 4711 2841 4768; x_wconf 80' lang='lat' dir='ltr'><strong><em>cautissima</em></strong></span> 
     </span>
     <span class='ocr_line' id='line_1_103' title="bbox 2030 4778 2668 4852; baseline 0.014 -21"><span class='ocrx_word' id='word_1_376' title='bbox 2030 4778 2107 4832; x_wconf 83' lang='lat' dir='ltr'><strong><em>Se</em></strong></span> <span class='ocrx_word' id='word_1_377' title='bbox 2136 4781 2323 4836; x_wconf 85' lang='lat' dir='ltr'><strong><em>reddit</em></strong></span> <span class='ocrx_word' id='word_1_378' title='bbox 2352 4782 2668 4852; x_wconf 77' lang='lat' dir='ltr'><strong><em>vigilantia.</em></strong></span> 
     </span>
    </p>
   </div>
   <div class='ocr_carea' id='block_1_15' title="bbox 3217 514 3347 571">
    <p class='ocr_par' dir='ltr' id='par_1_24' title="bbox 3217 514 3347 571">
     <span class='ocr_line' id='line_1_104' title="bbox 3217 514 3347 571; baseline 0.023 -3"><span class='ocrx_word' id='word_1_379' title='bbox 3217 517 3256 570; x_wconf 68' lang='grc' dir='ltr'><strong><em>Γ)</em></strong></span> <span class='ocrx_word' id='word_1_380' title='bbox 3263 514 3347 571; x_wconf 63' lang='grc'><strong><em>85</em></strong></span> 
     </span>
    </p>
   </div>
   <div class='ocr_carea' id='block_1_16' title="bbox 338 4947 3446 5183">
    <p class='ocr_par' dir='ltr' id='par_1_25' title="bbox 338 4947 3446 5183">
     <span class='ocr_line' id='line_1_105' title="bbox 413 4947 3445 5042; baseline 0.009 -40"><span class='ocrx_word' id='word_1_381' title='bbox 413 4947 454 5011; x_wconf 85' lang='lat'><strong><em>¹)</em></strong></span> <span class='ocrx_word' id='word_1_382' title='bbox 483 4949 844 5006; x_wconf 71' lang='lat' dir='ltr'><strong><em>hebetitudine</em></strong></span> <span class='ocrx_word' id='word_1_383' title='bbox 880 4952 1001 5008; x_wconf 89' lang='lat' dir='ltr'><strong><em>eod.</em></strong></span> <span class='ocrx_word' id='word_1_384' title='bbox 1034 4958 1097 5007; x_wconf 90' lang='lat' dir='ltr'><strong><em>ut</em></strong></span> <span class='ocrx_word' id='word_1_385' title='bbox 1137 4952 1274 5008; x_wconf 87' lang='lat' dir='ltr'><strong><em>alibi</em></strong></span> <span class='ocrx_word' id='word_1_386' title='bbox 1313 4955 1550 5024; x_wconf 84' lang='lat' dir='ltr'><strong><em>pluries,</em></strong></span> <span class='ocrx_word' id='word_1_387' title='bbox 1592 4959 1684 5014; x_wconf 83' lang='lat' dir='ltr'><strong><em>sed</em></strong></span> <span class='ocrx_word' id='word_1_388' title='bbox 1713 4977 1839 5014; x_wconf 87' lang='lat' dir='ltr'><strong><em>con·</em></strong></span> <span class='ocrx_word' id='word_1_389' title='bbox 1930 4964 2115 5035; x_wconf 81' lang='lat' dir='ltr'><strong><em>elogio</em></strong></span> <span class='ocrx_word' id='word_1_390' title='bbox 2141 4969 2359 5039; x_wconf 80' lang='lat' dir='ltr'><strong><em>prolixe</em></strong></span> <span class='ocrx_word' id='word_1_391' title='bbox 2388 4971 2687 5035; x_wconf 86' lang='lat' dir='ltr'><strong><em>cecinerit.</em></strong></span> <span class='ocrx_word' id='word_1_392' title='bbox 2712 4973 2861 5042; x_wconf 84' lang='lat' dir='ltr'><strong><em>quod</em></strong></span> <span class='ocrx_word' id='word_1_393' title='bbox 2892 4971 3102 5027; x_wconf 75' lang='lat' dir='ltr'><strong><em>alieubi</em></strong></span> <span class='ocrx_word' id='word_1_394' title='bbox 3138 4973 3192 5028; x_wconf 93' lang='lat' dir='ltr'><strong><em>in</em></strong></span> <span class='ocrx_word' id='word_1_395' title='bbox 3218 4976 3276 5030; x_wconf 82' lang='lat' dir='ltr'><strong><em>S.</em></strong></span> <span class='ocrx_word' id='word_1_396' title='bbox 3298 4974 3445 5032; x_wconf 73' lang='lat' dir='ltr'><strong><em>Mar-</em></strong></span> 
     </span>
     <span class='ocr_line' id='line_1_106' title="bbox 345 5021 3446 5100; baseline 0.01 -30"><span class='ocrx_word' id='word_1_397' title='bbox 345 5023 424 5070; x_wconf 88' lang='lat' dir='ltr'><strong><em>tra</em></strong></span> <span class='ocrx_word' id='word_1_398' title='bbox 467 5021 775 5089; x_wconf 83' lang='lat' dir='ltr'><strong><em>rythmum.</em></strong></span> <span class='ocrx_word' id='word_1_399' title='bbox 813 5054 874 5062; x_wconf 88' lang='lat'>-</span> <span class='ocrx_word' id='word_1_400' title='bbox 901 5023 945 5078; x_wconf 74' lang='lat'><strong><em>²)</em></strong></span> <span class='ocrx_word' id='word_1_401' title='bbox 976 5023 1084 5076; x_wconf 79' lang='lat' dir='ltr'><strong><em>Vix</em></strong></span> <span class='ocrx_word' id='word_1_402' title='bbox 1114 5024 1350 5078; x_wconf 79' lang='lat' dir='ltr'><strong><em>dubium</em></strong></span> <span class='ocrx_word' id='word_1_403' title='bbox 1378 5026 1518 5095; x_wconf 86' lang='grc'>1111111</span> <span class='ocrx_word' id='word_1_404' title='bbox 1551 5028 1674 5082; x_wconf 85' lang='lat' dir='ltr'><strong><em>ideo</em></strong></span> <span class='ocrx_word' id='word_1_405' title='bbox 1701 5032 1842 5086; x_wconf 84' lang='lat' dir='ltr'><strong>Gui·</strong></span> <span class='ocrx_word' id='word_1_406' title='bbox 1935 5035 2042 5090; x_wconf 90' lang='lat' dir='ltr'><strong><em>tini</em></strong></span> <span class='ocrx_word' id='word_1_407' title='bbox 2082 5042 2354 5095; x_wconf 83' lang='lat' dir='ltr'><strong><em>annulum</em></strong></span> <span class='ocrx_word' id='word_1_408' title='bbox 2389 5050 2441 5094; x_wconf 85' lang='lat' dir='ltr'><strong><em>et</em></strong></span> <span class='ocrx_word' id='word_1_409' title='bbox 2478 5044 2741 5097; x_wconf 78' lang='lat' dir='ltr'><strong><em>baculum</em></strong></span> <span class='ocrx_word' id='word_1_410' title='bbox 2776 5045 3205 5098; x_wconf 74' lang='lat' dir='ltr'><strong><em>venerabundus</em></strong></span> <span class='ocrx_word' id='word_1_411' title='bbox 3237 5047 3446 5100; x_wconf 62' lang='lat' dir='ltr'><strong><em>irride-</em></strong></span> 
     </span>
     <span class='ocr_line' id='line_1_107' title="bbox 338 5089 3055 5183; baseline 0.011 -41"><span class='ocrx_word' id='word_1_412' title='bbox 338 5089 534 5142; x_wconf 78' lang='lat' dir='ltr'><strong><em>bertns</em></strong></span> <span class='ocrx_word' id='word_1_413' title='bbox 565 5092 642 5144; x_wconf 88' lang='grc'><strong><em>113</em></strong></span> <span class='ocrx_word' id='word_1_414' title='bbox 674 5094 937 5146; x_wconf 82' lang='lat' dir='ltr'><strong><em>baculum</em></strong></span> <span class='ocrx_word' id='word_1_415' title='bbox 968 5102 1024 5149; x_wconf 88' lang='lat' dir='ltr'><strong><em>ct</em></strong></span> <span class='ocrx_word' id='word_1_416' title='bbox 1046 5098 1319 5150; x_wconf 81' lang='lat' dir='ltr'><strong><em>annulum</em></strong></span> <span class='ocrx_word' id='word_1_417' title='bbox 1347 5098 1593 5168; x_wconf 76' lang='lat' dir='ltr'><strong><em>episcopi</em></strong></span> <span class='ocrx_word' id='word_1_418' title='bbox 1641 5103 1694 5154; x_wconf 90' lang='lat' dir='ltr'><strong><em>in</em></strong></span> <span class='ocrx_word' id='word_1_419' title='bbox 1737 5104 1841 5156; x_wconf 85' lang='lat' dir='ltr'><strong><em>hoc</em></strong></span> <span class='ocrx_word' id='word_1_420' title='bbox 1935 5107 2028 5161; x_wconf 84' lang='lat' dir='ltr'><strong><em>rit.</em></strong></span> <span class='ocrx_word' id='word_1_421' title='bbox 2064 5140 2125 5148; x_wconf 89' lang='lat'>—</span> <span class='ocrx_word' id='word_1_422' title='bbox 2157 5110 2200 5168; x_wconf 78' lang='lat'><strong><em>³)</em></strong></span> <span class='ocrx_word' id='word_1_423' title='bbox 2226 5129 2339 5183; x_wconf 81' lang='lat' dir='ltr'><strong><em>qua</em></strong></span> <span class='ocrx_word' id='word_1_424' title='bbox 2361 5121 2630 5183; x_wconf 70' lang='lat' dir='ltr'><strong><em>qestantes</em></strong></span> <span class='ocrx_word' id='word_1_425' title='bbox 2655 5134 2708 5170; x_wconf 76' lang='lat' dir='ltr'><strong><em>se</em></strong></span> <span class='ocrx_word' id='word_1_426' title='bbox 2735 5118 2951 5169; x_wconf 70' lang='lat' dir='ltr'><strong><em>monitis</em></strong></span> <span class='ocrx_word' id='word_1_427' title='bbox 2982 5115 3055 5169; x_wconf 78' lang='lat' dir='ltr'><strong><em>id.</em></strong></span> 
     </span>
    </p>
   </div>
   <div class='ocr_carea' id='block_1_17' title="bbox 3306 5312 3347 5352">
    <p class='ocr_par' dir='ltr' id='par_1_26' title="bbox 3306 5312 3347 5352">
     <span class='ocr_line' id='line_1_108' title="bbox 3306 5312 3347 5352; baseline 0 -4"><span class='ocrx_word' id='word_1_428' title='bbox 3306 5312 3347 5352; x_wconf 58' lang='grc' dir='ltr'><strong><em>δὲ</em></strong></span> 
     </span>
    </p>
   </div>
  </div>
 </body>
</html>
