4036 6117
520 460 650 521 310
1675 478 1725 522 s.
1789 477 2350 525 ninnsoanms

544 595 629 655 Et
662 592 1092 671 Publicanus,
1130 596 1245 672 qui
1281 596 1348 654 in
1381 596 1780 672 pinguedine
1823 597 2048 656 carnis
2075 598 2363 671 peccati,
2398 616 2438 657 a
2472 597 2684 674 tonye,
2735 596 2799 656 id
2834 599 2939 657 est
2965 598 3032 657 in
3058 598 3419 674 longinqua
3452 612 3559 656 re·

457 698 652 774 gione
676 700 1131 774 peccatorum,
1160 706 1340 759 stans
1377 700 1443 759 in
1471 700 1608 760 otio
1636 699 1964 760 bonorum
1989 716 2291 776 operum,
2328 700 2581 760 nolebat
2616 716 2777 777 prae
2804 702 3115 775 angustia
3142 702 3405 761 timoris
3428 700 3554 758 Do-

457 802 619 862 mini
668 803 884 864 oeulos
919 821 1089 878 suos,
1143 804 1207 863 id
1240 809 1346 864 est
1380 804 1725 864 scientiam
1765 821 1955 864 suam
1991 805 2077 864 ad
2112 806 2388 879 coelum,
2441 806 2702 864 scilicet
2734 805 2816 864 ad
2852 805 3277 865 sanctitatem
3311 806 3549 876 levare,

456 905 771 966 videlicet
818 907 1100 982 erigere,
1136 908 1250 967 sed
1291 908 1700 985 percutiebat
1738 908 1804 967 in
1852 909 2330 969 constrictione
2372 916 2604 986 pectus
2655 928 2871 985 suum,
2920 908 2989 969 id
3031 911 3136 969 est
3166 924 3286 968 cor
3332 924 3549 979 suum,

459 1006 685 1070 dicens
711 1008 779 1069 in
809 1009 1252 1070 confessione:
1288 1012 1486 1085 Deus,
1527 1011 1642 1086 qui
1675 1012 1897 1069 omnia
1923 1012 2195 1085 creasti,
2217 1014 2550 1089 propitius
2583 1019 2741 1087 estc,
2776 1011 2892 1087 qui
2924 1017 2992 1070 et
3022 1009 3309 1085 gratiam
3341 1016 3411 1068 et
3441 1023 3553 1082 po-

459 1118 774 1173 testatem
827 1114 892 1173 in
942 1113 1068 1174 hoc
1099 1114 1332 1188 habes,
1383 1118 1546 1175 mihi
1590 1118 1945 1192 peccatori,
1999 1114 2251 1175 faciens
2302 1121 2376 1175 ut
2408 1134 2446 1175 a
2494 1117 2789 1192 peccatis
2824 1115 2991 1175 meis
3032 1130 3315 1188 cessem,
3351 1120 3427 1173 ut
3456 1112 3554 1171 di-

458 1222 640 1278 ctum
670 1224 796 1280 est:
847 1238 879 1277 <t
909 1217 1164 1280 Delicta
1205 1219 1578 1295 juventutis
1614 1235 1799 1280 meae
1831 1226 1898 1280 et
1934 1220 2347 1294 ignorantias
2397 1235 2583 1281 meas
2617 1235 2697 1279 ne
2733 1219 3119 1279 memineris
3150 1214 3195 1297 ¹)
3236 1236 3269 1275 ιι
3313 1217 3471 1293 quia
3506 1234 3543 1276 a

462 1326 736 1399 peccato
771 1340 877 1385 me
909 1326 1249 1386 continere
1282 1342 1415 1387 non
1447 1342 1750 1402 possum.

554 1428 766 1489 Amen
814 1431 958 1491 dico
989 1430 1180 1505 υοόἱε,
1235 1432 1326 1491 ita
1359 1432 1535 1508 quod
1584 1431 1748 1491 haec
1783 1449 1820 1492 a
1853 1429 1986 1491 Deo
2021 1430 2205 1492 dicit:
2256 1432 2608 1492 Descendit
2642 1433 2769 1505 hic,
2814 1445 2967 1490 cum
3000 1429 3200 1489 homo
3234 1444 3308 1489 se
3340 1428 3555 1517 humi-ff

467 1530 609 1606 liat,
663 1537 736 1592 ut
769 1548 841 1592 se
873 1540 1294 1609 peccatorem
1328 1541 1712 1611 cognoscat,
1763 1541 1831 1594 et
1863 1540 2140 1609 peccata
2174 1552 2297 1595 sua
2329 1534 2647 1609 dimittat,
2690 1530 3114 1613 justificatus,
3150 1524 3559 1614 quiaLDomi-

465 1652 625 1696 num
674 1653 868 1697 suum
901 1639 1276 1714 confitetur,
1326 1645 1393 1699 et
1425 1643 1700 1715 peccata
1747 1656 1867 1700 sua
1901 1657 2023 1716 pro
2072 1657 2267 1701 servo
2301 1646 2369 1701 et
2414 1656 2547 1699 non
2578 1656 2699 1716 pro
2746 1639 3013 1699 domino
3062 1637 3292 1711 habet,
3343 1639 3416 1696 in
3449 1634 3555 1693 do-

466 1758 654 1800 mum
704 1760 914 1818 suam,
952 1743 1045 1802 ita
1095 1749 1169 1803 ut
1204 1744 1269 1802 in
1303 1760 1583 1820 corpore
1617 1760 1740 1804 suo
1788 1751 1972 1805 recta
2008 1746 2247 1805 itinera
2296 1745 2365 1804 in
2397 1743 2820 1804 confessione
2861 1743 3013 1803 fidei
3050 1741 3272 1802 faciat:
3307 1741 3384 1801 ab
3416 1740 3553 1813 illo,

471 1844 786 1918 quoniam
836 1845 902 1904 in
934 1845 1160 1906 divino
1212 1853 1489 1922 aspectu
1522 1848 1811 1922 gratiam
1856 1848 1972 1907 Dei
2009 1847 2277 1909 habent.
2332 1848 2504 1921 Quia
2534 1848 2746 1905 omnis
2794 1848 2909 1924 qui
2943 1864 3010 1904 se
3043 1846 3321 1919 exaltat,
3360 1843 3450 1903 ita
3484 1848 3557 1901 ut

469 1962 589 2022 per
638 1948 1020 2024 superbiam
1055 1967 1128 2010 se
1164 1957 1469 2011 sanctum
1502 1952 1703 2027 dicat,
1755 1953 2237 2027 humiliabitur,
2283 1954 2347 2012 id
2380 1959 2487 2013 est
2520 1952 2801 2011 mendax
2834 1955 2963 2024 est,
2999 1950 3156 2026 quia
3189 1949 3394 2009 Deum
3428 1962 3558 2007 non

473 2051 781 2127 requirit,
832 2059 899 2111 et
935 2052 1082 2112 ideo
1132 2072 1170 2115 a
1202 2054 1336 2115 Deo
1386 2060 1453 2117 et
1485 2056 1568 2116 ab
1616 2055 1999 2116 hominibus
2036 2073 2234 2134 saepe
2277 2057 2703 2132 relinquitur,
2739 2055 3054 2131 quoniam
3087 2053 3203 2129 qui
3238 2053 3305 2110 in
3340 2065 3559 2109 messe

470 2154 738 2230 gaudet,
794 2158 1180 2218 multotiens
1229 2160 1583 2237 decipitur,
1635 2161 1792 2237 quia
1825 2161 1941 2221 ubi
1974 2161 2173 2221 homo
2207 2177 2337 2222 non
2369 2161 2653 2236 laborat,
2709 2159 3080 2219 mercedem
3114 2175 3245 2218 non
3295 2156 3553 2231 recipit,

471 2258 587 2319 sed
639 2260 706 2319 in
739 2261 1205 2323 aestimatione
1255 2281 1376 2324 sua
1414 2265 1768 2341 decipitur;
1819 2272 1881 2325 et
1917 2269 2032 2344 qui
2081 2286 2147 2325 se
2183 2266 2525 2339 humiliat,
2579 2265 2840 2325 scilicet
2873 2264 2991 2340 qui
3038 2268 3380 2322 scrutatur
3412 2276 3566 2336 pec*

471 2366 620 2424 cata
669 2380 813 2439 sua,
866 2367 1216 2442 requirens
1262 2370 1376 2430 ubi
1410 2371 1702 2430 animam
1736 2388 1926 2431 suam
1959 2370 2437 2444 vulneraverit,
2489 2375 2557 2429 et
2591 2371 2684 2430 ita
2719 2370 2787 2429 in
2821 2368 3117 2443 suspirio
3149 2382 3220 2426 se
3269 2372 3562 2440 proster-

475 2467 595 2539 nit,
631 2467 1039 2527 eaealtabitur
1072 2471 1370 2532 clamans
1405 2473 1489 2533 ad
1522 2472 1752 2550 Deum,
1791 2474 1883 2534 ita
1917 2480 1990 2535 ut
2024 2490 2255 2535 omnes
2289 2475 2637 2535 creaturas
2672 2473 2800 2533 sibi
2837 2473 2902 2531 in
2934 2470 3341 2547 adjutorium
3380 2469 3564 2528 invo-

476 2571 603 2663 cet,
634 2585 804 2645 quae
838 2587 987 2632 eum
1025 2575 1402 2651 suscipiunt
1434 2584 1501 2637 et
1533 2579 1617 2638 ad
1650 2579 1859 2640 Deum
1892 2580 2224 2655 deferunt,
2256 2582 2321 2641 in
2346 2580 2473 2641 hoc
2502 2579 2677 2656 quod
2710 2578 2963 2638 dictum
2999 2583 3121 2636 cst:
3158 2594 3187 2633 «
3220 2574 3381 2633 Vivo
3416 2589 3562 2647 cg0‚

474 2671 639 2732 dicit
669 2673 1010 2751 DominuS,
1048 2678 1199 2740 nolo
1236 2687 1517 2741 mortem
1552 2684 1947 2758 peccatoris.
1983 2683 2034 2763 ²)
2076 2703 2105 2741 »

408 2836 429 2862 k

1986 2894 2064 2954 11.

1822 3107 1968 3167 Alio
2016 3108 2222 3167 mode.

3572 3194 3642 3230 ’”Ἶ

573 3312 716 3375 Duo
764 3315 1058 3375 homines
1107 3315 1272 3375 duos
1321 3315 1609 3376 honores
1660 3316 2061 3392 significant,
2115 3316 2376 3375 scilicet
2425 3315 2780 3374 scientiam
2826 3312 3082 3373 boniet
3132 3309 3312 3384 mali;
3348 3327 3573 3369 asceu-

483 3416 747 3491 debant,
798 3420 872 3477 ut
907 3418 1080 3493 ignis
1129 3426 1196 3478 et
1231 3419 1476 3494 fumus,
1514 3421 1673 3496 quia
1706 3436 1828 3480 nec
1877 3420 2049 3496 ignis
2084 3421 2225 3480 sine
2261 3419 2466 3494 fum0‚
2502 3434 2624 3479 nec
2661 3418 2882 3478 sumus
2918 3417 3062 3477 sine
3098 3417 3270 3490 igne,
3307 3418 3376 3475 in
3412 3421 3575 3474 tem-

475 3517 695 3600 plum,
733 3523 992 3583 scilicet
1026 3524 1092 3583 in
1125 3524 1406 3600 figuram
1443 3524 1714 3585 humani
1749 3525 2054 3600 corporis
2083 3526 2148 3583 in
2182 3539 2312 3600 quo
2348 3539 2515 3600 opus
2543 3524 2660 3584 Dei
2688 3525 2874 3599 latet,
2910 3528 2983 3582 ut
3019 3528 3309 3594 orarent,
3346 3519 3579 3579 videli-

485 3631 593 3686 cet
628 3631 701 3685 ut
746 3624 953 3686 Deum
990 3633 1219 3686 mutuo
1254 3628 1752 3702 confiterentur,
1789 3629 1948 3705 quia
1981 3628 2230 3688 bonum
2264 3627 2514 3687 malum
2548 3633 2615 3688 et
2649 3627 2899 3687 malum
2932 3627 3175 3686 bonum
3211 3622 3569 3700 aliquando

485 3729 827 3806 opprimit,
857 3736 924 3789 et
957 3736 1178 3790 tamen
1206 3747 1407 3790 unum
1440 3731 1647 3790 Deum
1682 3732 2100 3792 confitentur:
2135 3751 2313 3792 uuus
2348 3734 2774 3807 Pharisaeus,
2823 3732 2887 3791 id
2922 3734 3027 3792 est
3058 3730 3231 3792 bona
3267 3726 3573 3800 scientia,

489 3837 553 3892 et
587 3834 762 3894 alter
797 3834 862 3893 in
896 3835 1029 3895 alia
1060 3835 1208 3894 vice
1242 3835 1670 3910 PublicanuS,
1707 3835 1967 3895 scilicet
2001 3837 2175 3896 mala
2211 3837 2510 3897 scientia.
2538 3832 2587 3915 ³)

578 3927 981 4001 Pharisaeus
1031 3951 1212 4001 stans
1247 3940 1389 4001 sine
1441 3941 1769 4016 irrisione,
1807 3943 2041 4002 nolens
2091 3944 2267 4003 malo
2300 3944 2825 4017 communicare,
2884 3943 3042 4004 haec
3088 3943 3268 4020 apud
3317 3961 3381 4000 se
3433 3956 3586 4000 con-

489 4045 629 4105 scia
679 4043 810 4105 sibi
858 4044 1100 4121 orabat,
1153 4044 1523 4106 confitendo
1571 4046 1799 4106 Deum:
1853 4047 2029 4107 Deus
2080 4048 2396 4122 omnium,
2447 4050 2716 4124 qratiaS,
2772 4046 2834 4107 id
2877 4051 2983 4106 est
3022 4046 3255 4106 laudes
3290 4047 3405 4122 ayo
3437 4043 3579 4113 tibi,

490 4149 753 4210 scilicet
802 4148 923 4210 tibi
956 4149 1128 4226 dico,
1181 4154 1338 4228 quia
1367 4169 1498 4210 non
1535 4170 1679 4210 sum
1715 4151 1780 4210 in
1828 4150 2267 4224 siscitatione,
2303 4167 2425 4209 nec
2458 4153 2526 4210 in
2559 4150 2951 4226 duplicitate
2985 4148 3460 4222 simulationiS‚
3498 4149 3586 4206 si-

477 4260 600 4314 -cut
651 4258 895 4316 caeteri
929 4259 1305 4331 homiuum,
1358 4256 1672 4316 videlicet
1704 4255 1837 4315 alia
1871 4255 2059 4331 vitia,
2096 4261 2415 4332 raptoreS,
2454 4255 2610 4332 quia
2643 4254 2815 4314 dona
2849 4259 2964 4314 tua
2999 4269 3128 4312 non
3162 4251 3432 4328 abjiciO,
3469 4250 3585 4310 scd

493 4357 713 4433 laud0,
764 4357 1024 4436 injusti,
1069 4361 1383 4436 quoniam
1427 4361 1679 4437 judicia
1714 4367 1828 4420 tua
1877 4376 2007 4420 non
2038 4359 2302 4434 damno,
2356 4359 2472 4419 scd
2508 4360 2897 4435 amplector,
2932 4360 3252 4427 adulteri,
3289 4357 3447 4434 quia
3498 4358 3591 4417 in-

493 4461 876 4523 stitutiones
929 4469 1078 4524 tuas
1112 4480 1240 4525 non
1261 4461 1772 4546 Jsupergredior,
1827 4464 1943 4524 sed
1977 4481 2094 4524 eas
2131 4465 2415 4525 libenter
2447 4464 2656 4539 disco,
2693 4465 2872 4523 velut
2905 4465 3109 4524 etiam
3145 4465 3251 4524 hic
3287 4461 3592 4526 Publica-

495 4585 645 4643 nus,
685 4568 749 4628 id
783 4574 888 4628 est
921 4569 1096 4629 sicut
1127 4569 1514 4645 hypocritae
1551 4569 1820 4630 faciunt.
3119 4632 3122 4635 ,

587 4672 848 4750 Jejuno,
901 4674 1161 4733 scilicet
1193 4672 1465 4733 abscido
1502 4673 1594 4733 bis
1629 4674 1991 4749 bilinguem
2035 4673 2394 4749 loquelam,
2429 4677 2501 4734 in
2536 4673 2812 4749 sabbato,
2864 4672 3177 4732 videlicet
3211 4689 3247 4731 a
3284 4676 3592 4730 sanctua-

499 4781 600 4842 rio
633 4784 770 4853 tuo;
807 4779 1092 4839 decimas
1127 4777 1228 4853 dc,
1261 4778 1324 4837 id
1359 4779 1554 4838 estin
1587 4777 1816 4837 decem
1843 4777 2221 4854 praeceptis
2255 4777 2519 4837 laudem
2552 4777 2782 4853 offero,
2824 4778 2938 4853 qui
2967 4793 3137 4836 unus
3169 4773 3346 4834 Deus
3382 4778 3508 4845 est,
3542 4770 3589 4848 ⁴)

495 4886 793 4944 omnium
828 4902 992 4961 quae
1021 4883 1343 4959 possidet),
1382 4882 1639 4942 scilicet
1672 4881 1752 4940 dc
1786 4883 1963 4940 omni
1992 4881 2245 4942 circulo
2282 4882 2660 4942 intellectus
2694 4884 2824 4942 mei
2863 4883 2928 4940 in
2962 4897 3092 4956 quo
3128 4882 3192 4939 te
3226 4880 3387 4937 sciO.

575 5036 619 5101 ¹)
646 5034 734 5091 Ps.
766 5033 980 5096 XXIV,
1011 5039 1057 5088 7.
1092 5065 1158 5073 -—
1191 5036 1234 5100 2)
1263 5032 1462 5090 Ezech.
1495 5032 1769 5096 xxxnl.
1816 5040 1897 5088 11.
1939 5064 1997 5072 -
2092 5038 2150 5088 et
2169 5033 2392 5089 Lazaro,
2418 5065 2481 5074 ---
2506 5034 2548 5102 ⁴)
2570 5033 2766 5090 Malim
2790 5033 3002 5089 taudem
3025 5032 3189 5101 offero
3210 5030 3312 5086 tibi
3331 5032 3430 5100 qui
3450 5044 3590 5081 unus

503 5123 546 5189 ³)
573 5122 774 5178 Contra
819 5139 986 5192 quam
1015 5128 1364 5193 expectatur,
1407 5128 1466 5176 ut
1507 5140 1669 5195 supra
1717 5123 1785 5177 dc
1824 5121 2000 5176 divite
2100 5121 2239 5175 Deus
2265 5139 2331 5175 cs.
