4036 6117
755 477 886 539 :³72
1905 497 1956 539 s.
2014 496 2563 541 ninnmAnnis

2117 712 2256 784 III.

777 931 910 989 Nec
958 949 995 990 a
1047 931 1284 991 florido
1335 930 1668 1005 virginum
1723 930 1894 989 idem
1945 931 2183 991 beatus
2230 932 2336 991 vir
2390 933 2715 992 Martinus
2764 932 3074 992 seclusus
3124 930 3491 1004 consortio,
3555 931 3620 989 in
3666 929 3767 989 illo

686 1052 912 1111 grege,
964 1036 1246 1095 eandida
1294 1052 1372 1094 ex
1425 1036 1921 1111 incorruptione
1971 1043 2154 1096 serta
2203 1043 2533 1112 gestante,
2586 1041 2657 1097 ut
2693 1038 2787 1097 ait
2834 1037 3145 1112 SeveruS,
3197 1039 3312 1115 qui
3360 1038 3765 1124 omnia-ejus

687 1141 925 1199 intima
959 1142 1208 1215 optime
1244 1143 1540 1201 noverat:
1583 1160 1614 1199 α
1655 1143 1910 1216 Agrium
1961 1141 2199 1201 ducem
2235 1144 2317 1202 ab
2356 1144 2532 1202 omni
2573 1144 2828 1218 integer
2872 1144 3021 1203 labe
3054 1145 3422 1216 comitavit,
3468 1163 3499 1200 »
3538 1140 3583 1221 ⁸)
3620 1159 3769 1218 quo⁶

687 1245 869 1303 niam
918 1245 1032 1319 qui
1086 1246 1151 1303 in
1200 1245 1772 1305 benedictionibus
1819 1246 2195 1306 dulcedinis
2237 1263 2389 1306 eum
2429 1249 2522 1307 ita
2555 1249 2926 1324 praevenit,
2962 1254 3035 1307 ut
3068 1266 3105 1307 a
3138 1249 3376 1324 primis
3416 1247 3558 1307 fere
3591 1247 3767 1307 annis

694 1347 775 1406 ad
809 1346 1104 1406 divinam
1153 1349 1380 1423 potius
1429 1350 1823 1408 servitutem
1874 1367 2077 1426 quam
2111 1351 2193 1409 ad
2244 1353 2659 1411 saecularem
2696 1353 3029 1427 militiam,
3085 1369 3278 1412 sacra
3315 1353 3606 1411 illustris
3636 1352 3766 1427 ejus

692 1452 983 1526 spiraret
1034 1453 1332 1513 infantia:
1385 1455 1543 1512 etei
1579 1454 1877 1526 decenni,
1933 1455 2162 1514 invitis
2210 1457 2626 1531 parentibuS,
2680 1456 2762 1516 ad
2794 1457 3167 1515 Ecclesiam
3215 1456 3640 1531 confugiendi
3686 1454 3770 1513 af-

696 1554 942 1615 fectum
986 1556 1240 1616 indidit:
1295 1556 1652 1616 identidem
1701 1559 1761 1616 ei
1796 1564 1862 1616 et
1899 1559 2070 1617 velle
2118 1563 2185 1620 et
2230 1576 2428 1635 posse
2478 1560 2866 1634 contribuit,
2919 1566 2991 1620 ut
3028 1561 3090 1618 in
3127 1561 3269 1634 ipsa
3304 1560 3550 1619 militia
3584 1574 3764 1634 quam

693 1661 1237 1720 correctissimus
1291 1663 1682 1734 exercebat,
1744 1662 1908 1721 adeo
1961 1663 2294 1738 integrum
2352 1665 2435 1724 ab
2485 1665 2591 1724 his
2643 1681 2714 1723 se
2764 1666 2991 1738 vitiis,
3049 1666 3295 1741 quibus
3355 1665 3520 1724 illud
3579 1665 3770 1724 homi-

690 1781 848 1827 num
901 1783 1109 1842 genus
1160 1769 1566 1844 implicatur,
1619 1769 2162 1842 observaret,-ut
2204 1771 2339 1846 jam
2396 1773 2508 1832 illo
2558 1780 2880 1847 tempore,
2933 1788 3063 1831 non
3113 1771 3330 1844 miteS,
3390 1770 3509 1830 sed
3565 1783 3768 1828 mona·

693 1872 862 1930 chus
898 1875 1268 1946 putaretur;
1320 1880 1387 1931 et
1418 1872 1745 1948 abneqans
1799 1876 2212 1950 impietatem
2244 1882 2301 1934 et
2340 1877 2712 1936 saecularia
2758 1877 3114 1950 desideria,
3149 1871 3199 1953 ²)
3240 1875 3605 1933 immunem
3645 1887 3711 1929 se
3737 1887 3769 1928 a

697 1977 1047 2052 spurcitiis
1080 1978 1306 2036 carnis
1352 1977 1742 2037 custodiret.

786 2081 996 2157 Super
1053 2098 1215 2157 quo,
1275 2082 1588 2141 videlicet
1644 2081 1818 2157 quod
1875 2084 2065 2156 virgo
2123 2082 2190 2141 in
2237 2099 2475 2142 aevum
2533 2084 2933 2159 permansit,
2993 2085 3049 2142 si
3099 2082 3180 2142 de
3240 2098 3386 2141 mea
3442 2080 3771 2140 dubitatur

696 2186 1089 2260 assertione,
1145 2186 1246 2245 sas
1293 2203 1421 2244 non
1456 2192 1560 2245 est
1609 2192 1681 2245 ut
1713 2185 1793 2244 de
1843 2186 1969 2244 fide
2022 2186 2203 2245 illius
2254 2189 2601 2262 speciosae
2655 2195 2722 2247 et
2772 2189 3006 2246 unicae
3055 2202 3342 2263 sponsae
3393 2183 3667 2255 Christi,
3712 2181 3770 2240 in

694 2305 826 2364 qua
875 2306 996 2349 nec
1047 2292 1308 2349 macula
1359 2291 1707 2363 mendacii,
1759 2305 1880 2348 nec
1926 2290 2343 2364 duplicitatis
2393 2307 2556 2366 ruga
2600 2297 2728 2366 est,
2782 2292 2867 2351 ab
2915 2293 3142 2368 aliquo
3190 2291 3559 2349 dubitetur.
3610 2287 3770 2358 Quae

697 2397 766 2454 in
801 2395 1033 2454 multis
1065 2396 1170 2454 vel
1201 2395 1363 2454 locis
1391 2396 1495 2454 vel
1533 2395 1970 2454 conventibus
2000 2395 2164 2466 suis,
2204 2395 2584 2470 hujusmodi
2619 2396 2699 2455 de
2736 2397 2849 2456 illo
2887 2396 3382 2470 responsorium
3410 2393 3769 2453 concinens:

701 2518 731 2554 ε(
771 2498 1119 2570 MartinuS,
1169 2491 1217 2574 ⁸)
1256 2498 1570 2556 sacerdos
1603 2497 1742 2566 Dei,
1796 2497 1903 2554 cui
1954 2500 2107 2571 post
2158 2499 2502 2572 apostolos
2553 2501 2802 2558 tantam
2854 2499 3142 2574 gratiam
3189 2497 3514 2556 Dominus
3564 2498 3775 2552 contu-

701 2605 800 2677 lit,
840 2609 911 2661 ut
946 2609 1083 2663 tres
1119 2610 1421 2662 mortuos
1457 2603 1842 2676 suscitaret,
1892 2608 1959 2660 et
1994 2603 2164 2661 alias
2199 2604 2484 2663 virtutes
2533 2605 2916 2679 praeclaras
2950 2603 3356 2676 ostenderet,
3409 2601 3587 2660 inter
3619 2597 3767 2656 alios

698 2708 1123 2766 confessores
1170 2713 1238 2766 et
1273 2708 1602 2781 martyres
1641 2705 1872 2780 fulget,
1910 2714 1982 2764 ut
2016 2723 2194 2779 rosa,
2246 2707 2312 2765 in
2348 2707 2585 2780 Gallia;
2629 2725 2658 2762 »
2712 2708 2793 2766 de
2840 2707 3035 2767 laude
3070 2707 3337 2766 tandem
3373 2701 3767 2780 integritatis

699 2816 847 2889 ejus
898 2831 1169 2873 versum
1221 2815 1394 2873 hunc
1444 2813 1809 2889 subjungit:
1863 2832 1893 2870 α
1936 2813 2226 2888 Corpore
2275 2813 2543 2888 quidem
2588 2814 2912 2886 virgineO,
2949 2813 3265 2872 blandum
3316 2811 3611 2871 habebat
3655 2807 3769 2866 elo-

701 2921 963 2996 quium,
1001 2920 1230 2994 gravis
1263 2924 1411 2977 erat
1445 2920 1510 2977 in
1543 2918 1866 2990 moribuS,
1904 2924 1971 2975 et
2006 2918 2259 2977 intenta
2293 2921 2512 2976 mente
2545 2919 2731 2977 coelo
2766 2935 3159 2995 suspensus.
3191 2936 3224 2975 »

788 3026 867 3086 Et
915 3024 1085 3083 hanc
1117 3023 1419 3083 eamdem
1467 3020 1904 3082 assertionem
1955 3021 2150 3081 dator
2191 3022 2334 3098 ipse
2366 3027 2432 3081 et
2482 3029 2713 3081 custos
2749 3024 2915 3083 tanti
2965 3022 3263 3082 muneris
3296 3020 3646 3081 evidenter
3676 3030 3771 3091 ap-

698 3134 1033 3209 probavit,
1090 3133 1153 3190 in
1188 3148 1266 3190 eo
1301 3131 1477 3207 quod
1517 3130 2017 3190 memorabilem
2054 3131 2237 3189 illam
2270 3132 2761 3205 eleemosynam
2796 3132 3054 3190 divisae
3089 3129 3469 3204 chlamidiS,
3525 3131 3656 3187 tam
3687 3138 3771 3182 se-

699 3236 854 3294 dulo
905 3242 1175 3311 tamque
1226 3233 1518 3310 jucundo
1577 3233 1797 3292 laudis
1852 3234 2247 3307 praeconio,
2308 3234 2372 3291 in
2424 3234 2639 3292 medio
2696 3236 3118 3309 angelorum,
3176 3249 3256 3292 ea
3304 3230 3768 3298 circumdatuS,

699 3341 1100 3413 consistenS,
1138 3338 1621 3414 gloriabundus
1653 3338 1912 3409 extulit,
1967 3342 2040 3394 ut
2072 3337 2344 3397 diceret:
2402 3357 2432 3394 «
2472 3339 2794 3397 Martinus
2830 3338 3045 3397 adhuc
3094 3335 3617 3397 catechumenus
3663 3332 3767 3389 hac

702 3462 805 3503 me
839 3449 1027 3502 veste
1077 3445 1388 3504 contexit.
1429 3462 1460 3500 ))
1494 3440 1542 3521 ⁴)
1579 3444 1702 3513 Qui
1740 3442 1968 3516 procul
2004 3442 2208 3500 dubio
2243 3458 2581 3517 nunquam
2633 3444 2697 3501 in
2732 3443 2965 3502 eodem
2998 3458 3197 3519 quem
3231 3456 3491 3517 pauper
3523 3450 3773 3512 accepe-

703 3557 806 3608 rat
871 3548 1142 3620 babitu,
1211 3564 1536 3623 apparere
1592 3548 2021 3621 dignaretur,
2089 3562 2210 3604 nec
2270 3546 2519 3605 factum
2578 3547 2750 3606 idem
2809 3553 2995 3607 tanto
3061 3547 3290 3607 favore
3345 3557 3771 3621 prosequere-

700 3662 831 3725 tur,
871 3654 999 3712 nisi
1050 3654 1400 3727 Martinus,
1454 3654 1518 3712 in
1553 3653 1700 3728 ejus
1749 3651 2179 3724 exhibitione,
2232 3653 2298 3711 et
2344 3652 2563 3710 animo
2598 3657 2665 3710 et
2714 3668 2992 3727 corpore
3044 3652 3437 3727 impollutus
3484 3648 3771 3709 inventus

703 3760 903 3817 esset.

792 3866 924 3925 Nec
978 3865 1420 3926 dubitandum
1469 3866 1631 3942 quin
1681 3872 1833 3942 post
1893 3865 2189 3940 agnitum
2250 3870 2386 3924 tam
2435 3866 2692 3925 clarum
2749 3867 2975 3942 operis
3026 3866 3132 3926 sui
3190 3864 3440 3925 Christi
3493 3861 3771 3925 testimo-

705 3973 910 4041 nium,
964 3973 1287 4047 religione
1339 3971 1729 4030 ferventiori
1778 3971 1858 4029 de
1908 3977 2176 4029 caetero
2230 3970 2728 4030 immaculatum
2767 3986 2839 4029 se
2873 3972 2958 4031 ab
3008 3970 3134 4030 hoc
3183 3969 3451 4029 saeculo
3504 3962 3771 4027 custodi-

701 4079 849 4137 erit:
900 4094 1052 4136 cum
1102 4078 1333 4136 statim
1381 4077 1787 4152 baptismum
1838 4076 2214 4141 assecutus,
2266 4089 2389 4132 nec
2438 4074 2632 4149 longo
2674 4080 2828 4149 post
2878 4074 3134 4132 relictis
3183 4071 3519 4145 omnibuS,
3571 4082 3771 4128 mona-

701 4182 868 4239 chus
913 4181 1153 4254 sactus,
1205 4184 1279 4241 ut
1312 4181 1373 4239 ei
1423 4181 1740 4257 placeret,
1793 4180 1899 4237 cui
1937 4194 2010 4236 sc
2060 4178 2485 4252 probaverat,
2539 4178 2750 4237 altera
2794 4178 2933 4254 Jam
2983 4177 3158 4236 idem
3208 4175 3499 4251 spiritali
3551 4169 3768 4232 militia

699 4285 1132 4359 exercendus,
1185 4301 1523 4360 nunquam
1573 4300 1646 4341 se
1702 4283 2016 4357 deinceps
2066 4282 2353 4341 terrenis
2399 4282 2690 4355 negotiis
2739 4282 3006 4341 omnino
3059 4280 3471 4357 implicuisse
3520 4275 3768 4337 creden-

704 4389 830 4447 dus
869 4390 977 4448 sit.
3420 4376 3421 4379 ¹

794 4492 972 4551 Unde
1021 4508 1151 4550 non
1203 4493 1416 4551 solum
1469 4493 1549 4551 de
1593 4492 1794 4566 hujus
1844 4506 2044 4567 quam
2101 4492 2162 4549 in
2196 4506 2273 4549 eo
2324 4489 2891 4564 commendamuS,
2945 4486 3333 4564 splendidae
3380 4477 3769 4560 virginitatis

704 4597 1068 4655 centesimo
1107 4596 1349 4669 fructu,
1402 4613 1598 4672 quein
1633 4597 1765 4655 Deo
1814 4597 2071 4654 cultore
2110 4594 2350 4653 fertilis
2394 4594 2540 4668 ejus
2576 4600 2755 4652 terra
2790 4593 3092 4669 protulit,
3149 4593 3212 4651 in
3250 4593 3362 4651 illa
3398 4589 3565 4649 coeli
3601 4599 3770 4660 repu-

703 4702 880 4761 blica
928 4701 1116 4759 dives
1166 4701 1452 4760 habetur
1498 4707 1565 4759 et
1616 4702 1924 4774 inclytus;
1976 4700 2093 4757 sed
2129 4706 2196 4758 et
2243 4715 2363 4774 pro
2412 4715 2489 4757 eo
2541 4699 2718 4774 quod
2768 4698 3142 4757 voluntarie
3191 4695 3578 4756 sacrificans
3625 4690 3765 4753 Deo,

783 4902 824 4964 ¹)
877 4901 1086 4974 Sulpit.
1143 4901 1332 4957 Severi
1383 4920 1464 4974 ep.
1509 4902 1592 4964 ΙΙ,
1641 4903 1717 4956 ad
1753 4901 1937 4954 Aur-el.
1994 4900 2203 4955 Pati-ol.
2300 4899 2360 4953 in
2406 4899 2693 4954 Breviario
2731 4901 2982 4954 Romano
3020 4904 3146 4971 post
3174 4902 3301 4955 lect.
3347 4899 3389 4954 1.
3434 4888 3688 4951 nocturni
3724 4886 3772 4939 in

709 4988 818 5043 XX
845 4990 950 5043 col.
989 4992 1089 5042 179
1114 4987 1172 5043 C.
1218 4988 1392 5042 Paulo
1419 5003 1584 5059 supra
1624 4992 1681 5041 ct
1708 5003 1838 5040 mox
1881 4986 2049 5048 infra,
2089 4988 2211 5057 plu·
2302 4983 2394 5039 dic
2434 4982 2596 5045 sest0;
2638 4990 2853 5039 caetera
2903 4984 2960 5037 in
2999 4983 3201 5054 priscis
3226 4983 3536 5039 Galliarum
3576 4972 3770 5032 Brevia-

708 5091 767 5127 ra
808 5076 1012 5146 passim
1046 5075 1451 5148 insperguntur
1487 5093 1554 5129 ex
1591 5074 1715 5130 Vita
1755 5090 1810 5129 n.
1855 5078 1908 5135 2,
1940 5079 1989 5130 3.
2037 5105 2105 5113 —-
2305 5070 2408 5124 riis
2435 5074 2775 5126 manserunt.
2809 5101 2876 5110 -
2901 5070 2946 5135 ⁴)
2968 5067 3253 5139 Sutpitius
3279 5068 3467 5124 Sever.
3501 5065 3557 5121 in
3588 5062 3703 5119 Vita
3720 5056 3768 5111 S·

709 5162 753 5225 2)
792 5160 904 5215 Tit.
949 5162 1023 5223 11,
1063 5166 1139 5215 12.
1178 5193 1240 5199 --
1268 5160 1312 5223 ³)
1341 5160 1697 5231 Responsorii
1732 5159 1961 5214 initium
2006 5159 2215 5227 legitur
2305 5157 2541 5213 Martini
2567 5158 2601 5211 1.
2637 5156 2672 5210 l.
