4036 6117
1309 513 1548 561 Lmen
1603 513 1804 558 vrrs-2
1860 509 2332 559 iii-:alwoltum
3042 491 3047 496 ’
3215 489 3299 548 63

265 671 276 686 ·
308 649 336 694 x
370 629 485 698 alis
517 637 910 713 prophetiae
944 634 1455 707 cherubizandO,
1491 632 1668 692 Deus
1704 631 1768 690 in
1803 630 2187 690 hominibus
2225 629 2404 690 facit.
2446 648 2478 686 »
2517 628 2712 688 Liber
2745 634 2968 688 autem
3014 621 3378 703 pectoralis

303 742 432 800 alae
465 741 742 817 integer,
777 747 846 800 et
880 745 1062 802 totus
1096 740 1306 814 niger,
1343 754 1423 798 ac
1455 737 1692 812 plenus
1727 734 2077 794 stellarum
2109 734 2429 805 existenS,
2467 729 2769 793 candidis
2804 733 3075 807 litteris,
3110 733 3192 791 de
3226 751 3381 809 pro-

304 843 611 904 funditate
644 844 979 903 dictorum
1024 842 1350 903 librorum
1381 839 1768 912 contractiS,
1822 839 2148 915 plurimas
2184 837 2559 916 scripturas
2606 838 3006 913 compilatas
3040 838 3106 897 in
3156 851 3229 898 se
3264 832 3380 898 ha·

301 946 503 1020 bebat,
556 964 727 1024 quas
758 945 1143 1022 philosophi
1189 951 1256 1005 et
1297 944 1659 1020 sapienteS,
1708 959 1786 1001 ex
1821 944 2078 1003 eisdem
2126 944 2318 1004 libris
2369 941 2865 1015 abstrahentes»,
2918 947 3380 1017 comportave-

300 1052 455 1118 rant,
489 1055 560 1109 et
592 1065 744 1108 cum
776 1049 876 1109 eis
909 1049 1167 1125 plateas
1195 1048 1501 1123 Justitiae
1535 1051 1767 1106 contra
1799 1044 2221 1106 Occidentem
2259 1052 2325 1106 et
2357 1047 2751 1121 Aquilonem
2778 1045 2911 1105 Deo
2944 1052 3374 1121 paraverant,

297 1151 467 1210 velut
499 1152 749 1228 aliquis
785 1152 980 1213 homo
1031 1153 1214 1226 facit,
1250 1152 1365 1229 qui
1397 1151 1477 1211 de
1510 1157 1709 1227 puteo
1743 1163 1955 1226 aquas
2005 1150 2253 1224 haurit,
2291 1161 2412 1208 nec
2444 1149 2530 1208 ab
2562 1148 2688 1208 hoc
2724 1155 2971 1224 cessat,
3006 1149 3215 1209 donec
3258 1167 3382 1210 vas

294 1248 333 1330 ¹)
366 1272 560 1315 suum
595 1257 889 1332 impleat,
941 1255 1499 1333 quemadmodum
1534 1255 1708 1314 Deus
1745 1254 1809 1313 in
1857 1254 2189 1330 principio
2222 1269 2453 1313 omnes
2487 1259 2836 1312 creaturas
2893 1252 3072 1327 fecit,
3110 1269 3231 1313 nec
3266 1253 3382 1312 de-

299 1357 425 1433 siit,
458 1357 674 1418 donec
709 1360 975 1419 omnino
1011 1374 1216 1434 opera
1251 1375 1372 1417 sua
1407 1358 1793 1433 complevit.

378 1463 435 1523 2.
483 1463 838 1524 Praedicta
874 1471 1097 1525 autem
1131 1460 1410 1524 candida
1444 1464 1678 1538 nubeS,
1717 1460 1782 1523 in
1814 1479 1946 1539 qua
1979 1462 2154 1521 idem
2200 1461 2309 1521 vir
2339 1462 2423 1522 ab
2457 1456 2755 1522 humeris
2803 1473 3018 1538 usque
3053 1461 3134 1522 ad
3172 1462 3377 1522 femo-

291 1559 361 1625 'ra
392 1584 516 1632 sua
565 1574 734 1644 erat,
768 1569 963 1645 plena
1014 1568 1387 1629 animarum
1430 1567 1768 1644 justorum
1820 1565 1965 1625 fuit.
1999 1565 2079 1625 Et
2113 1567 2181 1625 in
2231 1565 2376 1641 ipsa
2409 1566 2583 1625 nube
2631 1566 2857 1625 audivi
2892 1566 3087 1642 quasi
3142 1579 3377 1627 vocem

296 1672 566 1734 tonitrui
617 1673 856 1733 leniter
894 1677 1250 1732 tonantem:
1307 1691 1337 1728 α
1375 1669 1539 1730 Date
1589 1669 1853 1728 laudem
1887 1671 2030 1745 regi
2078 1672 2297 1730 omnia
2352 1671 2629 1746 regenti,
2682 1676 2750 1729 et
2781 1670 3067 1746 gloriam
3114 1671 3247 1732 Deo
3284 1673 3384 1732 vi-

297 1794 324 1833 »
359 1775 542 1836 venti
582 1793 639 1834 ι.
678 1776 859 1835 Tunc
907 1762 1151 1835 omnes'
1186 1774 1445 1833 animae
1499 1773 1667 1832 istae
1715 1772 2067 1831 elevabant
2110 1788 2182 1832 se
2218 1773 2283 1832 in
2330 1789 2652 1848 processu
2686 1774 2886 1848 vitae,
2938 1776 3381 1850 procedentes

292 1885 352 1939 et
382 1896 514 1938 non
548 1884 987 1953 revertentes,
1020 1875 1070 1956 ²)
1106 1875 1665 1953 quemadmodum
1700 1881 1885 1936 rotae
1933 1877 2115 1936 vitae
2149 1878 2216 1936 in
2247 1885 2444 1937 eunte
2493 1878 2736 1954 spiritu
2779 1877 2963 1937 ibant
2995 1884 3063 1937 et
3109 1897 3241 1938 non
3278 1895 3384 1938 re-

289 1982 742 2044 vertebantur.
777 1983 903 2043 Sed
953 1983 1018 2042 in
1050 1982 1284 2042 eadem
1332 1982 1505 2041 nube
1540 1983 1607 2040 in
1639 1979 1987 2041 secretiori
2039 1982 2206 2056 loco,
2244 1982 2415 2041 aliae
2464 1983 2725 2041 animae
2773 1983 3193 2042 occultorum
3228 2001 3384 2043 san-

293 2094 546 2147 ctorum
581 2088 781 2164 quasi
832 2084 898 2147 in
931 2089 1203 2164 speculo
1236 2087 1431 2147 valde
1479 2090 1833 2164 perspicuo
1866 2088 2241 2147 occultatae
2292 2085 2581 2156 suerunt,
2629 2087 2806 2145 omni
2842 2101 3084 2161 genere
3134 2089 3384 2162 pretio-

295 2193 720 2252 sissimorum
770 2194 1067 2270 lapidum
1098 2209 1176 2252 ac
1223 2193 1402 2252 omni
1450 2208 1690 2268 genere
1722 2193 1986 2251 decoris
2017 2191 2392 2251 decoratae.
2427 2190 2551 2261 Qui
2583 2191 2783 2249 etiarn
2837 2190 3020 2250 tubis
3052 2187 3385 2249 canebant

294 2300 355 2354 et
384 2296 690 2356 citharas
725 2297 791 2356 in
825 2296 1005 2355 omni
1039 2312 1279 2371 genere
1314 2297 1725 2355 musicorum
1761 2297 2246 2373 percutiebant,
2281 2301 2348 2354 et
2382 2294 2744 2354 secundum
2797 2310 3034 2354 sonum
3070 2291 3279 2353 maris
3314 2299 3383 2352 et

295 2415 618 2475 aquarum
655 2402 1016 2460 multarum
1051 2399 1474 2460 resonabant.
1511 2400 1590 2460 Et
1622 2401 1826 2460 etiam
1858 2401 2047 2477 ipsae
2079 2400 2407 2460 dixerunt:
2442 2419 2473 2456 ox
2511 2399 2839 2470 Quamdiu
2867 2400 3378 2475 sustinebimuS,

297 2521 323 2558 ι
357 2509 421 2563 et
451 2504 726 2579 quando
763 2504 986 2564 veniet
1019 2510 1306 2580 tempus»,
1343 2505 1521 2581 quod
1552 2499 1601 2584 3)
1638 2521 1840 2582 opera
1873 2509 2128 2582 nostra,
2167 2519 2339 2580 quae
2368 2504 2433 2562 in
2464 2503 2711 2579 platea,
2746 2521 2917 2580 quae
2951 2510 3104 2563 ante
3142 2504 3383 2565 faciem

296 2625 322 2661 ι
354 2605 468 2666 Dei
501 2613 639 2682 est,
675 2614 1021 2685 apparent,
1055 2609 1250 2668 nobis
1277 2609 1710 2669 tabernacula
1742 2614 1973 2668 nostra
2021 2622 2248 2667 coram
2281 2605 2413 2666 Deo
2450 2606 2752 2682 reddant,
2791 2614 2863 2667 ut
2913 2610 3167 2685 absque
3204 2608 3386 2670 vela-

295 2729 321 2765 »
355 2710 534 2770 mine
595 2711 806 2786 Moysi
863 2711 1103 2771 faciem
1157 2713 1304 2788 ejus
1360 2713 1743 2773 videamus?
1779 2732 1809 2769 s
1869 2712 1947 2771 Et
2001 2711 2303 2771 divinum
2354 2727 2752 2786 responsum
2789 2712 2924 2771 illis
2972 2712 3200 2772 datum
3251 2721 3378 2775 est:

292 2833 319 2870 ι
354 2815 490 2874 Hoc
526 2832 667 2876 non
697 2816 827 2874 erit
860 2820 1220 2891 antequam
1253 2823 1544 2892 quatuor
1577 2819 1759 2876 venti
1795 2833 1867 2875 se
1902 2817 2185 2876 invicem
2239 2817 2751 2892 implicaverint,
2789 2822 2855 2875 et
2907 2817 3190 2877 invicem
3224 2834 3380 2877 con-

293 2938 318 2972 »
354 2918 693 2993 flaverint,
744 2924 811 2978 et
859 2925 1218 2995 antequam
1251 2927 1453 2996 caput
1504 2922 1762 2996 antiqui
1795 2921 2137 2997 Serpentis
2186 2926 2400 2980 totum
2442 2926 2851 2994 conteratur,
2903 2926 2969 2979 et
3013 2920 3180 2980 nihil
3229 2922 3384 2996 plus

292 3041 319 3076 »
355 3025 605 3099 possit,
640 3029 709 3083 et
742 3028 1099 3099 antequam
1133 3025 1235 3085 sol
1269 3042 1420 3086 cum
1456 3028 1643 3087 leone
1680 3029 1900 3089 omnia
1935 3027 2234 3087 volatilia
2269 3042 2392 3085 sua
2433 3024 2800 3100 collegerit.
2842 3042 2874 3081 ι
2928 3026 3005 3086 Et
3038 3025 3383 3101 praefatae

286 3131 541 3188 animae
572 3129 914 3203 justorum
949 3130 1117 3188 istos
1151 3133 1452 3192 occultos
1484 3133 1599 3193 Dei
1637 3141 1908 3192 sanctos
1943 3132 2245 3190 sciebant
2278 3136 2345 3188 et
2390 3128 2749 3187 audiebant
2782 3134 2849 3187 et
2882 3130 3065 3188 velut
3100 3130 3386 3204 perluci-

285 3236 433 3293 ‹lum
466 3235 826 3311 speculum
874 3252 991 3295 eos
1023 3236 1363 3309 videbant,
1414 3244 1482 3297 et
1516 3239 1598 3297 ad
1634 3256 1956 3314 responsa
2004 3239 2105 3296 eis
2138 3238 2297 3296 data
2348 3235 2771 3309 anhelabant,
2811 3250 2960 3292 cum
3016 3236 3115 3292 eis
3150 3249 3385 3309 exspe-

284 3346 568 3412 ctantes,
607 3338 767 3396 dum
803 3339 905 3397 leo
939 3355 1202 3398 omnem
1230 3336 1533 3416 'rugitum
1569 3359 1764 3402 suum
1798 3344 2087 3417 emittat,
2123 3349 2193 3421 et
2216 3341 2426 3400 donec
2463 3355 2659 3398 omne
2694 3337 2990 3395 schisma
3028 3338 3094 3396 in
3128 3339 3374 3398 mundo

289 3442 581 3501 liniatur.

363 3548 424 3606 3.
481 3548 566 3606 Et
602 3562 757 3605 ecce
807 3546 870 3605 in
906 3548 1248 3622 praedicta
1299 3549 1561 3623 nebula,
1603 3551 1668 3609 in
1715 3566 1846 3626 qua
1897 3550 2163 3608 diversa
2217 3564 2460 3625 genera
2510 3550 2853 3623 vitiorum,
2893 3554 2963 3607 ut
3005 3548 3385 3625 praefatum

286 3657 382 3708 est
416 3653 641 3726 priuS,
677 3650 1001 3724 videram,
1037 3666 1191 3710 ecce
1224 3668 1396 3711 nunc
1426 3650 1475 3729 ⁴)
1509 3660 1661 3713 octo
1688 3656 1851 3714 vitia
1888 3656 1950 3713 in
1988 3653 2391 3728 imaginibus
2427 3654 2571 3712 suis
2607 3654 2670 3713 in
2697 3654 2873 3713 hunc
2900 3654 3168 3713 modum
3203 3654 3386 3712 vide·

289 3753 451 3814 bam.
485 3753 867 3825 Quamdam
902 3755 1081 3813 enim
1117 3755 1474 3830 imaginem
1513 3757 1675 3831 vidi,
1714 3764 1784 3816 ut
1818 3764 2219 3835 serpentem,
2257 3760 2320 3818 in
2370 3760 2696 3835 praefatis
2730 3760 3026 3819 tenebris
3075 3760 3385 3834 supinam

282 3857 645 3931 jacentem,
682 3857 878 3932 cujus
910 3858 1085 3917 oculi
1122 3864 1196 3917 ut
1231 3858 1405 3933 ignis
1437 3859 1784 3934 ardebant,
1821 3866 1887 3920 et
1920 3861 2114 3937 cujus
2148 3863 2373 3938 lingua
2405 3880 2485 3921 ex
2517 3880 2633 3923 ore
2670 3865 2881 3940 ipsius
2923 3868 3197 3923 extensa
3235 3863 3385 3937 suit,

288 3968 352 4019 et
381 3962 587 4037 cujus
636 3960 851 4019 cauda
886 3961 952 4019 in
1000 3960 1128 4020 fine
1161 3960 1429 4022 abscisa
1477 3969 1641 4022 erat.
1679 3965 1938 4043 Corpus
1989 3973 2215 4026 autem
2250 3968 2461 4043 ipsius
2503 3967 2673 4042 nigri
2710 3968 2956 4026 coloris
3006 3972 3174 4039 erat,
3211 3972 3277 4025 et
3312 3967 3389 4025 li-

288 4080 442 4123 neae
478 4063 721 4140 pallidi
756 4070 823 4123 et
855 4066 1171 4123 venenosi
1207 4066 1453 4125 coloris
1488 4084 1525 4126 a
1560 4069 1778 4143 capite
1804 4068 1951 4143 ejus
1984 4069 2299 4129 deorsum
2335 4071 2400 4130 in
2433 4070 2845 4145 longitudine
2870 4070 3384 4131 descendebant.

287 4167 402 4225 Sed
439 4173 688 4227 venter
724 4169 935 4243 ipsius
970 4175 1244 4244 apertus
1281 4169 1428 4244 suit,
1464 4172 1526 4228 in
1561 4189 1691 4247 quo
1731 4173 1946 4246 imago
1983 4172 2294 4249 hominiS,
2332 4175 2516 4232 velut
2550 4176 2863 4248 incunis,
2893 4176 3131 4250 supina
3151 4176 3388 4253 jacens
3462 4218 3467 4223 ·

284 4272 627 4347 apparuit,
659 4287 830 4348 quae
859 4287 1061 4346 super
1087 4280 1287 4348 caput
1314 4290 1508 4331 suum
1537 4274 1818 4334 habebat
1850 4276 2121 4349 pileum,
2159 4281 2228 4333 ut
2257 4275 2538 4349 galeam,
2569 4277 2981 4351 aliquantum
3010 4278 3213 4336 altius
3247 4293 3391 4335 ere-

289 4382 488 4452 ctam,
528 4383 601 4436 et
634 4377 827 4439 albos
861 4379 1142 4453 capillos
1187 4379 1312 4438 sub
1345 4379 1578 4440 eodem
1612 4381 1787 4454 pileo
1822 4381 1902 4438 ad
1939 4378 2255 4437 humeros
2304 4379 2802 4439 descendentes.
2839 4381 3036 4439 Veste
3070 4382 3273 4440 etiam
3307 4398 3387 4440 ex

289 4481 470 4539 tenui
505 4486 579 4539 et
611 4480 766 4540 albo
801 4481 1017 4541 serico
1054 4481 1281 4541 induta
1313 4489 1480 4556 erat,
1517 4484 1760 4543 amicta
1795 4499 2061 4559 quoque
2094 4484 2297 4560 pallio
2330 4485 2503 4559 quod
2539 4486 2748 4544 colori
2782 4486 3084 4560 ejusdem
3118 4503 3388 4564 serpen-

291 4584 376 4641 tis
409 4583 948 4643 assimilabatur.

361 4789 407 4857 ⁸)
430 4792 601 4847 donoc
622 4809 682 4846 οε
705 4789 774 4846 Α.
801 4823 867 4832 --
887 4794 932 4856 ²)
953 4800 1002 4848 et
1023 4800 1335 4849 revertentes
1359 4792 1429 4850 A.
1452 4828 1519 4836 —-
1538 4796 1583 4863 ³)
1609 4804 1810 4870 tempus
1833 4802 1980 4872 quod
2002 4800 2160 4857 codd.
2188 4806 2246 4857 et
2272 4799 2475 4856 iterum
2497 4818 2552 4857 n.
2581 4804 2667 4857 36.
2711 4835 2755 4841 -
2778 4801 2820 4867 ⁴)
2842 4804 3003 4856 etiam
3025 4818 3165 4856 nunc
3189 4803 3280 4857 W.
