4036 6117
746 454 877 516 574
1902 474 1952 519 s.
2007 473 2554 521 BILDEGARDIS

677 585 862 646 Unde
894 585 1013 647 filii
1053 588 1141 646 tui
1181 594 1244 646 et
1283 607 1318 647 a
1353 588 1674 663 praelatis
1708 596 1775 649 et
1810 607 1846 650 a
1882 592 2219 651 communi
2253 593 2500 668 populo
2543 594 2608 652 in
2645 593 3096 654 confusionem
3126 594 3478 671 ducentur,
3519 596 3650 656 illis
3680 596 3762 656 di-

674 689 1005 751 centibus:
1055 691 1308 752 Bonum
1343 694 1560 753 virum
1596 701 1663 754 et
1706 701 1960 754 rectum
1999 698 2397 771 magistrum
2451 698 2562 757 isti
2599 699 2733 773 pati
2772 698 3148 759 noluerunt.
3199 699 3629 776 Quapropter
3659 701 3760 760 filii

680 794 779 855 tui
828 794 1114 870 confusi,
1167 799 1440 858 nutibus
1474 805 1541 859 et
1573 800 2069 875 pulsationibus
2119 807 2353 879 postea
2404 808 2467 862 te
2522 804 2967 877 revocabunt,
3018 811 3085 864 et
3133 805 3453 881 deinceps
3502 806 3764 865 suavius

680 912 833 959 eum
868 897 1012 978 (sol.
1049 900 1208 979 119)
1242 902 1342 962 eis
1378 902 1717 963 laborabis
1752 920 1948 980 quam
1986 906 2177 980 prius
2230 905 2531 966 fecisses,
2581 906 2662 965 Et
2697 906 2861 966 haec
2894 909 3001 968 est
3033 925 3163 968 una
3194 908 3578 986 plagarum,
3612 926 3762 986 quas

676 1002 873 1064 vobis
918 1005 1269 1082 praedixit,
1323 1007 1439 1067 sed
1476 1014 1695 1067 tamen
1744 1008 1920 1068 Deus
1956 1026 2085 1069 non
2134 1009 2550 1086 derelinquet
2584 1027 2726 1070 vos,
2766 1012 2949 1070 Nunc
2984 1019 3204 1073 autem
3242 1015 3665 1087 convalesce,
3708 1020 3765 1075 et

678 1117 826 1171 esto
861 1112 1182 1174 robustus
1216 1115 1441 1186 mileS,
1478 1120 1546 1175 et
1576 1114 1753 1175 Deus
1789 1116 2137 1192 adjuvabit
2171 1123 2256 1177 te.

2121 1307 2337 1372 CLXI.

1301 1491 1374 1549 A.
1427 1493 1793 1551 comitissae
1846 1489 2343 1553 Ratisbonensis
2393 1493 2677 1550 civitatis
2727 1490 3167 1568 Hildeqardis.

758 1656 942 1712 Litem
967 1658 1036 1713 ad
1065 1658 1461 1730 imperatorem
1488 1659 1846 1717 deserendam
1876 1662 2104 1717 statuit.

775 1796 977 1857 Video
1014 1797 1256 1858 bonum
1306 1803 1373 1858 et
1406 1800 1569 1859 utile
1602 1780 1739 1859 ’tihi
1790 1815 1963 1873 esse,
2016 1800 2195 1876 quod
2229 1800 2310 1859 de
2361 1799 2635 1875 praedio
2686 1806 2824 1874 tuo,
2876 1799 2957 1858 de
3007 1815 3139 1875 quo
3192 1798 3357 1857 mibi
3407 1801 3767 1876 scripsisti,

685 1916 915 1962 coram
964 1900 1367 1977 imperatore
1417 1902 1946 1979 quaerimoniam
1997 1903 2228 1963 facias.
2282 1904 2358 1964 Et
2404 1903 2660 1963 confido
2714 1903 2779 1962 in
2811 1903 3112 1978 Domino,
3165 1901 3346 1980 quod
3395 1902 3526 1963 hoc
3567 1905 3631 1963 in
3676 1918 3774 1979 ge-

683 2016 842 2065 nere
882 2011 990 2065 tuo
1026 2006 1416 2066 consoleris.
1451 2006 1576 2067 Pro
1615 2009 1829 2067 salute
1865 2010 2088 2067 autem
2126 2014 2239 2067 tua
2273 2012 2335 2066 et
2375 2023 2493 2081 pro
2534 2005 2853 2066 felicitate
2888 2008 3001 2065 tua
3035 2004 3245 2065 Deum
3280 2004 3507 2065 orabo.

2124 2216 2368 2281 CLXII.

1617 2400 2009 2479 Reyinberto
2060 2398 2380 2460 sacerdoti
2423 2398 2861 2473 Hildeqardis.

767 2568 1006 2627 Militari
1034 2571 1301 2643 allegoria
1329 2572 1672 2629 sacerdotem
1698 2572 1767 2628 ad
1795 2576 2081 2629 certamen
2108 2571 2389 2627 hortatur.

782 2707 957 2767 Deus
1005 2708 1182 2766 viam
1219 2707 1367 2767 ideo
1404 2707 1713 2781 instituit,
1750 2713 1824 2766 ut
1860 2709 2162 2768 homines
2199 2709 2264 2769 in
2299 2726 2377 2769 ea
2427 2709 2868 2769 ambularent.
2905 2705 3031 2766 Sed
3063 2706 3194 2765 duo
3234 2705 3364 2765 viri
3412 2705 3479 2762 in
3514 2704 3632 2763 via
3662 2709 3785 2762 sta·

692 2811 877 2884 bant,
929 2817 997 2871 et
1031 2811 1203 2871 alter
1248 2812 1330 2870 ad
1370 2813 1655 2872 alterum
1704 2813 1890 2872 dixit:
1942 2813 2014 2872 In
2050 2814 2293 2889 plateis
2328 2820 2465 2874 tam
2516 2813 2802 2871 libenter
2851 2827 3053 2888 quam
3105 2812 3170 2870 in
3204 2810 3315 2869 via
3361 2809 3660 2870 ambulo.
3705 2808 3778 2867 Et

692 2916 869 2976 alter
900 2916 1086 2976 dixit:
1138 2917 1236 2976 lta
1269 2917 1571 2977 aestimo.
1624 2918 1702 2977 Et
1737 2923 1969 2993 postea
2021 2919 2314 2994 respexit
2349 2918 2430 2977 ad
2483 2934 2713 2993 spinas
2748 2922 2817 2976 et
2852 2916 3161 2988 tribuloS,
3200 2918 3268 2973 et
3304 2912 3417 2973 illa
3451 2911 3785 2972 desidera-

692 3018 813 3080 vit.
849 3018 929 3081 Et
959 3018 1279 3080 Dominus
1329 3019 1495 3081 dixit
1543 3022 1664 3083 eis:
1717 3022 1837 3082 Isti
1886 3037 1992 3082 me
2042 3023 2298 3098 nolunt,
2351 3037 2566 3099 neque
2620 3023 2686 3081 in
2722 3020 2966 3080 vexillo
3016 3033 3163 3079 meo
3201 3032 3496 3094 pugnare
3532 3014 3780 3084 volunt,

694 3124 844 3186 ideo
893 3125 975 3186 de
1009 3142 1113 3186 me
1149 3127 1398 3187 abscisi
1432 3131 1606 3188 sunt.
1659 3128 1840 3189 Tune
1872 3128 1954 3189 de
1987 3123 2256 3189 Oriente
2306 3130 2557 3189 milites
2590 3129 2659 3187 in
2693 3128 2899 3186 armis
2951 3125 3146 3186 valde
3181 3125 3401 3184 ornati
3438 3123 3782 3188 venerunt.

694 3225 1017 3291 dicentes:
1069 3231 1206 3291 Ista
1238 3232 1347 3292 via
1381 3233 1724 3293 ambulare
1758 3234 2089 3294 nolumus.
2126 3235 2203 3293 Et
2236 3233 2555 3293 Dominus
2593 3233 2727 3291 illis
2764 3247 3014 3306 pennas
3049 3228 3399 3305 quusdam
3437 3227 3785 3287 architecti

692 3333 902 3409 dedit,
952 3341 1020 3394 et
1053 3335 1411 3396 Cherubim
1446 3338 1658 3397 oculis
1693 3336 1835 3396 suis
1885 3337 1964 3397 ad
2021 3339 2170 3398 illos
2204 3338 2393 3398 vidit.
2446 3340 2537 3397 Ae
2575 3337 2686 3396 isti
2722 3337 2802 3395 de
2838 3337 3086 3395 lumine
3132 3335 3311 3393 illius
3364 3330 3786 3408 resplendue-

701 3442 878 3511 runt,
915 3443 983 3497 et
1013 3438 1096 3498 de
1128 3439 1360 3500 eodem
1387 3440 1634 3500 lumine
1662 3444 1796 3501 tam
1836 3440 2044 3501 fortes
2075 3441 2232 3501 facti
2270 3445 2451 3512 sunt,
2481 3440 2657 3517 quod
2688 3439 2752 3500 in
2779 3439 3146 3500 certamine
3184 3436 3416 3496 saciari
3441 3429 3483 3514 ¹)
3514 3451 3651 3495 non
3686 3451 3787 3509 po·

699 3547 989 3603 tuerunt.
1041 3544 1169 3604 Alii
1205 3547 1428 3605 autem
1461 3547 1590 3606 viri
1627 3547 1692 3606 in
1727 3547 1912 3606 brevi
1949 3554 2251 3624 tempore
2280 3547 2540 3623 fatigati
2577 3554 2754 3620 sunt,
2795 3550 2862 3604 et
2898 3546 2989 3604 ita
3023 3544 3389 3620 perierunt,
3434 3539 3597 3617 quia
3647 3539 3785 3598 cibo

703 3646 884 3706 vitae
940 3648 1114 3723 pasti
1165 3664 1293 3708 non
1353 3657 1527 3710 sunt.
1577 3651 1783 3724 Nunc,
1836 3667 1873 3710 o
1925 3668 2078 3711 care
2130 3653 2220 3712 tili
2268 3652 2416 3726 Dei,
2476 3652 2555 3711 ad
2606 3651 2759 3710 illos
2794 3650 3163 3710 militantes
3197 3647 3447 3707 milites
3498 3645 3776 3720 respice,

699 3756 1033 3830 quatenus
1068 3757 1133 3815 in
1167 3756 1394 3833 aliqua
1428 3764 1618 3832 parte
1653 3775 1802 3818 cum
1838 3759 1935 3820 eis
1973 3761 2092 3833 εἰς,
2132 3766 2199 3820 et
2234 3762 2300 3820 in
2334 3765 2679 3820 aeternum
2714 3759 2922 3817 vives.

2120 3971 2385 4032 CLXIII.

1795 4149 2150 4210 Guibertus
2199 4150 2606 4225 Hildeyardi.
2641 4147 2692 4224 ²)

778 4316 1165 4377 salutationes
1189 4326 1246 4376 et
1276 4336 1403 4392 pars
1427 4321 1631 4377 ultima
1659 4320 1967 4394 superioris
1991 4319 2267 4393 epistolae
2294 4320 2509 4393 primae
2533 4336 2589 4393 p.
2622 4323 2873 4375 828-830.

801 4458 1103 4520 Salutant
1129 4463 1191 4520 te
1216 4460 1509 4520 Domnus
1542 4460 1766 4520 Abbas
1790 4453 1865 4538 ³),
1895 4466 1961 4519 et
1994 4458 2189 4518 Prior
2212 4465 2470 4529 noster,
2501 4473 2652 4518 cum
2681 4462 2824 4518 tota
2857 4456 2986 4516 sibi
3014 4453 3374 4515 commissa
3402 4457 3618 4514 matre
3653 4465 3790 4513 mea

709 4561 1175 4624 Gemblacensi
1225 4566 1534 4640 ecelesia,
1575 4582 1693 4642 pro
1729 4565 1946 4625 salute
1981 4571 2099 4625 tua
2133 4563 2589 4640 supplicantes
2622 4562 2779 4637 Deo,
2808 4567 2876 4622 et
2910 4561 3035 4622 hoc
3071 4560 3291 4636 ipsum
3318 4560 3626 4621 vicissim
3663 4576 3701 4619 a
3735 4564 3792 4616 te

713 4688 837 4751 pro
872 4688 945 4733 se
981 4674 1147 4748 ipsis
1182 4674 1324 4734 fieri
1360 4675 1813 4736 obsecrantes

790 4845 834 4911 ¹)
877 4844 974 4903 Sic
1016 4860 1205 4902 meum
1238 4861 1430 4918 apogr.
1473 4848 1563 4903 An
1601 4847 1900 4916 legendum
1938 4848 2212 4919 fatigari?
2299 4843 2634 4916 (luentibus,
2656 4858 2797 4914 quas
2823 4842 3029 4915 partim
3057 4841 3201 4897 mibi
3228 4837 3790 4911 rescripsitufran·

713 4930 1024 5003 Sequentia
1053 4929 1109 4987 id
1138 4930 1395 4988 suadent.
1425 4963 1489 4973 —
1507 4934 1553 4996 2)
1577 4933 1734 4999 Quae
1761 4931 1944 5003 primo
1972 4933 2095 4987 loco
2119 4948 2211 4986 ex·
2301 4929 2486 4986 eiseus
2504 4928 2800 4992 Chamard,
2820 4928 3027 5001 partim
3051 4941 3272 4984 mecum
3288 4941 3392 4999 pro
3412 4924 3583 4981 solita
3602 4925 3791 4980 huma-

716 5023 831 5074 stat
857 5033 1024 5091 supra
1061 5017 1299 5090 epistola
1327 5018 1575 5073 Wiberti
1617 5018 1684 5073 ad
1718 5016 2122 5086 Hildegardem
2152 5031 2207 5088 p.
2305 5015 2484 5070 nitate
2499 5013 2868 5082 ctdiligentia
2884 5010 3786 5068 Bollandistaecommunicaruut.

714 5106 841 5166 ³28,
871 5109 1104 5176 excepta
1131 5121 1198 5160 ex
1225 5104 1346 5160 cod.
1378 5104 1579 5176 majori
1609 5101 1992 5166 Wisbadensi.
2022 5108 2211 5158 exstat
2300 5100 2503 5156 Deerat
2550 5105 2739 5156 autem
2782 5098 2966 5156 codici
3012 5097 3375 5155 Wisbadensi
3419 5096 3789 5170 appendicula

713 5189 780 5250 in
804 5189 982 5245 altero
1008 5189 1200 5246 codice
1234 5189 1584 5245 Bruxellensi
1615 5192 1776 5252 5534,
1822 5204 1927 5245 una
1968 5203 2098 5243 cum
2129 5205 2207 5243 se·
2300 5189 2729 5244 salutationum.
2776 5221 2815 5227 -
2838 5188 2881 5256 ³)
2910 5188 2986 5244 De
3013 5187 3218 5242 abbate
3241 5186 3458 5242 Joanne
3485 5183 3557 5240 cf.
3587 5200 3637 5255 p.
3667 5185 3783 5236 35⁰.
