4036 6117
1531 490 1761 539 mat-:n
1817 489 2147 540 solvus.
3189 471 3318 534 507

293 604 396 668 lut
433 606 498 668 in
532 607 785 682 pallore
821 605 1255 684 subjectionis
1277 605 1460 683 justa
1496 625 1699 684 opera
1735 625 1880 683 sua,
1918 608 2115 684 quasi
2152 606 2608 667 indumentum
2643 606 2931 682 pallidae
2968 607 3232 667 tunicae
3267 605 3383 666 tri-

291 717 530 788 buenS,
565 720 632 773 et
667 729 904 773 serena
938 714 1225 789 vestigia
1257 714 1406 774 Filii
1443 714 1727 775 fide-liter
1763 715 2203 790 subsequens
2240 711 2451 789 Super
2477 713 2668 788 quus
2703 719 2905 790 caput
2954 715 3137 773 tanta
3185 711 3383 771 clari-

293 830 399 882 tas
449 822 528 880 de
577 820 810 880 eodem
847 835 1049 894 super
1083 826 1370 879 montem
1412 820 1628 897 ipsum
1665 822 1938 881 sedente
1973 819 2339 893 descendit,
2371 826 2442 878 ut
2473 818 2709 879 faciem
2763 820 2908 894 ejus
2961 820 3204 880 intueri
3251 835 3385 879 non

292 927 536 1000 possis»,
569 925 726 1001 quia
760 926 1157 999 potestatem
1187 927 1252 983 et
1282 924 1737 984 fortitudinem
1766 924 2066 999 ejusdem
2094 923 2529 983 beatitudinis
2564 929 2749 983 tanta
2785 924 3114 983 serenitas
3149 922 3383 982 visita-

289 1036 490 1094 tionis
545 1034 745 1105 illiuS‚
799 1034 912 1108 qui
962 1031 1138 1091 omni
1187 1037 1535 1091 creaturae
1596 1031 2024 1091 laudabiliter
2076 1031 2380 1106 imperat,
2437 1028 2759 1103 infundit,
2821 1033 2894 1090 ut
2944 1028 3379 1089 intentionem

293 1139 508 1213 ipsius
543 1136 808 1195 mortali
847 1141 912 1195 et
940 1136 1199 1195 infirma
1224 1135 1758 1195 consideratione
1793 1150 2034 1210 capere
2069 1151 2200 1195 non
2224 1135 2476 1210 valeas,
2507 1134 2819 1210 quoniam
2853 1139 2919 1193 et
2954 1133 3065 1193 ille
3093 1132 3206 1209 qui
3235 1145 3383 1191 coe-

291 1241 499 1299 lestes
547 1240 822 1300 divitias
866 1241 1089 1314 habet,
1127 1243 1508 1317 paupertati
1545 1242 1891 1300 humiliter
1924 1257 1996 1300 se
2037 1240 2355 1301 subdidit.

379 1344 479 1403 IV.
511 1343 634 1402 Sed
661 1344 836 1420 quod
865 1344 948 1404 ab
982 1345 1214 1404 eodem
1243 1346 1358 1422 qui
1386 1361 1587 1420 super
1624 1350 1916 1404 montem
1952 1345 2139 1405 illum
2175 1345 2385 1420 sedet,
2421 1345 2672 1405 multae
2707 1346 3010 1405 viventes
3046 1343 3377 1404 scintillae

285 1456 553 1522 exeunt,
584 1465 756 1524 quae
790 1449 1059 1508 easdem
1098 1450 1421 1522 imagines
1457 1464 1695 1525 magna
1730 1450 2065 1509 suavitate
2099 1450 2606 1510 circumvolant:
2640 1449 2764 1509 hoc
2790 1452 2894 1509 est
2920 1449 3098 1525 quod
3124 1449 3208 1508 ab
3235 1464 3374 1508 om-

287 1550 631 1625 nipotente
677 1550 811 1610 Deo
846 1550 1153 1610 diversae
1186 1558 1254 1611 et
1290 1550 1697 1611 fortissimae
1737 1553 2022 1612 virtutes
2059 1553 2124 1611 in
2157 1550 2382 1611 divina
2432 1552 2739 1611 claritate
2792 1551 3219 1611 fulminantes
3267 1566 3380 1610 ve-

285 1656 503 1727 niunt,
540 1672 710 1732 quae
763 1656 913 1715 illos
947 1658 1062 1732 qui
1093 1656 1303 1716 Deum
1338 1658 1675 1717 veraciter
1709 1658 1965 1731 timent,
2018 1663 2086 1717 et
2121 1656 2234 1732 qui
2269 1660 2730 1732 paupertatem
2769 1657 3050 1732 spiritus
3093 1656 3380 1717 fideliter

284 1766 539 1835 amant,
572 1777 692 1821 suo
721 1761 1053 1836 adjutorio
1080 1769 1146 1821 et
1174 1762 1482 1822 custodia
1515 1763 2036 1833 circumdanteS,
2074 1764 2386 1823 ardenter
2413 1766 2910 1839 amplectuntur
2933 1771 3000 1825 et
3025 1764 3376 1826 deliniunt.

378 1867 448 1926 V.
479 1868 659 1927 Unde
685 1874 752 1928 et
785 1869 851 1927 in
883 1869 1025 1942 ipso
1054 1874 1275 1928 monte
1310 1869 1502 1945 quasi
1533 1869 1861 1944 plurimae
1898 1869 2287 1929 fenestellae
2321 1870 2655 1944 videntur,
2688 1870 2749 1928 in
2780 1870 3024 1947 quibus
3058 1871 3243 1930 velut
3270 1887 3378 1930 ca-

284 1972 429 2047 pita
464 1970 803 2031 hominum
833 1973 1158 2048 quaedam
1189 1974 1459 2047 pallida,
1490 1976 1556 2032 et
1583 1972 1911 2049 quaedam
1941 1975 2092 2033 alba
2118 1982 2462 2050 apparent3
2501 1975 2660 2051 quia
2689 1975 2753 2034 in
2781 1991 3043 2034 summa
3080 1975 3376 2035 altitudi-

284 2090 373 2133 ne
408 2073 970 2149 profundissimae
1004 2077 1071 2135 et
1102 2076 1730 2151 perspicacissimae
1764 2078 2088 2150 agnitioni
2135 2079 2252 2138 Dei
2300 2095 2422 2139 nec
2455 2080 2683 2153 celari,
2720 2096 2840 2139 nec
2874 2081 3193 2142 abscondi
3228 2099 3381 2158 pos-

279 2182 443 2236 sunt
478 2178 698 2237 studia
733 2185 1001 2239 actuum
1042 2179 1404 2255 hominum,
1442 2196 1594 2239 cum
1627 2187 1693 2240 et
1748 2186 2049 2256 teporem
2082 2188 2149 2240 et
2183 2183 2541 2242 candorem
2589 2185 2653 2244 in
2690 2186 3075 2262 semetipsis
3126 2189 3382 2263 saepis-

283 2285 458 2343 sime
491 2283 973 2360 demonstrent,
1026 2287 1343 2362 quoniam
1376 2292 1443 2345 et
1477 2286 1670 2346 modo
1708 2286 2010 2346 homines
2043 2293 2110 2347 et
2148 2289 2213 2347 in
2247 2287 2562 2348 cordibus
2596 2295 2662 2348 et
2699 2289 2761 2348 in
2800 2287 2998 2348 factis
3048 2290 3191 2349 suis
3229 2289 3379 2349 fati-

279 2386 450 2461 gati,
507 2387 572 2445 in
604 2389 1009 2448 contumelia
1043 2388 1426 2450 dormitant:
1479 2389 1675 2449 modo
1710 2391 2104 2449 exsuscitati
2160 2392 2223 2449 in
2260 2390 2508 2450 honore
2558 2392 2900 2467 evigilant,
2953 2391 3384 2468 quemadmo-

278 2493 442 2551 dum
477 2491 786 2552 Salomon
823 2495 886 2552 in
923 2494 1265 2553 voluntate
1316 2510 1462 2554 mea
1512 2497 1820 2568 testatur,
1858 2493 2109 2554 dicens:
2148 2496 2518 2573 qustatem
2551 2503 2821 2573 operata
2855 2502 2951 2556 est
2987 2514 3229 2556 manus
3275 2517 3380 2556 re-

278 2598 510 2669 missa,
544 2614 786 2654 manus
818 2603 1038 2656 autem
1074 2600 1350 2675 fortium
1387 2599 1652 2658 divitias
1679 2605 1900 2674 parat.
1935 2593 1979 2676 ¹)

381 2701 477 2760 v1.
507 2700 689 2771 Quod
715 2700 980 2762 dicitur:
1011 2701 1298 2762 debilem
1325 2708 1392 2761 et
1418 2717 1777 2778 pauperem
1807 2718 1880 2760 se
1906 2702 2106 2762 homo
2145 2704 2254 2763 ille
2284 2702 2467 2773 fecit,
2488 2703 2601 2780 qui
2625 2704 2841 2764 noluit
2863 2703 3198 2779 justitiam
3225 2720 3379 2782 ope-

283 2808 447 2880 rari,
484 2823 605 2867 nec
640 2808 1056 2884 iniquitatem
1094 2809 1341 2882 delere,
1377 2825 1498 2867 nec
1532 2809 1828 2867 debitum
1866 2810 2230 2884 remittere,
2262 2810 2377 2870 ubi
2412 2827 2449 2868 a
2477 2810 2822 2869 miraculis
2859 2825 3138 2886 operum
3166 2809 3379 2869 beati-

281 2910 542 2971 tudinis
577 2914 833 2972 otiosus
868 2914 1258 2988 permansit.
1288 2913 1408 2984 Qui
1445 2915 1667 2972 autem
1702 2915 2021 2988 operatur
2057 2913 2427 2973 fortissima
2461 2913 2665 2988 opera
2692 2914 2958 2989 salutiS,
2987 2915 3163 2974 viam
3201 2915 3377 2975 veri-

278 3016 444 3076 tatis
480 3032 779 3090 currem,
816 3016 1061 3077 fontem
1092 3017 1395 3078 salientis
1421 3017 1676 3093 gloriae
1711 3018 1912 3093 capit,
1945 3017 2011 3076 in
2046 3033 2177 3093 quo
2214 3016 2746 3093 pretiosissimas
2782 3017 3056 3078 divitias
3096 3019 3161 3078 in
3196 3024 3376 3079 terra

280 3129 355 3184 et
391 3126 454 3184 in
489 3124 674 3184 coelo
710 3125 838 3184 sibi
874 3131 1087 3200 parat.
1124 3125 1305 3185 Unde
1341 3126 1744 3200 quicumque
1780 3124 2128 3182 scientiam
2166 3125 2233 3183 in
2267 3124 2516 3201 Spiritu
2552 3123 2789 3184 Sancto
2823 3131 2889 3183 et
2924 3140 3176 3199 pennas
3213 3125 3278 3183 in
3309 3122 3380 3183 ss-

280 3228 369 3287 de
406 3228 628 3302 habet,
667 3228 779 3287 ille
806 3229 1350 3288 ammonitionem
1385 3244 1601 3288 meam
1628 3244 1758 3287 non
1786 3227 2237 3303 transcendat,
2268 3228 2384 3287 sed
2418 3243 2567 3287 eam
2596 3228 2660 3287 in
2687 3234 2889 3303 gustu
2922 3228 3185 3289 animae
3213 3245 3375 3288 suae

286 3337 753 3413 amplectendo
789 3338 1134 3413 percipiat.

1079 3516 1444 3577 SECUNDA
1491 3516 1702 3576 VISIO
1749 3515 2059 3575 PRIMAE
2109 3516 2405 3577 PARTIS

283 3703 394 3756 col.
427 3706 547 3756 387.
582 3702 647 3758 D.
691 3701 769 3757 ita
797 3703 1223 3761 serenissimum
1251 3706 1365 3761 cod.
1395 3706 1440 3775 s.
1472 3708 1531 3761 5.
2269 3720 2490 3761 omnem
2520 3707 2810 3778 pulverem
2838 3706 3165 3778 injustitiae

429 3793 550 3844 388.
584 3789 648 3845 D.
694 3789 899 3844 nebula
928 3806 986 3845 se
1021 3789 1349 3851 extendens,
1376 3787 1536 3858 quasi
1568 3803 1786 3851 venam,
2159 3791 2224 3847 D.
2268 3790 2366 3846 ubi
2396 3808 2453 3846 se
2480 3791 2790 3847 subsistere

754 3876 938 3933 visum
965 3876 1363 3948 deceptibilem
1386 3877 1686 3933 habentem
1711 3882 1788 3933 te·
2276 3875 2358 3931 sic
2383 3875 2450 3931 de
2479 3876 2592 3931 Deo
2620 3875 2847 3931 dicebat

762 3963 896 4034 tigit
2269 3958 2472 4015 fervidi
2524 3966 2716 4015 contra
2777 3958 3051 4028 fulgorem
3103 3968 3161 4017 et
3222 3962 3373 4033 nigri

413 4049 540 4102 389.
570 4049 638 4103 Α.
681 4047 750 4104 de
775 4049 1014 4119 quadam
1054 4049 1287 4122 pulchra
1328 4048 1503 4105 forma
1531 4049 1782 4105 hominis
2336 4049 2530 4100 contra
2559 4045 2922 4102 serenitatem

781 4134 1057 4206 plurimas
1084 4134 1468 4206 plurimasque
1493 4134 1686 4189 stellas
2270 4129 2620 4200 impietatem
2652 4130 2903 4202 ipsorum

712 4235 811 4291 per
835 4236 957 4275 eam
987 4216 1201 4275 afflavit
1230 4235 1293 4275 ac
1322 4219 1477 4275 illam
1507 4219 1782 4275 eamdem·
2003 4220 2127 4272 390.
2158 4214 2225 4274 Α.
2267 4215 2425 4283 Quod
2453 4215 2684 4273 dicitur:
2719 4217 2959 4286 flagrans
2983 4218 3255 4291 spurcitia
3283 4238 3374 4293 pe·

781 4320 892 4376 que
939 4305 1173 4360 formam
1202 4304 1451 4361 hominis
1494 4306 1563 4361 de
1588 4305 1782 4362 eadem
2309 4301 2547 4359 tulantis
2573 4302 2863 4372 nequitiae

788 4390 1015 4459 regione
1044 4390 1122 4446 ita
1150 4389 1322 4462 ejecit
2272 4386 2430 4443 rabie
2456 4393 2731 4459 spernunt

711 4475 972 4547 splendor
985 4475 1235 4531 eamdem
1248 4474 1530 4546 regionem
1552 4475 1792 4533 circum·
2271 4474 2420 4545 quod
2475 4474 2625 4529 ullus
2678 4491 2771 4531 eos
2825 4477 3004 4531 valeat
3053 4495 3375 4551 expugnare

751 4562 909 4619 dedit
2346 4575 2473 4616 cum
2504 4561 2540 4618 i.
2571 4558 2605 4616 i.
2629 4559 2664 4615 l'.
2692 4576 2738 4623 s,
2765 4562 2965 4617 volunt
2985 4579 3220 4621 exurere
3239 4581 3407 4637 quae·

679 4647 863 4704 fuerat
890 4648 1170 4706 dicentem
2349 4661 2591 4717 cumque
2618 4646 2910 4715 exagitant

568 4732 633 4790 B.
676 4740 732 4789 et
759 4733 870 4790 sibi
898 4735 1378 4794 consentientium
2165 4732 2227 4788 Β.
2269 4747 2397 4788 cum
2425 4732 2615 4789 dolore

680 4824 956 4890 torporem
987 4818 1339 4888 ignorantiae
2276 4821 2336 4877 in
2351 4821 2678 4878 hominibus
2692 4829 3033 4895 sparguntur
3049 4841 3146 4897 per
3161 4828 3374 4886 rabiem

679 4906 1008 4970 noluerunt.
1036 4908 1338 4979 amplexati
1367 4914 1503 4964 sunt
2345 4924 2438 4963 eos
2464 4907 2732 4962 devorare

567 4993 626 5050 C.
668 4999 939 5065 quantam
979 4992 1310 5051 acutissimo
1350 4995 1473 5051 visu
1512 5011 1783 5066 cognove-
2266 4994 3131 5063 recedunt.magnaeinutilitati
3156 4998 3373 5056 assimi-

757 5086 895 5136 runt
2348 5080 2537 5134 lantur
2567 5079 2642 5134 ita
2670 5081 2782 5135 cod.
2812 5081 2911 5151 sol.
2943 5083 2999 5137 6.

302 5213 344 5280 Ι)
371 5213 531 5269 Prov.
563 5210 636 5277 Χ,
666 5213 716 5266 4.
