4036 6117
1167 505 1406 551 Lmen
1454 503 1658 551 VtTAE
1706 501 2209 549 austrenum.
2263 501 2318 544 P.
2371 497 2481 544 111.
3168 479 3297 538 117

283 645 397 706 per
431 633 765 688 tormenta
812 631 878 685 et
925 641 1280 685 aerumnas
1331 624 1673 685 hominurn
1719 622 1890 681 Deus
1942 621 2055 679 illa
2103 617 2512 691 emundabit,
2566 614 2725 691 quia
2759 614 2903 672 vult
2938 617 3010 670 ut
3043 610 3265 670 omnia
3300 611 3367 669 in

285 737 642 807 conspectu
674 731 822 807 ejus
856 729 1099 789 munda
1135 729 1290 803 sint,
1329 728 1486 804 quia
1519 728 1725 786 etiam
1758 743 1797 786 a
1828 723 2009 785 nullo
2044 723 2292 798 poterit
2327 721 2410 781 ad
2445 720 2640 780 finem
2667 718 2965 796 perduci,
3003 733 3125 776 nec
3154 716 3365 775 mino—

283 850 431 892 rari.

1715 1036 1929 1095 XXVI.

1051 1245 1145 1305 De
1192 1244 1520 1322 fructibus
1570 1251 1791 1304 terrae
1840 1265 1882 1303 α
1921 1251 2188 1322 peccato
2238 1247 2586 1321 corruptis,

359 1435 464 1495 34.
503 1435 700 1494 Venti
734 1451 999 1512 quoque
1033 1435 1116 1495 de
1148 1437 1440 1513 pessimo
1479 1436 1732 1497 foetore
1767 1437 2258 1511 turpitudinum
2290 1435 2594 1512 impediti
2621 1439 2809 1522 sunt,
2850 1435 2941 1493 ita
2976 1432 3151 1508 quod
3187 1436 3367 1492 recte

275 1556 434 1614 puro
469 1554 630 1599 aere
663 1556 795 1617 non
827 1540 1010 1615 ssant,
1047 1541 1164 1601 sed
1197 1540 1374 1619 quod
1409 1557 1563 1600 cum
1597 1548 1997 1616 tempestate
2033 1542 2402 1602 tonitruum
2427 1540 2725 1615 graviter
2761 1536 3097 1610 incedunt,
3146 1541 3216 1594 et
3246 1550 3365 1593 aer

276 1645 738 1706 sordiditatem
773 1653 1050 1723 propter
1082 1647 1407 1723 plurimas
1444 1647 1901 1706 immunditias
1936 1647 2280 1708 hominum
2314 1647 2587 1720 evomit,
2642 1644 2756 1708 ubi
2804 1644 3126 1719 injustam
3160 1656 3238 1700 ac
3275 1640 3369 1700 in-

277 1747 544 1823 dignam
599 1748 1067 1811 humiditatem
1113 1751 1385 1825 emittit,
1437 1767 1570 1827 qua
1617 1751 2029 1811 viriditatem
2063 1757 2129 1810 et
2166 1751 2446 1825 fructus,
2484 1749 2727 1826 quibus
2762 1748 3065 1812 homines
3114 1745 3371 1805 nutrire

271 1851 612 1928 deberent,
649 1854 950 1931 arefacit3
988 1872 1160 1932 quae
1193 1857 1397 1915 etiam
1435 1856 1769 1916 interdum
1804 1857 2149 1931 nebulosa,
2188 1857 2524 1916 interdum
2560 1858 2753 1915 nivea
2787 1856 2913 1928 est,
2941 1852 3023 1912 de
3057 1868 3189 1928 qua
3226 1865 3371 1909 sae-

272 1956 547 2029 pissime
599 1958 819 2017 nocivi
869 1975 946 2018 ac
983 1960 1254 2018 inutiles
1302 1960 1653 2019 vermiculi
1689 1966 2077 2033 nascuntur,
2124 1961 2238 2035 qui
2278 1959 2537 2018 fructus
2572 1964 2795 2017 terrae
2829 1955 3100 2015 laedunt
3149 1969 3226 2011 ac
3260 1967 3370 2009 co·-

274 2062 567 2137 medunt‚
621 2079 703 2122 ne
752 2063 833 2124 ad
883 2065 1242 2124 utilitatem
1297 2065 1640 2124 hominum
1687 2065 2107 2140 proveniant,
2161 2065 2476 2140 quoniam
2530 2063 2659 2138 ipsi
2694 2061 2777 2121 ad
2817 2059 3153 2135 justitiam
3185 2062 3251 2115 et
3286 2055 3369 2114 ad

277 2174 584 2229 caeteras
618 2171 907 2230 virtutes
942 2170 1144 2230 corda
1178 2177 1245 2230 et
1281 2187 1398 2230 ora
1429 2187 1557 2229 sua
1591 2170 1934 2244 claudunt,
1973 2186 2095 2229 nec
2128 2185 2209 2230 ea
2243 2169 2324 2229 ad
2359 2168 2716 2228 veritatem
2751 2166 3078 2240 aperiunt.

1708 2396 1953 2456 XXVII.

853 2591 1038 2664 Quod
1084 2595 1376 2654 homines
1419 2594 1721 2668 perversi
1768 2592 2000 2651 dicunt
2054 2591 2267 2651 Deum
2314 2608 2446 2650 non
2496 2590 2805 2667 conspici.

359 2797 466 2856 35.
506 2795 694 2855 Unde
727 2797 932 2855 etiarn
969 2797 1034 2856 in
1069 2798 1203 2856 illis
1240 2799 1306 2856 in
1338 2798 1583 2878 quibus
1616 2799 1929 2858 viriditas
1963 2814 2118 2858 esse
2151 2798 2448 2870 deberet,
2483 2797 2667 2856 nulla
2698 2799 2825 2867 est,
2871 2792 2988 2853 sed
3023 2792 3211 2851 arida
3246 2791 3378 2850 ari-

275 2899 445 2960 ditas
478 2904 765 2975 propter
796 2901 1245 2975 nequissimas
1281 2903 1795 2976 superstitiones
1845 2902 2330 2962 diabolicarum
2380 2901 2650 2972 artium,
2702 2913 2873 2975 quae
2924 2898 2987 2956 in
3033 2896 3374 2971 perversis

273 3001 659 3065 hominibus
695 3003 1143 3079 inveniuntur,
1182 3005 1295 3080 qui
1330 3006 1553 3066 omnia
1577 3022 1749 3082 quae
1789 3005 2064 3079 faciunt,
2096 3004 2178 3064 ad
2211 3005 2590 3079 voluptates
2617 3007 2684 3062 et
2718 3001 2800 3062 ad
2828 2998 3176 3076 cupidines
3204 3013 3368 3056 suas

275 3113 696 3180 convertunt,
736 3108 802 3166 in
836 3108 1152 3168 cordibus
1186 3113 1251 3168 et
1290 3110 1354 3167 in
1388 3110 1635 3184 linguis
1671 3110 1812 3169 suis
1845 3110 2169 3184 dicentes,
2206 3108 2358 3185 quis
2394 3107 2571 3167 Deus
2604 3107 2713 3165 ille
2748 3106 2859 3177 sit,
2888 3103 2996 3163 vel
3023 3103 3175 3177 quis
3201 3100 3379 3158 Deus

280 3208 388 3268 ille
420 3225 582 3269 esse
613 3210 854 3286 possit,
891 3212 998 3270 vel
1025 3227 1226 3287 quam
1259 3215 1658 3287 potestatem
1685 3211 1952 3285 habeat,
1983 3227 2178 3287 quem
2209 3226 2546 3287 nunquam
2580 3208 2892 3280 viderint,
2924 3204 3040 3264 sed
3067 3204 3181 3279 qui
3210 3216 3380 3261 sem-

283 3328 396 3388 per
431 3314 501 3373 in
536 3313 932 3376 abscondito
967 3316 1071 3375 sit.

1691 3526 1967 3586 XXVIII.

1018 3732 1202 3805 Quod
1248 3733 1546 3792 homines
1595 3732 1810 3794 Deum
1848 3751 1975 3810 per
2024 3737 2365 3792 creaturas
2413 3731 2660 3791 vident.

371 3941 484 4002 36.
523 3940 779 4012 Quibus
813 3954 1214 4017 responsum
1246 3960 1286 4002 a
1315 3940 1595 4001 Domino
1628 3940 1849 4017 datur,
1873 3958 1998 4020 per
2030 3942 2209 4019 quod
2241 3942 2447 4002 etiam
2477 3941 3001 4016 interrogantur,
3032 3939 3091 3999 si
3123 3955 3253 3999 non
3284 3935 3383 3998 vi·-

287 4045 510 4107 derint
541 4061 695 4105 eum
727 4061 850 4122 per
881 4047 1434 4107 illuminationem
1466 4048 1678 4107 honae
1713 4048 2055 4123 scientiae,
2113 4054 2180 4108 et
2210 4064 2332 4124 per
2379 4045 2933 4108 illuminationem
2981 4042 3375 4119 temporalis

288 4151 478 4226 solis,
518 4166 672 4210 cum
705 4149 878 4210 bona
906 4149 1127 4211 facere
1159 4150 1499 4225 deberent3
1536 4157 1604 4211 et
1638 4152 1695 4210 si
1730 4168 1860 4211 non
1890 4151 2183 4212 viderint
2216 4167 2369 4213 eum
2393 4165 2513 4226 per
2545 4166 2754 4227 opaca
2780 4149 3003 4210 cordis
3030 4154 3098 4209 et
3128 4164 3248 4224 per
3282 4153 3377 4207 te·-

287 4254 533 4317 nebras
567 4254 806 4327 nocti8‚
843 4269 995 4312 cum
1029 4254 1205 4314 mala
1238 4253 1537 4313 devitare
1570 4253 1982 4329 debuissent;
2023 4256 2129 4314 vel
2165 4256 2224 4314 si
2257 4271 2387 4313 non
2422 4254 2855 4330 cognoverint
2889 4268 3041 4312 eum
3074 4252 3142 4310 in
3177 4250 3375 4310 semi-

289 4357 488 4416 nibus
518 4356 848 4431 justitiae,
886 4373 1057 4433 quae
1091 4356 1343 4431 Spiritu
1376 4356 1614 4415 Sancto
1643 4357 1709 4415 in
1741 4358 2106 4432 plurimum
2131 4356 2506 4433 profectum
2538 4358 2860 4433 rigantur3
2896 4355 3002 4414 vel
3037 4355 3094 4413 si
3130 4371 3257 4413 non
3283 4353 3380 4411 vi-

287 4457 512 4517 derint
543 4472 721 4532 eum,
758 4473 910 4517 cum
944 4460 1340 4534 temporalia
1375 4460 1630 4518 semina
1666 4460 1732 4518 in
1766 4464 2017 4519 terram
2065 4460 2449 4535 projiciunt,
2501 4465 2568 4520 et
2600 4475 2754 4519 cum
2787 4460 2901 4519 illa
2936 4473 3087 4518 rore
3130 4474 3207 4516 ac
3257 4456 3377 4514 im-

285 4562 402 4623 bre
427 4562 944 4640 pet-funduntur,
965 4571 1033 4625 et
1057 4565 1183 4625 hoc
1208 4565 1405 4625 modo
1433 4570 1766 4639 crescunt3
1791 4565 1967 4642 quod
1992 4582 2115 4643 per
2139 4566 2396 4626 nullum
2424 4566 2565 4626 fieri
2591 4570 2847 4642 posset,
2876 4564 3006 4623 nisi
3035 4577 3154 4639 per
3180 4561 3375 4621 Crea-

290 4672 507 4728 torem
541 4668 875 4728 omnium?
