4036 6117
698 496 829 557 104

649 642 871 694 ventes
926 634 1005 692 de
1054 634 1509 693 misericordia
1559 633 1675 693 Dei
1733 635 2120 711 desperave-

647 745 824 814 rant,
861 746 922 797 et
958 759 1080 798 cur
1112 757 1222 798 eas
1256 741 1328 797 in
1355 742 1751 816 purqatione
1787 742 1878 798 sic
1925 743 2122 798 susti-

646 850 872 903 neant.

737 944 923 1008 LXV.
957 949 1284 1022 Quomodo
1311 955 1446 1006 tam
1471 949 1544 1007 in
1572 947 1896 1009 laboribus
1922 967 2121 1026 quam

643 1055 716 1110 in
752 1052 1134 1112 lenitatibus
1161 1053 1691 1130 desperationem
1716 1053 1795 1111 de
1823 1072 1889 1111 se
1915 1054 2120 1113 homi-

645 1176 764 1216 nes
796 1156 1080 1233 abiyant.

737 1261 956 1324 LXVI.
1010 1263 1194 1336 Quod
1221 1263 1620 1339 desperatio,
1672 1265 1967 1321 animam
2013 1265 2122 1321 ho-

647 1376 851 1434 minis
884 1373 1207 1444 occidens,
1238 1369 1320 1428 ab
1348 1372 1529 1429 omni
1561 1368 1720 1428 bono
1753 1369 2057 1427 destruit.

735 1474 984 1537 LXVII.
1020 1477 1191 1536 Item
1231 1476 1311 1533 de
1353 1474 1506 1532 aliis
1539 1471 1929 1551 quibusdum
1959 1489 2121 1547 pur·

644 1583 915 1658 qatoriis
957 1583 1190 1657 poenis
1246 1581 1629 1637 animarum
1682 1576 2122 1653 quorumdam

643 1688 986 1746 hominum
1018 1685 1131 1760 qui
1169 1685 1240 1742 in
1275 1683 1554 1740 luxuria
1584 1687 1646 1739 et
1677 1683 2119 1759 fornicatione

651 1791 1098 1867 deliquerant,
1129 1797 1195 1848 et
1232 1809 1350 1849 cur
1380 1809 1490 1849 eas
1525 1792 1616 1850 sic
1641 1792 2013 1867 patiantur.

735 1897 1006 1955 LXVIII.
1043 1896 1209 1956 Item
1245 1896 1325 1954 de
1359 1896 1748 1972 quibusdam
1773 1897 1927 1956 aliis
1956 1916 2121 1974 pur-

644 2005 914 2078 9atoriis
965 2005 1219 2079 poenis,
1271 2005 1342 2061 in
1391 2001 1622 2079 quibus
1670 2004 1932 2061 animae
1968 2020 2123 2079 quo-

1856 516 1907 560 S.
1962 515 2501 564 IIILDEGARDIS

2226 638 2445 698 bestiis
2481 640 2873 715 similisest,
2900 659 3067 718 quae
3093 649 3353 702 caetera
3377 643 3701 703 animalia

2231 744 2554 803 occidunt.

2320 843 2644 908 LXXIIII.
2699 849 2883 920 Quod
2913 850 3249 909 masculus
3282 857 3343 909 et
3378 851 3699 928 foemina,

2228 953 2344 1028 qui
2369 971 2494 1028 per
2526 955 2809 1029 maqicas
2842 959 3019 1012 artes
3045 955 3575 1028 commiscentur,
3603 953 3705 1012 di-

2222 1058 2336 1132 9ni
2367 1074 2501 1114 non
2537 1061 2691 1115 sunt
2724 1063 2797 1116 ut
2825 1062 3059 1134 postea
3091 1058 3396 1134 leqaliter
3429 1056 3705 1132 conjun-

2225 1165 2490 1235 qantur.

2316 1263 2550 1323 LXXV.
2577 1265 2880 1336 Qualiter
2899 1267 3299 1344 poenitendo
3319 1285 3386 1325 se
3408 1267 3702 1343 puniant

2226 1370 2341 1443 qui
2376 1371 2447 1427 in
2481 1369 2816 1427 adulterio
2840 1372 3284 1447 peccaverint.

2315 1467 2597 1532 LXXVI.
2660 1474 2844 1546 Quod
2899 1475 3330 1548 adulterium,
3381 1467 3705 1551 iniquitas

2227 1593 2467 1652 mayna
2491 1579 2808 1653 existens,
2837 1554 3173 1637 adulteros
3199 1581 3271 1638 in
3296 1578 3542 1637 viribus
3561 1580 3703 1638 suis

2226 1679 2542 1740 debilitat.

2316 1784 2609 1846 LXXVII.
2643 1786 2826 1859 Quod
2851 1789 3135 1865 virgines
3158 1807 3325 1865 quae
3352 1794 3575 1846 votum
3601 1807 3708 1847 ca-

2228 1895 2470 1952 stitatis
2518 1911 2651 1953 non
2693 1896 3158 1970 persolverint,
3194 1894 3527 1954 velamina
3571 1896 3709 1952 vir-

2227 2000 2528 2073 qinitatis
2585 2000 2920 2076 deponant
2944 2042 2964 2070 ‚
3022 2006 3085 2056 et
3133 1999 3477 2057 viduitatis
3532 2001 3706 2058 reci-

649 2106 957 2164 rumdam
981 2107 1324 2165 hominum
1349 2109 1763 2181 puniuntur,
1789 2109 1903 2182 qui
1931 2107 2127 2165 adul·
2221 2106 2446 2179 piant,
2496 2111 2558 2163 et
2607 2106 2922 2182 quomodo
2970 2123 3037 2163 se
3088 2106 3266 2180 ipsas
3297 2104 3707 2180 poenitendo

646 2214 822 2270 teria
861 2217 1436 2288 perpetraverant,
1487 2217 1550 2270 et
1598 2230 1802 2288 quare
1847 2230 1961 2270 eas
2003 2215 2124 2272 hoc

647 2317 837 2374 modo
870 2319 1264 2375 sustineant.
1299 2310 1346 2394 ¹)

730 2418 1043 2482 LXVIIII.
1067 2424 1234 2481 Item
1261 2423 1339 2480 de
1367 2422 1760 2500 quibusdam
1792 2423 1945 2480 aliis
1969 2441 2122 2498 poe-

641 2529 770 2600 niS,
797 2530 869 2586 in
897 2527 1129 2604 quibus
1161 2529 1424 2588 animae
1460 2528 1891 2605 quorumdam
1920 2529 2125 2588 homi-

645 2647 811 2688 num
823 2637 1226 2707 purqantur,
1244 2634 1358 2708 qui
1385 2634 1755 2692 castitatem
1782 2649 1970 2690 suam
1991 2631 2124 2690 Deo

641 2743 975 2808 voverant,
1025 2742 1088 2793 et
1124 2735 1303 2794 idem
1332 2742 1556 2793 votum
1590 2734 2020 2808 violaverant,
2059 2741 2121 2792 et

645 2859 764 2898 cur
798 2840 1060 2898 easdem
1088 2858 1335 2917 poenas
1369 2844 1482 2901 hoc
1514 2841 1704 2898 modo
1735 2839 2036 2900 habeant.

732 2943 912 3002 LXX.
950 2944 1117 3002 Item
1153 2944 1233 3003 de
1269 2942 1661 3020 quibusdam
1693 2945 1846 3003 aliis
1876 2962 2123 3020 purya-

640 3051 827 3108 toriis
859 3051 1109 3126 poenis,
1161 3053 1232 3110 in
1263 3049 1496 3127 quibus
1533 3051 1795 3109 animae
1846 3049 2118 3107 illorum

636 3158 1081 3232 mundantur,
1132 3158 1248 3234 qui
1287 3159 1649 3217 humanam
1680 3159 1998 3213 naturam
2048 3155 2119 3211 in

637 3264 977 3321 contraria
990 3263 1428 3339 fornicatione
1449 3266 1853 3331 everterant,
1872 3268 1936 3318 et
1958 3239 2122 3337 qua-'-

638 3384 708 3422 re
744 3346 852 3424 eas
887 3368 978 3426 sic
1005 3368 1381 3443 patiantur.

726 3466 956 3531 LXXI.
1010 3472 1180 3532 Item
1214 3474 1292 3531 de
1330 3472 1719 3579 quibusdavm
1754 3474 1908 3533 aliis
1951 3492 2118 3549 pur-

637 3577 923 3650 9atoriis
943 3578 1199 3652 poenis,
1251 3579 1323 3635 in
1371 3576 1602 3653 quibus
1651 3580 1915 3636 animae
1962 3593 2117 3652 quo-

635 3678 946 3737 rumdam
976 3681 1320 3739 hominum
1353 3682 1856 3752 effeminantur,
1893 3682 2008 3757 qui
2044 3699 2110 3738 se

628 3780 972 3855 pecoribus
1035 3784 1108 3842 in
1168 3785 1611 3860 fornicatione
1688 3787 2114 3845 commiscue-

633 3889 812 3957 rant,
847 3891 911 3943 et
943 3905 1066 3945 cur
1096 3886 1253 3945 illas
1287 3889 1384 3946 ita
1414 3886 1713 3948 habeant.

725 3987 966 4048 LXXII.
1017 3991 1342 4062 Quomodo
1374 3994 1691 4065 homineS,
1728 3994 1800 4052 in
1835 3994 2115 4052 lua-uria

632 4101 694 4152 et
714 4096 1153 4172 fornicatione
1172 4102 1545 4173 peccantes,
1576 4097 1754 4156 idem
1767 4104 2113 4174 peccatum

635 4200 706 4256 in
742 4199 1114 4276 corporibus
1148 4204 1283 4260 suis
1311 4202 1713 4278 poenitendo
1743 4205 2060 4278 puniant.

723 4297 1012 4363 LXXIII.
1055 4303 1237 4375 Quod
1265 4306 1620 4382 fornicatio
1652 4306 1993 4382 aspidibus
2044 4313 2107 4366 et

723 4505 764 4574 ¹)
791 4505 1115 4581 Capitulum
1141 4506 1378 4563 LXVIII
1406 4523 1514 4564 om.
1545 4508 1636 4564 W.

2229 2210 2552 2287 affliqant.

2317 2310 2663 2375 LXXVIII.
2717 2316 2901 2388 Quod
2932 2318 3045 2393 qui
3082 2316 3213 2375 Deo
3261 2333 3327 2373 se
3362 2312 3700 2385 obtulerit,

2226 2425 2287 2476 et
2333 2425 2478 2495 post
2530 2426 2787 2496 ter-(sum
2822 2423 3220 2496 respexerit,
3252 2435 3511 2495 payano
3543 2420 3709 2476 assi-

2227 2526 2527 2588 milatur.

2320 2628 2695 2693 LXXVIIII.
2729 2633 3054 2705 Quomodo
3076 2652 3202 2710 per
3220 2634 3711 2709 poenitentiam

2230 2753 2296 2795 se
2345 2738 2669 2816 affimant,
2720 2739 2835 2813 qui
2883 2739 2955 2796 in
3002 2739 3443 2815 fornicatione
3478 2741 3714 2798 huma-

2228 2861 2385 2902 nam
2417 2848 2734 2901 naturam
2768 2842 3217 2900 destituerint.

2320 2945 2553 3005 LXXX.
2588 2947 2771 3018 Quod
2788 2955 3136 3022 peccatum
3170 2949 3541 3007 contrariae
3567 2946 3711 3022 for-

2228 3052 2604 3126 nicationis,
2664 3056 2992 3113 humanae
3042 3058 3324 3112 naturae
3379 3053 3711 3129 facinoro-

2228 3175 2374 3215 sum
2407 3161 2725 3233 existens,
2761 3158 2858 3215 vis
2891 3158 3104 3216 cordis
3141 3156 3395 3217 Diaboli
3427 3162 3544 3214 est.

2316 3258 2613 3321 LXXXI.
2675 3263 2978 3334 Qualiter
3028 3263 3416 3338 poeniteant
3462 3261 3575 3336 qui
3634 3277 3705 3317 se

2219 3365 2564 3442 pecoribus
2600 3368 3043 3426 commiscent.

2315 3470 2610 3531 LXXXII.
2667 3472 2851 3544 Quod
2882 3474 3067 3531 homo
3107 3472 3222 3547 qui
3255 3488 3405 3530 cum
3446 3471 3707 3545 pecori—

2220 3573 2336 3632 bus
2377 3593 2501 3651 per
2562 3576 3074 3653 fornicationem
3122 3580 3353 3650 peccat
3373 3616 3391 3643 ,
3449 3576 3522 3632 in
3581 3576 3702 3633 hoc

2214 3687 2479 3756 peccato
2513 3681 2789 3755 nequior
2821 3677 3149 3739 vermibus
3183 3685 3303 3752 est,
3333 3679 3447 3755 qui
3473 3677 3552 3735 de
3581 3695 3705 3736 na-

2220 3792 2376 3844 tura
2408 3804 2530 3845 sua
2564 3803 2696 3845 non
2725 3784 3116 3862 procedunt.
3724 3782 3733 3788 ’

2310 3889 2639 3948 LXXXIII.
2681 3890 2864 3961 Quod
2898 3905 3047 3947 cum
3080 3890 3265 3949 homo
3298 3889 3370 3945 in
3421 3886 3707 3945 luaeuria

2215 3997 2746 4070 praevaricatur,
2813 3990 3237 4052 daemonibus
3309 3990 3703 4049 oblationem

2222 4099 2434 4176 offert,
2472 4104 2532 4157 et
2570 4098 2958 4174 sibimetipsi
2991 4100 3262 4158 ruinam
3294 4096 3620 4175 aedificat,
3660 4116 3704 4153 a

2224 4204 2356 4262 Deo
2386 4203 2849 4262 vindicandus.
2882 4199 2933 4281 ²)

2310 4307 2629 4367 LXXXIV.
2670 4308 2881 4367 David
2909 4309 2996 4368 ad
3028 4308 3327 4371 eamdem
3359 4325 3520 4366 rem.

2311 4510 2356 4577 ²)
2381 4526 2419 4566 a
2446 4508 2557 4565 Deo
2570 4511 2915 4579 ⁸iudicandus
2943 4510 3031 4566 W.

1391 4737 1718 4796 FINIUNT
1771 4732 2175 4797 CAPITULA
2228 4736 2580 4796 TERTIAE
2628 4736 2921 4796 PARTIS
