4036 6117
1316 474 1728 552 mirosmo
1780 506 2413 552 EVANGEmoRuM
3213 499 3342 556 265

321 631 390 683 et
420 626 585 684 sicut
615 609 984 699 credidisti,
1013 640 1163 684 cum
1193 626 1259 684 in
1282 621 1327 703 ¹)
1358 627 1731 700 ignorantia
1759 633 1872 686 tua
1903 630 1962 687 te
1991 628 2465 703 recognovisti,
2494 629 2603 705 {iat
2633 626 2749 687 tibi
2772 628 3205 705 adjutorium,
3234 632 3412 706 quod

320 730 575 804 petisti.
611 730 691 789 Et
729 737 999 788 sanatus
1032 737 1124 787 est
1155 736 1549 805 recuperata
1584 730 1834 790 virtute
1854 752 2051 808 puer,
2083 732 2401 791 videlicet
2428 732 2804 805 ignorantia
2836 733 2919 790 ad
2947 734 3186 793 bonam
3213 742 3279 793 et
3314 751 3415 793 re-

316 841 500 893 ctam
549 835 898 895 sc1entiam
948 849 1309 907 conversa,
1363 837 1432 892 in
1485 836 1606 893 illa
1653 839 1833 908 hora,
1871 853 2001 911 qua
2051 852 2198 895 eam
2235 836 2457 894 divina
2493 837 2709 910 gratia
2745 837 2825 895 ad
2863 838 3219 896 utilitatem
3262 854 3414 897 cou-

321 939 561 997 cussit.

1828 1168 1902 1226 II.

1572 1374 1739 1432 Item
1786 1376 1918 1435 alio
1963 1377 2169 1434 modo,

419 1594 583 1654 Cum
633 1595 1072 1655 descendisset
1110 1596 1435 1655 veniendo
1484 1596 1566 1656 ad
1611 1596 1945 1657 hominem
1997 1601 2212 1673 Jesus,
2266 1600 2527 1659 scilicet
2575 1601 2983 1675 spiraculum
3038 1602 3258 1660 sciens
3305 1602 3419 1661 bo-

319 1712 484 1756 num
533 1702 602 1756 et
653 1699 922 1772 malum,
975 1700 1152 1775 quod
1200 1699 1376 1759 Deus
1414 1701 1477 1759 in
1525 1699 1864 1761 hominem
1913 1705 2122 1777 misit,
2173 1705 2251 1761 de
2299 1712 2542 1777 monte,
2581 1704 2894 1763 videlicet
2942 1704 3023 1764 de
3059 1705 3413 1764 altitudine

319 1802 440 1861 illa
490 1818 662 1878 quae
696 1804 917 1862 omnia
964 1807 1355 1877 exsuscitat,
1394 1813 1651 1865 secutae
1702 1814 1856 1866 sunt
1891 1827 2045 1866 eum
2081 1807 2461 1868 famulando
2496 1815 2564 1869 et
2598 1810 2943 1869 sentiendo
2979 1810 3209 1869 turbae
3245 1811 3418 1868 mul-

316 1913 452 1979 tae,
491 1906 555 1964 id
589 1908 694 1966 est
725 1923 956 1966 omnes
991 1912 1341 1968 creaturae
1378 1926 1529 1969 cum
1564 1911 1937 1971 elementis,

413 2010 498 2069 Et
532 2030 676 2070 ecce
727 2012 1045 2088 leprosus,
1084 2012 1343 2072 scilicet
1390 2018 1629 2088 gustus
1666 2017 1927 2089 carnis,
1978 2019 2250 2075 veniens
2285 2033 2323 2075 a
2373 2032 2446 2076 se
2496 2018 3058 2092 recognoscendo,
3108 2018 3417 2077 adorabat

319 2113 751 2189 suspirando,
802 2133 977 2188 eum,
1032 2115 1096 2174 id
1138 2121 1243 2175 est
1292 2118 1701 2191 spiraculum
1754 2119 2070 2193 hominiS,
2109 2121 2368 2179 scilicet
2400 2121 2712 2194 animam,
2766 2122 2991 2181 dicens
3029 2122 3095 2180 in
3143 2124 3416 2197 gemitu:

316 2217 638 2290 Domine,
692 2219 850 2293 quia
883 2217 1046 2277 mihi
1095 2218 1483 2293 dominariS,
1522 2223 1576 2279 si
1625 2224 1719 2280 vis
1755 2239 1874 2297 pro
1925 2238 2030 2281 me
2065 2223 2131 2282 in
2181 2240 2401 2299 pugna
2451 2226 2654 2299 stare,
2685 2231 2871 2301 potes
2918 2244 3023 2284 me
3055 2227 3412 2295 mundare,

322 2318 389 2377 id
425 2324 533 2378 est
565 2337 602 2377 a
637 2319 1077 2380 delectatione
1111 2323 1483 2383 absolvere.
1943 2331 1958 2344 '

415 2424 497 2483 Et
533 2425 898 2483 eaetendens
935 2426 1253 2485 sumendo
1287 2446 1585 2502 manum,
1622 2428 1934 2488 videlicet
1969 2432 2234 2490 scutum
2269 2432 2731 2506 protectioniS,
2769 2435 2983 2509 tetiqit
3018 2432 3418 2508 perfungen-

318 2528 407 2587 do
441 2527 492 2606 ²)
521 2548 695 2601 eum,
733 2530 991 2589 scilicet
1024 2524 1298 2603 gustum
1326 2533 1568 2592 carniS.
1614 2532 1759 2591 Volo
1787 2551 1904 2607 pro
1942 2541 2006 2593 te
2034 2536 2373 2609 praeliari,
2409 2537 2735 2594 mundare
2771 2551 2810 2595 a
2835 2537 3296 2597 delectatione.
3335 2538 3417 2597 Et

317 2634 669 2710 confestim
713 2635 1040 2692 mundata
1086 2641 1219 2709 est,
1274 2635 1337 2694 id
1386 2643 1490 2695 est
1540 2639 1905 2697 coercitata
1956 2640 2146 2715 lepra
2194 2639 2359 2714 ejus,
2412 2641 2735 2700 videlicet
2783 2642 3062 2701 dulcedo
3112 2659 3308 2718 quam
3348 2644 3415 2701 in

309 2724 527 2810 ‘gustu
577 2736 880 2797 habebat.
943 2739 1024 2798 Et
1074 2741 1167 2796 ait
1218 2740 1324 2798 illi
1374 2740 1566 2799 Jesus
1615 2743 2078 2816 persuadendo
2129 2744 2355 2803 divina
2405 2744 2864 2819 inspiratione:
2931 2747 3109 2819 Vide,
3162 2746 3420 2805 scilicet

320 2855 526 2912 cave,
579 2843 856 2914 nemini,
909 2841 1221 2901 videlicet
1271 2844 1432 2902 nulli
1469 2848 1838 2916 creaturae,
1891 2848 2147 2906 dixeris
2193 2848 2708 2922 manifestandO,
2761 2850 2918 2924 quia
2951 2850 3171 2908 victus
3223 2850 3317 2909 sis
3351 2851 3419 2909 et

309 2940 543 3017 justus
593 2942 899 3017 effectus,
952 2946 1065 3002 sed
1113 2946 1273 3003 vade
1310 2947 1760 3021 ascendendo,
1814 2951 2081 3009 ostende
2116 2957 2181 3009 te
2231 2951 2484 3026 gratias
2530 2952 2901 3012 referendo,
2955 2954 3300 3027 sacerdoti,
3352 2953 3420 3011 id

317 3054 426 3107 est
460 3049 890 3109 constitutori
918 3056 983 3108 et
1012 3050 1180 3124 legis
1216 3051 1435 3110 datori
1460 3046 1531 3130 ⁸).
1570 3053 1651 3112 Et
1681 3054 1839 3130 offer
1866 3054 1933 3112 in
1959 3053 2312 3114 devotione
2338 3034 2608 3130 munus,
2648 3057 2907 3116 scilicet
2932 3057 3173 3116 bonam
3209 3056 3420 3116 scien-

315 3151 511 3225 tiam,
548 3152 718 3228 quod
746 3156 1086 3228 praecepit
1138 3153 1522 3228 inspirando
1559 3157 1830 3232 MoyseS,
1869 3156 2129 3215 scilicet
2165 3157 2610 3230 rationalitaS,
2646 3159 2717 3215 in
2763 3161 3218 3217 testimonium
3253 3159 3414 3227 illis,

323 3263 400 3316 ut
434 3273 673 3316 nomen
705 3256 821 3315 Dei
860 3258 925 3315 in
961 3259 1023 3316 te
1060 3257 1545 3318 manifestetur.

422 3360 585 3420 Cum
618 3365 843 3417 autem
891 3362 1226 3418 introisset
1264 3360 1484 3418 anima
1538 3361 2023 3436 capharnaum,
2065 3362 2127 3419 id
2177 3368 2283 3421 est
2318 3363 2384 3421 in
2418 3363 2921 3422 tabernaculum
2966 3362 3415 3437 corporalium

322 3465 778 3536 tenebrarum,
831 3467 1095 3523 accessit
1149 3464 1469 3538 gemendo
1518 3466 1602 3522 ad
1635 3484 1815 3538 eum,
1855 3467 2117 3524 scilicet
2150 3467 2461 3541 animam,
2507 3469 2845 3537 GenturiO,
2884 3467 3195 3526 videlicet
3228 3467 3418 3541 quin-

323 3584 455 3644 que
492 3585 730 3627 sensus
766 3569 1088 3643 corporis:
1126 3568 1189 3626 id
1225 3574 1351 3641 est,
1390 3570 1565 3643 quod
1600 3569 1796 3628 homo
1833 3571 2133 3645 requirat
2168 3571 2325 3645 quid
2355 3572 2703 3647 intelligat,
2734 3571 2890 3647 quid
2923 3573 3217 3647 incipiat,
3257 3572 3417 3647 quid

321 3678 670 3746 operetur,
722 3675 788 3730 et
821 3671 980 3746 quid
1028 3672 1352 3746 perficiat,
1406 3677 1472 3731 et
1522 3674 1587 3731 in
1635 3674 1882 3748 quibus
1932 3674 2179 3751 ubique
2231 3675 2798 3751 circumaspiciat,
2836 3680 2910 3735 ut
2955 3683 3247 3751 quatuor
3279 3675 3417 3735 ani-

329 3775 556 3847 malia,
594 3776 768 3833 sicut
797 3777 1120 3848 scriptum
1156 3779 1278 3834 est:
1321 3795 1352 3833 <c
1386 3776 1596 3834 Dorsa
1633 3793 1864 3836 eorum
1898 3779 2094 3853 plena
2130 3784 2286 3837 sunt
2321 3779 2559 3852 oculiS‚
2595 3798 2625 3835 >2
2663 3776 2709 3856 ⁴)
2740 3798 2975 3856 royans
3008 3799 3160 3839 eum
3198 3780 3263 3839 in
3298 3781 3416 3838 mi·
3496 3759 3505 3767 ’

323 3879 504 3937 seria
539 3885 600 3936 et
649 3880 902 3937 dicens:
940 3880 1239 3952 Domine,
1279 3881 1535 3938 scilicet
1571 3897 1607 3938 o
1644 3882 1885 3955 anima,
1919 3901 2093 3957 puer
2125 3901 2337 3954 meus,
2376 3883 2688 3941 videlicet
2725 3883 3003 3941 scientia
3040 3898 3210 3956 mea,
3230 3881 3415 3955 jacet

322 3991 665 4059 prostrata
715 3990 788 4043 in
823 3987 1031 4060 domo,
1085 3986 1146 4044 id
1181 3991 1286 4043 est
1341 3988 1402 4043 in
1437 3986 1668 4045 dolore
1718 3988 1965 4060 carniS,
1999 3988 2442 4064 paralyticuS,
2485 3989 2573 4046 ita
2607 3991 2682 4046 ut
2731 3987 3114 4062 frequenter
3154 3989 3217 4046 in
3251 3987 3417 4045 obli-

326 4089 522 4146 vione
557 4088 870 4161 dormiat,
907 4096 966 4147 et
1002 4091 1173 4146 male
1209 4097 1553 4166 torquetur
1589 4107 1705 4165 per
1743 4091 2068 4149 foramina
2108 4092 2496 4149 suasionum
2532 4093 2786 4165 antiqui
2824 4092 3176 4164 serpentis,

419 4193 498 4250 Et
547 4195 639 4249 ait
691 4194 796 4250 illi
847 4194 1328 4266 compatiendo
1383 4196 1596 4266 Jesas,
1651 4195 1912 4252 scilicet
1963 4196 2375 4269 spiraculum
2426 4194 2734 4255 hominis:
2773 4196 2903 4272 Eyo
2948 4198 3211 4253 veniam
3259 4211 3413 4254 cum

334 4296 611 4354 coelesti
647 4297 908 4368 militia,
945 4304 1003 4353 et
1043 4297 1298 4370 curabo,
1342 4298 1401 4355 id
1437 4304 1540 4355 est
1575 4298 1938 4372 perfungar
1970 4293 2016 4370 ⁵)
2054 4318 2228 4370 eum,
2267 4299 2525 4357 scilicet
2559 4300 2930 4359 scientiam.

417 4401 494 4459 Et
546 4402 950 4476 respondens
987 4401 1471 4458 reminiscendo
1509 4403 1609 4459 sui
1663 4405 1993 4466 centurio,
2035 4402 2097 4458 id
2149 4405 2252 4460 est
2286 4403 2577 4476 quinque
2629 4419 2892 4476 sensuS,
2929 4408 3049 4462 ait:
3106 4405 3406 4482 Domine,

319 4505 635 4572 ,videlicet
670 4506 911 4578 anima,
953 4505 1056 4561 cui
1094 4505 1363 4563 obedire
1397 4505 1634 4578 dohec,
1673 4525 1803 4563 neon
1840 4525 1986 4562 sum
2020 4507 2256 4581 diynus
2294 4514 2564 4581 propter
2614 4506 3129 4566 inconstantiam
3168 4525 3405 4581 meam,

322 4611 438 4680 sed
493 4627 712 4685 parce,
765 4627 843 4667 nc
894 4625 1183 4683 perearn3
1237 4617 1308 4666 ut
1361 4613 1570 4669 intres
1622 4626 1770 4667 cum
1822 4613 2004 4668 tanta
2044 4610 2280 4668 militia
2330 4612 2680 4682 virtutum,
2719 4610 2833 4668 sub
2881 4617 3127 4670 tectum
3162 4632 3405 4686 meum,

326 4714 584 4773 scilicet
634 4714 932 4788 corporis
970 4713 1121 4784 mei,
1175 4715 1287 4770 sed
1321 4721 1582 4771 tantum.
1619 4717 1743 4786 dic,
1787 4715 1846 4771 id
1883 4720 1985 4771 est
2024 4719 2216 4787 tange
2251 4731 2513 4772 carnem
2556 4731 2791 4786 meam,
2830 4715 3013 4772 verbo
3048 4719 3411 4791 correptio-

326 4817 428 4876 nis
481 4817 545 4873 in
577 4815 1003 4887 discretione,
1056 4817 1121 4873 et
1154 4816 1513 4874 osculando
1567 4822 1677 4874 tua
1714 4817 2077 4888 viriditate,
2132 4824 2191 4874 et
2231 4817 2574 4874 sanabitur
2625 4818 2688 4874 in
2726 4817 2895 4875 bono
2943 4837 3113 4892 puer
3148 4838 3330 4877 meus
3368 4822 3433 4878 in

397 5076 439 5128 ¹)
460 5080 522 5128 in
542 5089 649 5129 om.
676 5075 796 5131 cod.
830 5107 895 5115 —
915 5079 958 5140 2)
978 5080 1353 5149 persunyendo
1380 5079 1461 5134 sic
1489 5079 1608 5134 cod.
1640 5078 1675 5134 s.
1703 5096 1820 5151 per-
1912 5096 2025 5134 uno
2054 5081 2240 5134 verbo.
2270 5109 2333 5119 —
2372 5080 2415 5141 ⁴)
2445 5080 2644 5134 Ezech.
2684 5086 2731 5141 1,
2768 5084 2846 5134 18.
2890 5109 2955 5117 —
2981 5081 3023 5144 ⁵)
3060 5080 3181 5134 Vox
3222 5077 3441 5133 ambiu-

331 5163 597 5232 unyendo.
625 5166 684 5214 ut
713 5177 874 5231 supra
901 5165 1202 5232 unquendo.
1237 5192 1301 5201 —-
1322 5165 1675 5236 ³)1eyidatori
1695 5166 1813 5221 cod.
1910 5182 2018 5234 guo
2053 5167 2107 5220 in
2136 5166 2470 5237 apographo.

3173 5270 3207 5302 ff
