4036 6117
782 479 914 545 474
1935 494 1986 539 S.
2039 487 2586 541 111LDEGARDIS

715 606 795 662 De
817 605 973 662 Adae
996 603 1300 663 creatione.
2340 605 2504 672 Quod
2532 605 2591 660 in
2617 603 2849 660 bomine
2874 610 3007 660 sunt
3033 604 3334 662 elementa.

713 690 793 746 De
817 689 1063 761 capillis.
2336 691 2417 746 De
2443 689 2733 760 sanguine.

705 778 788 834 De
817 775 1189 832 interioribus
1215 772 1484 831 bominis.
2335 775 2416 830 De
2443 791 2628 832 carne.

706 862 790 918 De
816 861 1072 917 auribus.
2335 859 2415 914 De
2442 859 2828 927 generatione.

710 949 790 1004 De
812 947 995 1005 oculis
1020 952 1078 1002 et
1100 946 1356 1001 naribus,
2335 945 2415 1000 De
2442 945 2594 1000 Adae
2624 944 3026 1000 vivificatione.

795 1092 890 1152 De
926 1090 1108 1150 Adae
1136 1090 1506 1168 prophetia.
1543 1087 1665 1159 Qui
1700 1091 2059 1162 postquam
2095 1086 2466 1161 evigilavit,
2504 1083 2830 1161 propheta
2866 1084 3259 1142 coelestium
3298 1081 3445 1156 fuit,
3481 1087 3549 1141 et
3582 1082 3810 1141 sciens

707 1195 777 1255 in
823 1194 1006 1255 omni
1037 1195 1107 1254 vi
1154 1196 1505 1252 creaturae
1549 1198 1616 1250 et
1665 1191 1733 1249 in
1780 1190 1958 1249 omni
2009 1197 2155 1248 arte
2204 1195 2370 1248 erat.
2423 1190 2503 1248 Et
2548 1188 2727 1247 Deus
2776 1203 3007 1246 omnes
3055 1190 3403 1245 creaturas
3453 1186 3551 1244 illi
3600 1185 3805 1256 dedit,

705 1306 1042 1377 quatenus
1085 1297 1267 1358 virili
1301 1297 1368 1356 vi
1417 1312 1534 1356 eas
1567 1298 1974 1372 penetraret,
2028 1294 2343 1370 quoniam
2378 1293 2531 1352 illas
2581 1293 2782 1352 seivit
2816 1298 2883 1351 et
2931 1291 3265 1366 cognovit.
3304 1290 3471 1349 Nam
3508 1290 3658 1365 ipse
3694 1289 3808 1347 ho-

706 1422 816 1465 mo
844 1405 1060 1465 omnis
1093 1409 1404 1464 ereatura
1438 1408 1564 1475 est,
1601 1402 1669 1460 et
1703 1401 2043 1474 spiramen
2074 1399 2254 1458 vitae
2292 1397 2357 1457 in
2390 1414 2467 1459 eo
2501 1399 2627 1471 est,
2666 1397 2824 1472 quia
2859 1396 3055 1456 finem
3089 1396 3268 1455 vitae
3302 1410 3433 1453 non
3468 1393 3697 1452 habet.

779 1551 860 1607 De
886 1549 1108 1606 animae
1136 1548 1443 1607 infusione.
1870 1605 1883 1618 ,
2337 1549 2418 1603 De
2444 1547 2594 1604 Evae
2621 1547 2861 1604 malitia.

710 1637 792 1692 De
815 1635 969 1692 Adae
996 1649 1212 1692 somno.

801 1777 896 1838 De
946 1778 1152 1837 exilio
1201 1776 1435 1837 Adam.
1487 1774 1612 1834 Sed
1658 1777 2015 1850 postquam
2067 1774 2276 1834 Adam
2324 1775 2654 1850 peccavit,
2704 1791 2831 1834 nox
2881 1773 3121 1833 adesse
3170 1772 3416 1849 coepit,
3465 1779 3536 1832 et
3583 1776 3798 1834 omnia

703 1881 1034 1940 elementa
1083 1879 1346 1955 magnis
1381 1878 1676 1938 tenebris
1725 1878 2167 1938 obtenebrata
2202 1883 2378 1938 sunt:
2433 1879 2499 1936 in
2531 1879 2778 1954 quibus
2813 1878 3022 1937 Adam
3061 1877 3125 1935 in
3164 1877 3438 1935 exilium
3479 1877 3661 1936 istud
3693 1876 3798 1935 de·

703 1984 947 2044 duetus
996 1989 1121 2044 est.
1158 1983 1281 2055 Qui
1330 1982 1489 2042 dum
1525 1982 1740 2040 lucem
1791 1981 2044 2040 saeculi
2082 1981 2282 2057 hujus
2329 1982 2521 2055 vidit,
2557 1982 2918 2056 gaudebat,
2954 1981 3270 2057 quoniam
3306 1981 3451 2054 ipse
3500 1980 3801 2040 tenebro—

703 2104 820 2148 sus
853 2092 1024 2163 erat,
1076 2104 1155 2148 ae
1193 2087 1620 2163 lacrymando
1669 2087 1856 2147 dixit:
1899 2107 1930 2144 (t
1962 2087 2109 2146 Alio
2160 2087 2357 2147 modo
2391 2088 2619 2146 vivere
2667 2088 2878 2147 debeo
2912 2103 3112 2163 quam
3148 2087 3338 2161 prius
3370 2087 3537 2145 mihi
3576 2088 3795 2146 vivere

699 2192 877 2252 Deus
903 2192 1203 2266 dederat,
1228 2185 1274 2270 ¹)
1309 2210 1339 2248 »
1373 2198 1439 2251 et
1468 2191 1561 2251 ita
1588 2207 1740 2250 cum
1767 2191 2012 2251 sudore
2043 2191 2350 2251 laborare
2379 2191 2620 2266 eoepit.
2651 2190 2775 2250 Sed
2804 2197 3164 2267 antequam
3192 2191 3402 2251 Adam
3436 2197 3505 2250 et
3539 2191 3676 2251 Eva
3707 2192 3797 2250 di-

699 2298 931 2357 vinum
964 2304 1400 2372 praeceptum
1433 2296 1885 2372 praevaricati
1923 2295 2233 2369 fuissent,
2272 2300 2345 2355 ut
2380 2297 2482 2355 sol
2520 2296 2585 2355 in
2620 2295 2976 2370 splendore
3014 2293 3379 2370 fulgebant,
3432 2297 3553 2371 qui
3586 2297 3793 2371 splen-

701 2400 826 2461 dor
857 2400 1061 2460 etiam
1097 2400 1265 2475 ipsis
1300 2399 1494 2476 quasi
1531 2416 1650 2476 pro
1684 2401 2088 2460 vestimento
2125 2398 2268 2459 fuit.
2306 2399 2428 2470 Qui
2462 2399 2617 2459 dum
2648 2402 3076 2476 praeceptum
3111 2399 3230 2458 Dei
3258 2401 3793 2475 transgrederen-

701 2511 834 2578 tur,
871 2504 1162 2580 amplius
1189 2521 1318 2564 non
1347 2503 1710 2579 fulgebant,
1742 2509 1815 2565 ut
1840 2504 2028 2580 prius
2059 2505 2376 2578 fecerant,
2408 2504 2523 2563 sed
2551 2504 2821 2564 obscuri
2852 2504 3012 2564 faeti
3040 2508 3216 2579 sunt,
3245 2511 3315 2564 et
3342 2506 3441 2564 sie
3470 2505 3539 2564 in
3564 2506 3789 2566 obscu-

700 2609 901 2669 ritate
937 2610 1051 2668 illa
1086 2615 1623 2685 permanserunt3
1660 2608 1836 2669 unde
1870 2624 2022 2667 cum
2058 2608 2363 2668 viderent
2398 2624 2470 2667 se
2503 2625 2634 2668 non
2671 2607 2949 2683 fulgere,
2990 2615 3168 2668 sicut
3199 2609 3389 2684 prius
3430 2608 3788 2685 fulgebant,

701 2719 1163 2787 cognoverunt
1212 2729 1285 2772 se
1316 2713 1534 2773 nudos
1582 2730 1755 2787 esse,
1794 2715 1861 2773 et
1913 2713 2093 2772 foliis
2142 2713 2429 2786 arboria„
2484 2714 2658 2772 sicut
2710 2713 2801 2772 ibi
2852 2714 3177 2787 seriptum
3227 2715 3365 2785 est,
3420 2729 3493 2772 se
3528 2714 3784 2774 obtexe-

701 2818 876 2877 runt.
926 2816 1007 2876 Et
1042 2817 1252 2877 Adam
1302 2823 1455 2877 ante
1489 2818 2140 2892 praevaricationem
2174 2816 2430 2891 absque
2465 2818 2783 2891 operibus
2818 2825 2891 2876 ut
2926 2818 3025 2876 sol
3072 2817 3393 2893 fulgebat,
3445 2820 3609 2894 quia
3643 2837 3789 2879 non-

700 2924 858 2985 dum
908 2925 1184 3001 aliquod
1218 2942 1387 3001 opus
1440 2924 1710 2984 fecerat.
1746 2923 1869 2983 Sed
1919 2930 2074 3000 post
2108 2924 2304 2983 finem
2353 2925 2604 2984 saeculi
2643 2926 2886 2985 iterum
2929 2925 3128 3002 justi,
3170 2933 3242 2986 ut
3275 2927 3377 2985 sol
3429 2925 3788 3001 fulgebunt,

704 3028 882 3091 sicut
909 3029 1234 3106 scriptum
1269 3031 1394 3089 est:
1431 3028 1798 3106 Fulyebunt
1818 3023 1993 3101 justi
2028 3029 2195 3088 sicut
2233 3028 2325 3087 sol
2360 3030 2432 3088 in
2464 3046 2665 3106 reque
2693 3037 2907 3107 patris
2940 3048 3191 3107 eorum,
3224 3027 3275 3109 ²)
3314 3030 3432 3090 sed
3465 3046 3622 3090 cum
3654 3045 3790 3089 san-

699 3135 829 3194 ctis
877 3135 1197 3211 operibus
1258 3134 1622 3210 fulgebunt.
1673 3133 1838 3192 Nam
1890 3133 1956 3191 in
2006 3132 2361 3206 splendore
2410 3149 2609 3208 quem
2656 3140 2815 3194 tune
2863 3135 3513 3221 sanetishabebunt,
3566 3140 3786 3193 sancta

696 3254 900 3314 opera
938 3238 1215 3315 fulgent,
1252 3242 1320 3300 et
1351 3240 1573 3315 posita
1606 3243 1784 3311 sunt,
1825 3238 1898 3296 ut
1933 3236 2212 3310 pretiosi
2249 3237 2505 3312 lapides
2542 3238 2603 3296 in
2641 3255 2805 3299 auro
2842 3246 3202 3315 ponuntur.

767 3381 951 3448 Quare
977 3383 1092 3438 Eva
1118 3382 1276 3454 prius
1300 3381 1541 3439 cecidit?
2324 3380 2404 3436 De
2430 3383 2730 3439 cancrosis.

699 3466 779 3522 De
803 3468 1046 3526 diluvio.
2324 3467 2403 3522 De
2430 3467 2692 3538 podagra.

695 3551 881 3618 Quare
906 3553 1011 3608 filii
1040 3554 1177 3610 Dei?
2321 3551 2433 3618 Qui
2462 3569 2520 3609 se
2548 3554 2938 3612 interficiunt?

696 3636 776 3692 De
803 3637 1056 3709 lapidum
1084 3640 1422 3710 gignitione.
2322 3638 2404 3692 De
2430 3643 2610 3707 gutta.

693 3723 775 3778 De
801 3722 909 3796 yri.
2323 3724 2401 3779 De
2430 3723 2834 3789 instabilitate.

694 3808 772 3863 De
799 3814 981 3866 terrae
1007 3810 1146 3868 situ.
2322 3810 2401 3864 De
2430 3809 2736 3867 iracundis

689 3892 851 3960 Quod
878 3896 1046 3952 bomo
1071 3901 1295 3954 constat
1319 3897 1388 3953 de
1413 3897 1732 3953 elementis.
2318 3895 2399 3951 De
2426 3896 2678 3968 syncopi.

691 3980 771 4035 De
800 3980 1078 4051 flegmatis
1103 3983 1458 4039 diversitate.
2317 3982 2398 4036 De
2423 3981 2686 4038 obsessis,

688 4067 769 4123 De
794 4068 1153 4127 humoribus.
2316 4067 2395 4121 De
2421 4069 2742 4125 severitate.

686 4155 764 4210 De
792 4154 1024 4214 frenesi,
2317 4153 2459 4209 Item
2488 4154 2558 4210 de
2585 4154 2812 4213 frenesi.

686 4241 766 4297 De
790 4243 1123 4301 contractis.
2316 4239 2395 4293 De
2423 4240 2687 4299 sanitate.

678 4326 762 4382 De
788 4327 1010 4384 stultis.
2314 4324 2479 4390 Quod
2503 4333 2749 4397 quatuor
2775 4334 2908 4385 sunt
2936 4331 3199 4389 humores
3229 4339 3474 4391 tantum.

680 4413 764 4469 De
789 4413 1056 4485 paralysi.
2311 4414 2392 4468 De
2416 4414 2518 4468 Dei
2549 4414 2819 4471 vindicta.

680 4498 760 4554 De
787 4496 952 4553 bonis
979 4498 1259 4555 moribus.
2311 4499 2392 4553 De
2418 4499 2790 4570 poenitentia.

679 4584 761 4638 De
785 4583 1034 4638 amentia
2309 4583 2390 4638 De
2413 4601 2547 4639 casu
2574 4586 2843 4644 Luciferi.

679 4670 760 4726 De
786 4668 1029 4731 insania,
2308 4671 2387 4725 De
2415 4669 2621 4728 furore.

681 4757 761 4813 De
795 4754 1209 4828 desperatione.
2307 4758 2387 4812 De
2412 4755 2564 4812 Adae
2593 4758 2983 4829 plasmatione.

676 4843 756 4898 De
787 4840 1027 4898 timidis,
2303 4845 2384 4899 De
2409 4848 2703 4914 conceptu.

672 4928 754 4983 De
779 4927 973 4983 mutis.
2303 4931 2382 4985 De
2407 4928 2627 4984 animae
2654 4928 2959 4986 infusione.

675 5015 753 5070 De
781 5014 1056 5071 bonitate.

744 5175 786 5239 ¹)
815 5177 1018 5231 dederit
1046 5176 1166 5232 cod.
1203 5208 1266 5217 —-
1292 5179 1337 5241 ²)
1365 5177 1569 5235 Matth.
1614 5179 1774 5239 Xlll.
1820 5183 1906 5234 ⁴8.
