<?xml version="1.0" encoding="UTF-8"?>
<!DOCTYPE html PUBLIC "-//W3C//DTD XHTML 1.0 Transitional//EN"
    "http://www.w3.org/TR/xhtml1/DTD/xhtml1-transitional.dtd">
<html xmlns="http://www.w3.org/1999/xhtml" xml:lang="en" lang="en">
 <head>
  <title>
</title>
<meta http-equiv="Content-Type" content="text/html;charset=utf-8" />
  <meta name='ocr-system' content='tesseract 3.04.00' />
  <meta name='ocr-capabilities' content='ocr_page ocr_carea ocr_par ocr_line ocrx_word'/>
</head>
<body>
  <div class='ocr_page' id='page_1' title='image "analectasacrasp05pitrgoog_0436.png"; bbox 0 0 4036 6117; ppageno 0'>
   <div class='ocr_carea' id='block_1_1' title="bbox 771 484 2607 548">
    <p class='ocr_par' dir='ltr' id='par_1_1' title="bbox 771 484 2607 548">
     <span class='ocr_line' id='line_1_1' title="bbox 771 484 2607 548; baseline 0.002 -4"><span class='ocrx_word' id='word_1_1' title='bbox 771 484 904 544; x_wconf 73' lang='lat'>383</span> <span class='ocrx_word' id='word_1_2' title='bbox 1963 502 2012 544; x_wconf 83' lang='lat' dir='ltr'>s.</span> <span class='ocrx_word' id='word_1_3' title='bbox 2070 502 2607 548; x_wconf 61' lang='lat' dir='ltr'>ninnecanms</span> 
     </span>
    </p>
   </div>
   <div class='ocr_carea' id='block_1_2' title="bbox 699 615 3777 2152">
    <p class='ocr_par' dir='ltr' id='par_1_2' title="bbox 699 615 3777 2152">
     <span class='ocr_line' id='line_1_2' title="bbox 787 615 3761 692; baseline 0.002 -17"><span class='ocrx_word' id='word_1_4' title='bbox 787 617 866 675; x_wconf 82' lang='lat' dir='ltr'>Et</span> <span class='ocrx_word' id='word_1_5' title='bbox 913 616 992 674; x_wconf 81' lang='lat' dir='ltr'>de</span> <span class='ocrx_word' id='word_1_6' title='bbox 1031 616 1134 673; x_wconf 70' lang='lat' dir='ltr'>his</span> <span class='ocrx_word' id='word_1_7' title='bbox 1185 615 1478 690; x_wconf 82' lang='lat' dir='ltr'>quidem,</span> <span class='ocrx_word' id='word_1_8' title='bbox 1518 631 1690 689; x_wconf 86' lang='lat' dir='ltr'>quae</span> <span class='ocrx_word' id='word_1_9' title='bbox 1743 617 1806 673; x_wconf 89' lang='lat' dir='ltr'>in</span> <span class='ocrx_word' id='word_1_10' title='bbox 1855 619 2164 692; x_wconf 81' lang='lat' dir='ltr'>partibus</span> <span class='ocrx_word' id='word_1_11' title='bbox 2215 621 2467 677; x_wconf 83' lang='lat' dir='ltr'>nostris</span> <span class='ocrx_word' id='word_1_12' title='bbox 2498 619 2579 676; x_wconf 89' lang='lat' dir='ltr'>de</span> <span class='ocrx_word' id='word_1_13' title='bbox 2632 625 2718 682; x_wconf 87' lang='lat' dir='ltr'>te.</span> <span class='ocrx_word' id='word_1_14' title='bbox 2768 623 2985 675; x_wconf 89' lang='lat' dir='ltr'>mater</span> <span class='ocrx_word' id='word_1_15' title='bbox 3030 625 3289 691; x_wconf 79' lang='lat' dir='ltr'>sancta,</span> <span class='ocrx_word' id='word_1_16' title='bbox 3346 620 3535 679; x_wconf 89' lang='lat' dir='ltr'>multi</span> <span class='ocrx_word' id='word_1_17' title='bbox 3582 622 3761 681; x_wconf 79' lang='lat' dir='ltr'>multa</span> 
     </span>
     <span class='ocr_line' id='line_1_3' title="bbox 703 721 3768 799; baseline 0.002 -21"><span class='ocrx_word' id='word_1_18' title='bbox 703 721 1106 794; x_wconf 67' lang='lat' dir='ltr'>loquuntur.</span> <span class='ocrx_word' id='word_1_19' title='bbox 1159 721 1240 777; x_wconf 85' lang='lat' dir='ltr'>ad</span> <span class='ocrx_word' id='word_1_20' title='bbox 1280 736 1601 794; x_wconf 78' lang='lat' dir='ltr'>praesens</span> <span class='ocrx_word' id='word_1_21' title='bbox 1653 735 1753 776; x_wconf 86' lang='lat' dir='ltr'>me</span> <span class='ocrx_word' id='word_1_22' title='bbox 1793 722 1919 778; x_wconf 82' lang='lat' dir='ltr'>ista</span> <span class='ocrx_word' id='word_1_23' title='bbox 1969 738 2535 780; x_wconf 74' lang='lat' dir='ltr'>commemorasse</span> <span class='ocrx_word' id='word_1_24' title='bbox 2570 722 2899 792; x_wconf 78' lang='lat' dir='ltr'>sufficiat,</span> <span class='ocrx_word' id='word_1_25' title='bbox 2954 738 3033 780; x_wconf 88' lang='lat' dir='ltr'>ne</span> <span class='ocrx_word' id='word_1_26' title='bbox 3066 724 3123 779; x_wconf 88' lang='lat' dir='ltr'>si</span> <span class='ocrx_word' id='word_1_27' title='bbox 3180 724 3245 780; x_wconf 89' lang='lat' dir='ltr'>in</span> <span class='ocrx_word' id='word_1_28' title='bbox 3278 724 3404 781; x_wconf 88' lang='lat' dir='ltr'>hac</span> <span class='ocrx_word' id='word_1_29' title='bbox 3438 731 3620 799; x_wconf 85' lang='lat' dir='ltr'>parte</span> <span class='ocrx_word' id='word_1_30' title='bbox 3650 742 3768 783; x_wconf 77' lang='lat' dir='ltr'>mo-</span> 
     </span>
     <span class='ocr_line' id='line_1_4' title="bbox 699 826 3765 903; baseline 0.002 -19"><span class='ocrx_word' id='word_1_31' title='bbox 699 828 856 885; x_wconf 87' lang='lat' dir='ltr'>dum</span> <span class='ocrx_word' id='word_1_32' title='bbox 907 843 1287 892; x_wconf 69' lang='lat' dir='ltr'>excessero,</span> <span class='ocrx_word' id='word_1_33' title='bbox 1325 835 1390 884; x_wconf 87' lang='lat' dir='ltr'>et</span> <span class='ocrx_word' id='word_1_34' title='bbox 1443 829 1582 901; x_wconf 68' lang='lat' dir='ltr'>ipse</span> <span class='ocrx_word' id='word_1_35' title='bbox 1621 827 1704 884; x_wconf 87' lang='lat' dir='ltr'>ab</span> <span class='ocrx_word' id='word_1_36' title='bbox 1741 826 1842 883; x_wconf 76' lang='lat' dir='ltr'>liis</span> <span class='ocrx_word' id='word_1_37' title='bbox 1888 830 2000 902; x_wconf 82' lang='lat' dir='ltr'>qui</span> <span class='ocrx_word' id='word_1_38' title='bbox 2038 845 2157 886; x_wconf 87' lang='lat' dir='ltr'>cor</span> <span class='ocrx_word' id='word_1_39' title='bbox 2190 844 2407 886; x_wconf 75' lang='lat' dir='ltr'>meum</span> <span class='ocrx_word' id='word_1_40' title='bbox 2444 845 2573 886; x_wconf 91' lang='lat' dir='ltr'>non</span> <span class='ocrx_word' id='word_1_41' title='bbox 2609 833 2980 903; x_wconf 83' lang='lat' dir='ltr'>penetrant.</span> <span class='ocrx_word' id='word_1_42' title='bbox 3018 831 3243 888; x_wconf 74' lang='lat' dir='ltr'>verbis</span> <span class='ocrx_word' id='word_1_43' title='bbox 3276 830 3657 890; x_wconf 76' lang='lat' dir='ltr'>adulatoriis</span> <span class='ocrx_word' id='word_1_44' title='bbox 3689 831 3765 890; x_wconf 76' lang='lat' dir='ltr'>fa-</span> 
     </span>
     <span class='ocr_line' id='line_1_5' title="bbox 701 925 3767 1004; baseline 0.003 -23"><span class='ocrx_word' id='word_1_45' title='bbox 701 944 932 985; x_wconf 66' lang='lat' dir='ltr'>vorem</span> <span class='ocrx_word' id='word_1_46' title='bbox 970 935 1156 985; x_wconf 84' lang='lat' dir='ltr'>tuum</span> <span class='ocrx_word' id='word_1_47' title='bbox 1193 935 1388 1003; x_wconf 82' lang='lat' dir='ltr'>puter</span> <span class='ocrx_word' id='word_1_48' title='bbox 1415 925 1462 998; x_wconf 68' lang='lat'>¹)</span> <span class='ocrx_word' id='word_1_49' title='bbox 1495 928 1845 998; x_wconf 82' lang='lat' dir='ltr'>redimere,</span> <span class='ocrx_word' id='word_1_50' title='bbox 1897 937 1964 986; x_wconf 93' lang='lat' dir='ltr'>et</span> <span class='ocrx_word' id='word_1_51' title='bbox 1999 934 2069 987; x_wconf 90' lang='lat' dir='ltr'>tu</span> <span class='ocrx_word' id='word_1_52' title='bbox 2103 930 2355 987; x_wconf 81' lang='lat' dir='ltr'>eisdem</span> <span class='ocrx_word' id='word_1_53' title='bbox 2394 931 2703 987; x_wconf 74' lang='lat' dir='ltr'>laudibus</span> <span class='ocrx_word' id='word_1_54' title='bbox 2738 931 2843 987; x_wconf 76' lang='lat' dir='ltr'>vel</span> <span class='ocrx_word' id='word_1_55' title='bbox 2878 935 3180 1003; x_wconf 68' lang='lat' dir='ltr'>gravata,</span> <span class='ocrx_word' id='word_1_56' title='bbox 3210 933 3314 990; x_wconf 74' lang='lat' dir='ltr'>vel</span> <span class='ocrx_word' id='word_1_57' title='bbox 3344 934 3595 1004; x_wconf 86' lang='lat' dir='ltr'>territa,</span> <span class='ocrx_word' id='word_1_58' title='bbox 3628 933 3767 990; x_wconf 89' lang='lat' dir='ltr'>mihi</span> 
     </span>
     <span class='ocr_line' id='line_1_6' title="bbox 713 1031 3770 1110; baseline 0.003 -23"><span class='ocrx_word' id='word_1_59' title='bbox 713 1031 1114 1104; x_wconf 72' lang='lat' dir='ltr'>indignando</span> <span class='ocrx_word' id='word_1_60' title='bbox 1165 1047 1590 1088; x_wconf 75' lang='lat' dir='ltr'>succenseas,</span> <span class='ocrx_word' id='word_1_61' title='bbox 1625 1031 1704 1089; x_wconf 81' lang='lat' dir='ltr'>L‘t</span> <span class='ocrx_word' id='word_1_62' title='bbox 1753 1037 1976 1089; x_wconf 88' lang='lat' dir='ltr'>autem</span> <span class='ocrx_word' id='word_1_63' title='bbox 2010 1049 2244 1090; x_wconf 78' lang='lat' dir='ltr'>verum</span> <span class='ocrx_word' id='word_1_64' title='bbox 2300 1032 2545 1105; x_wconf 74' lang='lat' dir='ltr'>fatear,</span> <span class='ocrx_word' id='word_1_65' title='bbox 2596 1034 2805 1090; x_wconf 89' lang='lat' dir='ltr'>multo</span> <span class='ocrx_word' id='word_1_66' title='bbox 2855 1034 3071 1106; x_wconf 77' lang='lat' dir='ltr'>magis</span> <span class='ocrx_word' id='word_1_67' title='bbox 3122 1034 3247 1092; x_wconf 89' lang='lat' dir='ltr'>tibi</span> <span class='ocrx_word' id='word_1_68' title='bbox 3280 1035 3545 1110; x_wconf 78' lang='lat' dir='ltr'>expedit</span> <span class='ocrx_word' id='word_1_69' title='bbox 3588 1043 3770 1095; x_wconf 86' lang='lat' dir='ltr'>terre·-</span> 
     </span>
     <span class='ocr_line' id='line_1_7' title="bbox 704 1136 3770 1212; baseline 0.001 -17"><span class='ocrx_word' id='word_1_70' title='bbox 704 1140 802 1208; x_wconf 90' lang='lat' dir='ltr'>ri,</span> <span class='ocrx_word' id='word_1_71' title='bbox 855 1154 1054 1211; x_wconf 85' lang='lat' dir='ltr'>quam</span> <span class='ocrx_word' id='word_1_72' title='bbox 1105 1136 1466 1198; x_wconf 82' lang='lat' dir='ltr'>delectari.</span> <span class='ocrx_word' id='word_1_73' title='bbox 1517 1137 1672 1194; x_wconf 89' lang='lat' dir='ltr'>dum</span> <span class='ocrx_word' id='word_1_74' title='bbox 1725 1138 2127 1195; x_wconf 78' lang='lat' dir='ltr'>omnimodis</span> <span class='ocrx_word' id='word_1_75' title='bbox 2161 1146 2461 1206; x_wconf 85' lang='lat' dir='ltr'>constet,</span> <span class='ocrx_word' id='word_1_76' title='bbox 2513 1138 2689 1212; x_wconf 86' lang='lat' dir='ltr'>quod</span> <span class='ocrx_word' id='word_1_77' title='bbox 2741 1139 2885 1197; x_wconf 89' lang='lat' dir='ltr'>sine</span> <span class='ocrx_word' id='word_1_78' title='bbox 2932 1140 3069 1197; x_wconf 73' lang='lat' dir='ltr'>vita</span> <span class='ocrx_word' id='word_1_79' title='bbox 3108 1138 3431 1197; x_wconf 79' lang='lat' dir='ltr'>laudabili</span> <span class='ocrx_word' id='word_1_80' title='bbox 3464 1139 3770 1198; x_wconf 86' lang='lat' dir='ltr'>laudabile</span> 
     </span>
     <span class='ocr_line' id='line_1_8' title="bbox 703 1240 3771 1317; baseline 0.001 -19"><span class='ocrx_word' id='word_1_81' title='bbox 703 1257 948 1298; x_wconf 83' lang='lat' dir='ltr'>nomen</span> <span class='ocrx_word' id='word_1_82' title='bbox 999 1240 1246 1299; x_wconf 84' lang='lat' dir='ltr'>habere</span> <span class='ocrx_word' id='word_1_83' title='bbox 1295 1242 1512 1306; x_wconf 73' lang='lat' dir='ltr'>velle,</span> <span class='ocrx_word' id='word_1_84' title='bbox 1563 1242 1946 1298; x_wconf 80' lang='lat' dir='ltr'>certissima</span> <span class='ocrx_word' id='word_1_85' title='bbox 1991 1242 2334 1300; x_wconf 87' lang='lat' dir='ltr'>damnatio</span> <span class='ocrx_word' id='word_1_86' title='bbox 2383 1244 2493 1300; x_wconf 87' lang='lat' dir='ltr'>sit.</span> <span class='ocrx_word' id='word_1_87' title='bbox 2544 1241 2827 1299; x_wconf 82' lang='lat' dir='ltr'>Proinde</span> <span class='ocrx_word' id='word_1_88' title='bbox 2874 1243 3194 1317; x_wconf 83' lang='lat' dir='ltr'>queniam</span> <span class='ocrx_word' id='word_1_89' title='bbox 3245 1243 3312 1300; x_wconf 89' lang='lat' dir='ltr'>in</span> <span class='ocrx_word' id='word_1_90' title='bbox 3356 1244 3539 1301; x_wconf 87' lang='lat' dir='ltr'>omni</span> <span class='ocrx_word' id='word_1_91' title='bbox 3584 1258 3771 1317; x_wconf 82' lang='lat' dir='ltr'>agone</span> 
     </span>
     <span class='ocr_line' id='line_1_9' title="bbox 707 1345 3766 1426; baseline -0 -18"><span class='ocrx_word' id='word_1_92' title='bbox 707 1350 1108 1416; x_wconf 78' lang='lat' dir='ltr'>christiano,</span> <span class='ocrx_word' id='word_1_93' title='bbox 1163 1351 1266 1406; x_wconf 73' lang='lat' dir='ltr'>vir</span> <span class='ocrx_word' id='word_1_94' title='bbox 1299 1365 1600 1407; x_wconf 85' lang='lat' dir='ltr'>summae</span> <span class='ocrx_word' id='word_1_95' title='bbox 1649 1349 2083 1423; x_wconf 78' lang='lat' dir='ltr'>perfectionis</span> <span class='ocrx_word' id='word_1_96' title='bbox 2116 1350 2299 1408; x_wconf 85' lang='lat' dir='ltr'>dicit:</span> <span class='ocrx_word' id='word_1_97' title='bbox 2338 1351 2465 1426; x_wconf 66' lang='lat'>1330</span> <span class='ocrx_word' id='word_1_98' title='bbox 2498 1369 2600 1408; x_wconf 81' lang='lat' dir='ltr'>me</span> <span class='ocrx_word' id='word_1_99' title='bbox 2636 1368 2763 1407; x_wconf 77' lang='lat' dir='ltr'>non</span> <span class='ocrx_word' id='word_1_100' title='bbox 2800 1350 3085 1407; x_wconf 71' lang='lat' dir='ltr'>arbitror</span> <span class='ocrx_word' id='word_1_101' title='bbox 3118 1349 3697 1425; x_wconf 72' lang='lat' dir='ltr'>comprehendisse,</span> <span class='ocrx_word' id='word_1_102' title='bbox 3724 1345 3766 1426; x_wconf 57' lang='grc' dir='ltr'>ἵ)</span> 
     </span>
     <span class='ocr_line' id='line_1_10' title="bbox 709 1447 3771 1529; baseline -0.001 -17"><span class='ocrx_word' id='word_1_103' title='bbox 709 1460 778 1512; x_wconf 81' lang='lat' dir='ltr'>et</span> <span class='ocrx_word' id='word_1_104' title='bbox 831 1454 984 1511; x_wconf 75' lang='lat' dir='ltr'>item</span> <span class='ocrx_word' id='word_1_105' title='bbox 1037 1454 1360 1526; x_wconf 76' lang='lat' dir='ltr'>scriptum</span> <span class='ocrx_word' id='word_1_106' title='bbox 1411 1459 1536 1510; x_wconf 77' lang='lat' dir='ltr'>est:</span> <span class='ocrx_word' id='word_1_107' title='bbox 1593 1454 1754 1512; x_wconf 80' lang='lat' dir='ltr'>Cum</span> <span class='ocrx_word' id='word_1_108' title='bbox 1805 1456 2386 1521; x_wconf 68' lang='lat' dir='ltr'>consummaverit,</span> <span class='ocrx_word' id='word_1_109' title='bbox 2436 1458 2621 1511; x_wconf 77' lang='lat' dir='ltr'>homo</span> <span class='ocrx_word' id='word_1_110' title='bbox 2662 1461 2821 1511; x_wconf 71' lang='lat' dir='ltr'>time</span> <span class='ocrx_word' id='word_1_111' title='bbox 2868 1456 3127 1529; x_wconf 71' lang='lat' dir='ltr'>incipit,</span> <span class='ocrx_word' id='word_1_112' title='bbox 3160 1447 3211 1528; x_wconf 67' lang='lat'>³)</span> <span class='ocrx_word' id='word_1_113' title='bbox 3259 1457 3327 1511; x_wconf 72' lang='lat' dir='ltr'>et</span> <span class='ocrx_word' id='word_1_114' title='bbox 3358 1453 3519 1527; x_wconf 80' lang='lat' dir='ltr'>quia</span> <span class='ocrx_word' id='word_1_115' title='bbox 3566 1467 3771 1510; x_wconf 74' lang='lat' dir='ltr'>secun-</span> 
     </span>
     <span class='ocr_line' id='line_1_11' title="bbox 707 1554 3774 1631; baseline 0 -19"><span class='ocrx_word' id='word_1_116' title='bbox 707 1555 864 1612; x_wconf 89' lang='lat' dir='ltr'>dum</span> <span class='ocrx_word' id='word_1_117' title='bbox 917 1554 1268 1628; x_wconf 82' lang='lat' dir='ltr'>quemdam</span> <span class='ocrx_word' id='word_1_118' title='bbox 1307 1556 1714 1628; x_wconf 78' lang='lat' dir='ltr'>sapientem,</span> <span class='ocrx_word' id='word_1_119' title='bbox 1770 1555 2000 1612; x_wconf 89' lang='lat' dir='ltr'>laudes</span> <span class='ocrx_word' id='word_1_120' title='bbox 2036 1555 2363 1626; x_wconf 72' lang='lat' dir='ltr'>hominiS,</span> <span class='ocrx_word' id='word_1_121' title='bbox 2417 1557 2473 1613; x_wconf 88' lang='lat' dir='ltr'>si</span> <span class='ocrx_word' id='word_1_122' title='bbox 2508 1571 2709 1613; x_wconf 74' lang='lat' dir='ltr'>verae</span> <span class='ocrx_word' id='word_1_123' title='bbox 2758 1563 2935 1628; x_wconf 89' lang='lat' dir='ltr'>sunt,</span> <span class='ocrx_word' id='word_1_124' title='bbox 2974 1557 3335 1631; x_wconf 85' lang='lat' dir='ltr'>praeconia</span> <span class='ocrx_word' id='word_1_125' title='bbox 3370 1560 3549 1626; x_wconf 73' lang='lat' dir='ltr'>sunt3</span> <span class='ocrx_word' id='word_1_126' title='bbox 3585 1556 3640 1613; x_wconf 91' lang='lat' dir='ltr'>si</span> <span class='ocrx_word' id='word_1_127' title='bbox 3672 1554 3774 1613; x_wconf 81' lang='lat' dir='ltr'>fal-</span> 
     </span>
     <span class='ocr_line' id='line_1_12' title="bbox 710 1659 3771 1734; baseline -0.001 -15"><span class='ocrx_word' id='word_1_128' title='bbox 710 1677 854 1728; x_wconf 86' lang='lat' dir='ltr'>sae,</span> <span class='ocrx_word' id='word_1_129' title='bbox 890 1662 1201 1718; x_wconf 86' lang='lat' dir='ltr'>crimina:</span> <span class='ocrx_word' id='word_1_130' title='bbox 1239 1667 1448 1719; x_wconf 86' lang='lat' dir='ltr'>restat</span> <span class='ocrx_word' id='word_1_131' title='bbox 1499 1665 1569 1718; x_wconf 91' lang='lat' dir='ltr'>ut</span> <span class='ocrx_word' id='word_1_132' title='bbox 1605 1676 1796 1718; x_wconf 90' lang='lat' dir='ltr'>nemo</span> <span class='ocrx_word' id='word_1_133' title='bbox 1845 1661 2155 1734; x_wconf 75' lang='lat' dir='ltr'>quamvis</span> <span class='ocrx_word' id='word_1_134' title='bbox 2204 1662 2449 1720; x_wconf 87' lang='lat' dir='ltr'>nullius</span> <span class='ocrx_word' id='word_1_135' title='bbox 2502 1661 2821 1719; x_wconf 78' lang='lat' dir='ltr'>facinoris</span> <span class='ocrx_word' id='word_1_136' title='bbox 2854 1677 2975 1719; x_wconf 87' lang='lat' dir='ltr'>seu</span> <span class='ocrx_word' id='word_1_137' title='bbox 3024 1660 3261 1734; x_wconf 82' lang='lat' dir='ltr'>flagitii</span> <span class='ocrx_word' id='word_1_138' title='bbox 3308 1659 3443 1717; x_wconf 87' lang='lat' dir='ltr'>sibi</span> <span class='ocrx_word' id='word_1_139' title='bbox 3490 1660 3771 1717; x_wconf 87' lang='lat' dir='ltr'>conscius</span> 
     </span>
     <span class='ocr_line' id='line_1_13' title="bbox 709 1761 3777 1840; baseline -0.002 -18"><span class='ocrx_word' id='word_1_140' title='bbox 709 1768 817 1836; x_wconf 83' lang='lat' dir='ltr'>sit,</span> <span class='ocrx_word' id='word_1_141' title='bbox 859 1765 1237 1839; x_wconf 82' lang='lat' dir='ltr'>superbiat,</span> <span class='ocrx_word' id='word_1_142' title='bbox 1291 1765 1403 1822; x_wconf 88' lang='lat' dir='ltr'>sed</span> <span class='ocrx_word' id='word_1_143' title='bbox 1445 1766 1680 1822; x_wconf 88' lang='lat' dir='ltr'>timeat</span> <span class='ocrx_word' id='word_1_144' title='bbox 1715 1765 1996 1838; x_wconf 82' lang='lat' dir='ltr'>quilibet</span> <span class='ocrx_word' id='word_1_145' title='bbox 2050 1765 2115 1821; x_wconf 88' lang='lat' dir='ltr'>in</span> <span class='ocrx_word' id='word_1_146' title='bbox 2164 1764 2465 1838; x_wconf 79' lang='lat' dir='ltr'>prosectu</span> <span class='ocrx_word' id='word_1_147' title='bbox 2499 1767 2784 1840; x_wconf 82' lang='lat' dir='ltr'>posituS,</span> <span class='ocrx_word' id='word_1_148' title='bbox 2820 1763 3159 1822; x_wconf 79' lang='lat' dir='ltr'>desideret</span> <span class='ocrx_word' id='word_1_149' title='bbox 3189 1768 3257 1820; x_wconf 90' lang='lat' dir='ltr'>et</span> <span class='ocrx_word' id='word_1_150' title='bbox 3290 1761 3559 1820; x_wconf 82' lang='lat' dir='ltr'>studeat</span> <span class='ocrx_word' id='word_1_151' title='bbox 3590 1761 3777 1835; x_wconf 83' lang='lat' dir='ltr'>major</span> 
     </span>
     <span class='ocr_line' id='line_1_14' title="bbox 709 1866 3771 1944; baseline -0.002 -17"><span class='ocrx_word' id='word_1_152' title='bbox 709 1870 942 1927; x_wconf 87' lang='lat' dir='ltr'>haberi</span> <span class='ocrx_word' id='word_1_153' title='bbox 991 1884 1191 1944; x_wconf 88' lang='lat' dir='ltr'>opere</span> <span class='ocrx_word' id='word_1_154' title='bbox 1239 1884 1442 1942; x_wconf 88' lang='lat' dir='ltr'>quam</span> <span class='ocrx_word' id='word_1_155' title='bbox 1487 1870 1776 1934; x_wconf 85' lang='lat' dir='ltr'>nomine;</span> <span class='ocrx_word' id='word_1_156' title='bbox 1816 1884 1945 1925; x_wconf 92' lang='lat' dir='ltr'>non</span> <span class='ocrx_word' id='word_1_157' title='bbox 1997 1869 2062 1925; x_wconf 90' lang='lat' dir='ltr'>in</span> <span class='ocrx_word' id='word_1_158' title='bbox 2098 1883 2169 1924; x_wconf 91' lang='lat' dir='ltr'>se</span> <span class='ocrx_word' id='word_1_159' title='bbox 2220 1870 2528 1938; x_wconf 82' lang='lat' dir='ltr'>ruinose,</span> <span class='ocrx_word' id='word_1_160' title='bbox 2587 1868 2705 1927; x_wconf 88' lang='lat' dir='ltr'>sed</span> <span class='ocrx_word' id='word_1_161' title='bbox 2756 1869 2822 1926; x_wconf 90' lang='lat' dir='ltr'>in</span> <span class='ocrx_word' id='word_1_162' title='bbox 2852 1867 3134 1926; x_wconf 91' lang='lat' dir='ltr'>Domino</span> <span class='ocrx_word' id='word_1_163' title='bbox 3184 1866 3398 1925; x_wconf 88' lang='lat' dir='ltr'>solide</span> <span class='ocrx_word' id='word_1_164' title='bbox 3448 1867 3771 1940; x_wconf 81' lang='lat' dir='ltr'>glorietur,</span> 
     </span>
     <span class='ocr_line' id='line_1_15' title="bbox 709 1968 3773 2049; baseline -0.001 -18"><span class='ocrx_word' id='word_1_165' title='bbox 709 1975 866 2049; x_wconf 89' lang='lat' dir='ltr'>quia</span> <span class='ocrx_word' id='word_1_166' title='bbox 917 1991 1045 2032; x_wconf 88' lang='lat' dir='ltr'>non</span> <span class='ocrx_word' id='word_1_167' title='bbox 1080 1975 1194 2048; x_wconf 90' lang='lat' dir='ltr'>qui</span> <span class='ocrx_word' id='word_1_168' title='bbox 1247 1989 1342 2042; x_wconf 86' lang='lat' dir='ltr'>se,</span> <span class='ocrx_word' id='word_1_169' title='bbox 1381 1971 1496 2028; x_wconf 86' lang='lat' dir='ltr'>sed</span> <span class='ocrx_word' id='word_1_170' title='bbox 1532 1987 1730 2045; x_wconf 90' lang='lat' dir='ltr'>quem</span> <span class='ocrx_word' id='word_1_171' title='bbox 1767 1971 1940 2029; x_wconf 88' lang='lat' dir='ltr'>Deus</span> <span class='ocrx_word' id='word_1_172' title='bbox 1973 1971 2423 2040; x_wconf 89' lang='lat' dir='ltr'>commendat,</span> <span class='ocrx_word' id='word_1_173' title='bbox 2460 1973 2573 2031; x_wconf 90' lang='lat' dir='ltr'>ille</span> <span class='ocrx_word' id='word_1_174' title='bbox 2608 1971 2931 2047; x_wconf 87' lang='lat' dir='ltr'>probatus</span> <span class='ocrx_word' id='word_1_175' title='bbox 2966 1977 3091 2030; x_wconf 90' lang='lat' dir='ltr'>est.</span> <span class='ocrx_word' id='word_1_176' title='bbox 3122 1968 3173 2046; x_wconf 79' lang='lat'>⁴)</span> <span class='ocrx_word' id='word_1_177' title='bbox 3209 1971 3367 2029; x_wconf 74' lang='lat' dir='ltr'>Vale</span> <span class='ocrx_word' id='word_1_178' title='bbox 3401 1972 3472 2029; x_wconf 87' lang='lat' dir='ltr'>in</span> <span class='ocrx_word' id='word_1_179' title='bbox 3506 1970 3773 2040; x_wconf 84' lang='lat' dir='ltr'>Christo,</span> 
     </span>
     <span class='ocr_line' id='line_1_16' title="bbox 715 2076 3459 2152; baseline -0.001 -14"><span class='ocrx_word' id='word_1_180' title='bbox 715 2087 930 2138; x_wconf 85' lang='lat' dir='ltr'>mater</span> <span class='ocrx_word' id='word_1_181' title='bbox 964 2079 1400 2145; x_wconf 78' lang='lat' dir='ltr'>venerabiliS,</span> <span class='ocrx_word' id='word_1_182' title='bbox 1436 2078 1700 2152; x_wconf 87' lang='lat' dir='ltr'>meique</span> <span class='ocrx_word' id='word_1_183' title='bbox 1733 2085 1800 2134; x_wconf 91' lang='lat' dir='ltr'>et</span> <span class='ocrx_word' id='word_1_184' title='bbox 1837 2092 2208 2135; x_wconf 89' lang='lat' dir='ltr'>memorum</span> <span class='ocrx_word' id='word_1_185' title='bbox 2241 2079 2339 2136; x_wconf 91' lang='lat' dir='ltr'>tui</span> <span class='ocrx_word' id='word_1_186' title='bbox 2374 2084 2707 2136; x_wconf 89' lang='lat' dir='ltr'>memento</span> <span class='ocrx_word' id='word_1_187' title='bbox 2744 2079 2809 2135; x_wconf 91' lang='lat' dir='ltr'>iu</span> <span class='ocrx_word' id='word_1_188' title='bbox 2840 2077 3263 2136; x_wconf 87' lang='lat' dir='ltr'>orationibus</span> <span class='ocrx_word' id='word_1_189' title='bbox 3295 2076 3459 2134; x_wconf 76' lang='lat' dir='ltr'>tuiS-</span> 
     </span>
    </p>
   </div>
   <div class='ocr_carea' id='block_1_3' title="bbox 1911 2295 2610 2367">
    <p class='ocr_par' dir='ltr' id='par_1_3' title="bbox 1911 2295 2610 2367">
     <span class='ocr_line' id='line_1_17' title="bbox 1911 2295 2610 2367; baseline -0.003 0"><span class='ocrx_word' id='word_1_190' title='bbox 1911 2295 2166 2367; x_wconf 86' lang='lat' dir='ltr'><strong>XVII.</strong></span> <span class='ocrx_word' id='word_1_191' title='bbox 2196 2336 2290 2347; x_wconf 92' lang='lat'>—</span> <span class='ocrx_word' id='word_1_192' title='bbox 2323 2295 2610 2366; x_wconf 83' lang='lat' dir='ltr'>XVIII.</span> 
     </span>
    </p>
   </div>
   <div class='ocr_carea' id='block_1_4' title="bbox 1557 2512 2965 2594">
    <p class='ocr_par' dir='ltr' id='par_1_4' title="bbox 1557 2512 2965 2594">
     <span class='ocr_line' id='line_1_18' title="bbox 1557 2512 2965 2594; baseline 0 -18"><span class='ocrx_word' id='word_1_193' title='bbox 1557 2518 1948 2594; x_wconf 73' lang='lat' dir='ltr'>Hildeqardi</span> <span class='ocrx_word' id='word_1_194' title='bbox 1983 2516 2339 2576; x_wconf 81' lang='lat' dir='ltr'>Guibertus</span> <span class='ocrx_word' id='word_1_195' title='bbox 2376 2515 2882 2576; x_wconf 79' lang='lat' dir='ltr'>Gemblacensis.</span> <span class='ocrx_word' id='word_1_196' title='bbox 2918 2512 2965 2592; x_wconf 70' lang='grc' dir='ltr'>ς)</span> 
     </span>
    </p>
   </div>
   <div class='ocr_carea' id='block_1_5' title="bbox 712 2717 3777 2877">
    <p class='ocr_par' dir='ltr' id='par_1_5' title="bbox 712 2717 3777 2877">
     <span class='ocr_line' id='line_1_19' title="bbox 712 2717 3777 2790; baseline -0.002 -11"><span class='ocrx_word' id='word_1_197' title='bbox 712 2723 1024 2779; x_wconf 84' lang='lat' dir='ltr'>Gnibertus</span> <span class='ocrx_word' id='word_1_198' title='bbox 1061 2725 1253 2776; x_wconf 79' lang='lat' dir='ltr'>actum</span> <span class='ocrx_word' id='word_1_199' title='bbox 1293 2719 1403 2774; x_wconf 84' lang='lat' dir='ltr'>iter</span> <span class='ocrx_word' id='word_1_200' title='bbox 1441 2723 1738 2780; x_wconf 79' lang='lat' dir='ltr'>memorat,</span> <span class='ocrx_word' id='word_1_201' title='bbox 1779 2734 1989 2773; x_wconf 72' lang='lat' dir='ltr'>novum</span> <span class='ocrx_word' id='word_1_202' title='bbox 2027 2723 2236 2790; x_wconf 76' lang='lat' dir='ltr'>sperat,</span> <span class='ocrx_word' id='word_1_203' title='bbox 2278 2718 2573 2790; x_wconf 77' lang='lat' dir='ltr'>variasque</span> <span class='ocrx_word' id='word_1_204' title='bbox 2610 2718 2798 2773; x_wconf 85' lang='lat' dir='ltr'>mittit</span> <span class='ocrx_word' id='word_1_205' title='bbox 2831 2717 3197 2788; x_wconf 58' lang='lat' dir='ltr'>quaestiones</span> <span class='ocrx_word' id='word_1_206' title='bbox 3228 2718 3568 2782; x_wconf 79' lang='lat' dir='ltr'>xxxvm.</span> <span class='ocrx_word' id='word_1_207' title='bbox 3596 2719 3777 2775; x_wconf 80' lang='lat' dir='ltr'>hislit-</span> 
     </span>
     <span class='ocr_line' id='line_1_20' title="bbox 795 2804 2259 2877; baseline -0.003 -14"><span class='ocrx_word' id='word_1_208' title='bbox 795 2810 932 2864; x_wconf 84' lang='lat' dir='ltr'>teris</span> <span class='ocrx_word' id='word_1_209' title='bbox 959 2808 1271 2877; x_wconf 73' lang='lat' dir='ltr'>subjectas.</span> <span class='ocrx_word' id='word_1_210' title='bbox 1299 2805 1513 2860; x_wconf 75' lang='lat' dir='ltr'>inserto</span> <span class='ocrx_word' id='word_1_211' title='bbox 1536 2804 1803 2876; x_wconf 82' lang='lat' dir='ltr'>epistolio</span> <span class='ocrx_word' id='word_1_212' title='bbox 1827 2805 2259 2859; x_wconf 69' lang='lat' dir='ltr'>villarensium.</span> 
     </span>
    </p>
   </div>
   <div class='ocr_carea' id='block_1_6' title="bbox 1829 3011 2679 3085">
    <p class='ocr_par' dir='ltr' id='par_1_6' title="bbox 1829 3011 2679 3085">
     <span class='ocr_line' id='line_1_21' title="bbox 1829 3011 2679 3085; baseline 0 -17"><span class='ocrx_word' id='word_1_213' title='bbox 1829 3030 1884 3068; x_wconf 74' lang='lat' dir='ltr'>a.</span> <span class='ocrx_word' id='word_1_214' title='bbox 1926 3014 2109 3076; x_wconf 83' lang='lat'><em>1178,</em></span> <span class='ocrx_word' id='word_1_215' title='bbox 2134 3015 2197 3068; x_wconf 77' lang='lat' dir='ltr'>in</span> <span class='ocrx_word' id='word_1_216' title='bbox 2222 3011 2679 3085; x_wconf 67' lang='lat' dir='ltr'>Quadouqesim.</span> 
     </span>
    </p>
   </div>
   <div class='ocr_carea' id='block_1_7' title="bbox 717 3212 3795 4539">
    <p class='ocr_par' dir='ltr' id='par_1_7' title="bbox 717 3212 3782 3383">
     <span class='ocr_line' id='line_1_22' title="bbox 803 3212 3782 3287; baseline -0.002 -11"><span class='ocrx_word' id='word_1_217' title='bbox 803 3216 1279 3277; x_wconf 82' lang='lat' dir='ltr'>Sanctissimae</span> <span class='ocrx_word' id='word_1_218' title='bbox 1331 3215 1530 3274; x_wconf 88' lang='lat' dir='ltr'>matri</span> <span class='ocrx_word' id='word_1_219' title='bbox 1562 3220 1630 3273; x_wconf 89' lang='lat' dir='ltr'>et</span> <span class='ocrx_word' id='word_1_220' title='bbox 1676 3213 1983 3272; x_wconf 88' lang='lat' dir='ltr'>dominae</span> <span class='ocrx_word' id='word_1_221' title='bbox 2020 3229 2182 3271; x_wconf 89' lang='lat' dir='ltr'>suae</span> <span class='ocrx_word' id='word_1_222' title='bbox 2234 3212 2642 3287; x_wconf 82' lang='lat' dir='ltr'>Hildegardi,</span> <span class='ocrx_word' id='word_1_223' title='bbox 2692 3214 3040 3273; x_wconf 72' lang='lat' dir='ltr'>VVibertus</span> <span class='ocrx_word' id='word_1_224' title='bbox 3090 3215 3361 3275; x_wconf 82' lang='lat' dir='ltr'>filialem</span> <span class='ocrx_word' id='word_1_225' title='bbox 3395 3231 3554 3275; x_wconf 87' lang='lat' dir='ltr'>cum</span> <span class='ocrx_word' id='word_1_226' title='bbox 3588 3214 3782 3274; x_wconf 81' lang='lat' dir='ltr'>debita</span> 
     </span>
     <span class='ocr_line' id='line_1_23' title="bbox 717 3319 1542 3383; baseline -0.007 0"><span class='ocrx_word' id='word_1_227' title='bbox 717 3322 1092 3383; x_wconf 79' lang='lat' dir='ltr'>reverentia</span> <span class='ocrx_word' id='word_1_228' title='bbox 1127 3319 1542 3378; x_wconf 89' lang='lat' dir='ltr'>servitutem.</span> 
     </span>
    </p>

    <p class='ocr_par' dir='ltr' id='par_1_8' title="bbox 721 3421 3795 4539">
     <span class='ocr_line' id='line_1_24' title="bbox 808 3421 3787 3498; baseline -0.002 -12"><span class='ocrx_word' id='word_1_229' title='bbox 808 3424 1191 3487; x_wconf 81' lang='lat' dir='ltr'>Autumnali</span> <span class='ocrx_word' id='word_1_230' title='bbox 1241 3426 1565 3497; x_wconf 86' lang='lat' dir='ltr'>tempore,</span> <span class='ocrx_word' id='word_1_231' title='bbox 1597 3439 1636 3481; x_wconf 89' lang='lat' dir='ltr'>a</span> <span class='ocrx_word' id='word_1_232' title='bbox 1670 3421 2082 3480; x_wconf 88' lang='lat' dir='ltr'>beatitudine</span> <span class='ocrx_word' id='word_1_233' title='bbox 2117 3427 2229 3479; x_wconf 90' lang='lat' dir='ltr'>tua</span> <span class='ocrx_word' id='word_1_234' title='bbox 2266 3437 2647 3495; x_wconf 76' lang='lat' dir='ltr'>regressuS,</span> <span class='ocrx_word' id='word_1_235' title='bbox 2686 3423 3075 3498; x_wconf 86' lang='lat' dir='ltr'>priusquam</span> <span class='ocrx_word' id='word_1_236' title='bbox 3112 3423 3178 3482; x_wconf 91' lang='lat' dir='ltr'>iu</span> <span class='ocrx_word' id='word_1_237' title='bbox 3210 3423 3602 3483; x_wconf 84' lang='lat' dir='ltr'>cubiculum</span> <span class='ocrx_word' id='word_1_238' title='bbox 3634 3421 3787 3497; x_wconf 78' lang='lat' dir='ltr'>geni·</span> 
     </span>
     <span class='ocr_line' id='line_1_25' title="bbox 721 3524 3788 3599; baseline -0.003 -9"><span class='ocrx_word' id='word_1_239' title='bbox 721 3532 911 3591; x_wconf 88' lang='lat' dir='ltr'>tricis</span> <span class='ocrx_word' id='word_1_240' title='bbox 948 3544 1169 3599; x_wconf 89' lang='lat' dir='ltr'>meae,</span> <span class='ocrx_word' id='word_1_241' title='bbox 1221 3525 1719 3585; x_wconf 88' lang='lat' dir='ltr'>Gemblacensis</span> <span class='ocrx_word' id='word_1_242' title='bbox 1754 3524 2067 3582; x_wconf 84' lang='lat' dir='ltr'>videlicet</span> <span class='ocrx_word' id='word_1_243' title='bbox 2112 3525 2462 3597; x_wconf 87' lang='lat' dir='ltr'>ecclesiae,</span> <span class='ocrx_word' id='word_1_244' title='bbox 2516 3541 2622 3582; x_wconf 89' lang='lat' dir='ltr'>me</span> <span class='ocrx_word' id='word_1_245' title='bbox 2672 3524 3016 3598; x_wconf 83' lang='lat' dir='ltr'>referrem,</span> <span class='ocrx_word' id='word_1_246' title='bbox 3051 3525 3135 3584; x_wconf 88' lang='lat' dir='ltr'>ad</span> <span class='ocrx_word' id='word_1_247' title='bbox 3170 3526 3550 3585; x_wconf 73' lang='lat' dir='ltr'>villarense</span> <span class='ocrx_word' id='word_1_248' title='bbox 3580 3539 3788 3584; x_wconf 88' lang='lat' dir='ltr'>coeno-</span> 
     </span>
     <span class='ocr_line' id='line_1_26' title="bbox 723 3627 3784 3706; baseline -0.002 -12"><span class='ocrx_word' id='word_1_249' title='bbox 723 3637 928 3704; x_wconf 86' lang='lat' dir='ltr'>bium,</span> <span class='ocrx_word' id='word_1_250' title='bbox 966 3630 1549 3689; x_wconf 82' lang='lat' dir='ltr'>reverentissimos</span> <span class='ocrx_word' id='word_1_251' title='bbox 1595 3627 1861 3701; x_wconf 77' lang='lat' dir='ltr'>fratreS,</span> <span class='ocrx_word' id='word_1_252' title='bbox 1890 3627 2199 3686; x_wconf 88' lang='lat' dir='ltr'>dominos</span> <span class='ocrx_word' id='word_1_253' title='bbox 2227 3644 2412 3686; x_wconf 87' lang='lat' dir='ltr'>meos</span> <span class='ocrx_word' id='word_1_254' title='bbox 2434 3629 2785 3686; x_wconf 79' lang='lat' dir='ltr'>visitatum</span> <span class='ocrx_word' id='word_1_255' title='bbox 2817 3628 3083 3687; x_wconf 81' lang='lat' dir='ltr'>diverti.</span> <span class='ocrx_word' id='word_1_256' title='bbox 3119 3629 3242 3689; x_wconf 90' lang='lat' dir='ltr'>Ubi</span> <span class='ocrx_word' id='word_1_257' title='bbox 3275 3631 3556 3706; x_wconf 89' lang='lat' dir='ltr'>saepius</span> <span class='ocrx_word' id='word_1_258' title='bbox 3587 3642 3784 3689; x_wconf 82' lang='lat' dir='ltr'>coram</span> 
     </span>
     <span class='ocr_line' id='line_1_27' title="bbox 722 3728 3788 3809; baseline -0.002 -13"><span class='ocrx_word' id='word_1_259' title='bbox 722 3737 965 3796; x_wconf 81' lang='lat' dir='ltr'>abbate</span> <span class='ocrx_word' id='word_1_260' title='bbox 995 3729 1042 3809; x_wconf 82' lang='lat'>⁶)</span> <span class='ocrx_word' id='word_1_261' title='bbox 1078 3737 1146 3790; x_wconf 91' lang='lat' dir='ltr'>et</span> <span class='ocrx_word' id='word_1_262' title='bbox 1196 3732 1362 3805; x_wconf 83' lang='lat' dir='ltr'>ipsis</span> <span class='ocrx_word' id='word_1_263' title='bbox 1398 3729 1721 3789; x_wconf 82' lang='lat' dir='ltr'>fratribus</span> <span class='ocrx_word' id='word_1_264' title='bbox 1758 3732 2002 3789; x_wconf 88' lang='lat' dir='ltr'>relecta</span> <span class='ocrx_word' id='word_1_265' title='bbox 2049 3728 2097 3806; x_wconf 77' lang='lat'>⁷)</span> <span class='ocrx_word' id='word_1_266' title='bbox 2134 3730 2443 3804; x_wconf 89' lang='lat' dir='ltr'>epistola,</span> <span class='ocrx_word' id='word_1_267' title='bbox 2494 3746 2697 3805; x_wconf 88' lang='lat' dir='ltr'>quam</span> <span class='ocrx_word' id='word_1_268' title='bbox 2745 3730 2909 3788; x_wconf 89' lang='lat' dir='ltr'>mihi</span> <span class='ocrx_word' id='word_1_269' title='bbox 2956 3746 3076 3805; x_wconf 90' lang='lat' dir='ltr'>per</span> <span class='ocrx_word' id='word_1_270' title='bbox 3115 3730 3462 3791; x_wconf 89' lang='lat' dir='ltr'>dominum</span> <span class='ocrx_word' id='word_1_271' title='bbox 3512 3732 3788 3808; x_wconf 85' lang='lat' dir='ltr'>Sigerum</span> 
     </span>
     <span class='ocr_line' id='line_1_28' title="bbox 725 3832 3788 3909; baseline -0.003 -10"><span class='ocrx_word' id='word_1_272' title='bbox 725 3839 1018 3899; x_wconf 88' lang='lat' dir='ltr'>nobilem</span> <span class='ocrx_word' id='word_1_273' title='bbox 1044 3835 1264 3894; x_wconf 86' lang='lat' dir='ltr'>virum</span> <span class='ocrx_word' id='word_1_274' title='bbox 1294 3834 1798 3903; x_wconf 70' lang='lat' dir='ltr'>transmiseras»,</span> <span class='ocrx_word' id='word_1_275' title='bbox 1826 3840 1893 3892; x_wconf 90' lang='lat' dir='ltr'>et</span> <span class='ocrx_word' id='word_1_276' title='bbox 1920 3833 2155 3892; x_wconf 85' lang='lat' dir='ltr'>relatis</span> <span class='ocrx_word' id='word_1_277' title='bbox 2190 3833 2562 3891; x_wconf 90' lang='lat' dir='ltr'>rationibus</span> <span class='ocrx_word' id='word_1_278' title='bbox 2588 3849 2754 3908; x_wconf 86' lang='lat' dir='ltr'>quas</span> <span class='ocrx_word' id='word_1_279' title='bbox 2790 3832 2953 3893; x_wconf 89' lang='lat' dir='ltr'>mihi</span> <span class='ocrx_word' id='word_1_280' title='bbox 2986 3835 3334 3909; x_wconf 81' lang='lat' dir='ltr'>quaerenti</span> <span class='ocrx_word' id='word_1_281' title='bbox 3367 3834 3451 3893; x_wconf 91' lang='lat' dir='ltr'>de</span> <span class='ocrx_word' id='word_1_282' title='bbox 3486 3832 3713 3895; x_wconf 80' lang='lat' dir='ltr'>multis</span> <span class='ocrx_word' id='word_1_283' title='bbox 3736 3833 3788 3891; x_wconf 89' lang='lat' dir='ltr'>in</span> 
     </span>
     <span class='ocr_line' id='line_1_29' title="bbox 728 3939 3789 4017; baseline -0.004 -11"><span class='ocrx_word' id='word_1_284' title='bbox 728 3946 989 4006; x_wconf 91' lang='lat' dir='ltr'>tantillo</span> <span class='ocrx_word' id='word_1_285' title='bbox 1037 3941 1360 4017; x_wconf 85' lang='lat' dir='ltr'>temporis</span> <span class='ocrx_word' id='word_1_286' title='bbox 1394 3939 1719 4014; x_wconf 86' lang='lat' dir='ltr'>spatiolo,</span> <span class='ocrx_word' id='word_1_287' title='bbox 1755 3955 1886 4014; x_wconf 91' lang='lat' dir='ltr'>quo</span> <span class='ocrx_word' id='word_1_288' title='bbox 1921 3940 2095 4014; x_wconf 91' lang='lat' dir='ltr'>apud</span> <span class='ocrx_word' id='word_1_289' title='bbox 2131 3943 2193 3998; x_wconf 89' lang='lat' dir='ltr'>te</span> <span class='ocrx_word' id='word_1_290' title='bbox 2227 3940 2335 3997; x_wconf 87' lang='lat' dir='ltr'>die</span> <span class='ocrx_word' id='word_1_291' title='bbox 2368 3945 2701 4014; x_wconf 89' lang='lat' dir='ltr'>noctuque</span> <span class='ocrx_word' id='word_1_292' title='bbox 2733 3939 2815 3997; x_wconf 91' lang='lat' dir='ltr'>de</span> <span class='ocrx_word' id='word_1_293' title='bbox 2852 3955 2971 3997; x_wconf 88' lang='lat' dir='ltr'>ore</span> <span class='ocrx_word' id='word_1_294' title='bbox 3004 3944 3117 3999; x_wconf 89' lang='lat' dir='ltr'>tuo</span> <span class='ocrx_word' id='word_1_295' title='bbox 3150 3939 3490 4000; x_wconf 88' lang='lat' dir='ltr'>inhianter</span> <span class='ocrx_word' id='word_1_296' title='bbox 3524 3939 3789 4015; x_wconf 87' lang='lat' dir='ltr'>pendens</span> 
     </span>
     <span class='ocr_line' id='line_1_30' title="bbox 725 4043 3788 4121; baseline -0.003 -10"><span class='ocrx_word' id='word_1_297' title='bbox 725 4064 1140 4121; x_wconf 84' lang='lat' dir='ltr'>manseram,</span> <span class='ocrx_word' id='word_1_298' title='bbox 1192 4048 1256 4105; x_wconf 94' lang='lat' dir='ltr'>in</span> <span class='ocrx_word' id='word_1_299' title='bbox 1307 4044 1635 4121; x_wconf 87' lang='lat' dir='ltr'>sapientia</span> <span class='ocrx_word' id='word_1_300' title='bbox 1684 4060 1856 4118; x_wconf 91' lang='lat' dir='ltr'>quae</span> <span class='ocrx_word' id='word_1_301' title='bbox 1905 4044 2025 4102; x_wconf 91' lang='lat' dir='ltr'>tibi</span> <span class='ocrx_word' id='word_1_302' title='bbox 2076 4043 2232 4102; x_wconf 88' lang='lat' dir='ltr'>data</span> <span class='ocrx_word' id='word_1_303' title='bbox 2267 4049 2392 4114; x_wconf 89' lang='lat' dir='ltr'>est,</span> <span class='ocrx_word' id='word_1_304' title='bbox 2432 4043 2842 4115; x_wconf 77' lang='lat' dir='ltr'>reddideraS,</span> <span class='ocrx_word' id='word_1_305' title='bbox 2893 4058 3125 4102; x_wconf 90' lang='lat' dir='ltr'>eorum</span> <span class='ocrx_word' id='word_1_306' title='bbox 3174 4045 3436 4104; x_wconf 81' lang='lat' dir='ltr'>animos</span> <span class='ocrx_word' id='word_1_307' title='bbox 3485 4043 3788 4121; x_wconf 82' lang='lat' dir='ltr'>quaedam</span> 
     </span>
     <span class='ocr_line' id='line_1_31' title="bbox 729 4146 3792 4226; baseline -0.004 -11"><span class='ocrx_word' id='word_1_308' title='bbox 729 4157 849 4216; x_wconf 81' lang='lat' dir='ltr'>abs</span> <span class='ocrx_word' id='word_1_309' title='bbox 886 4162 949 4214; x_wconf 92' lang='lat' dir='ltr'>te</span> <span class='ocrx_word' id='word_1_310' title='bbox 998 4150 1390 4212; x_wconf 90' lang='lat' dir='ltr'>sciscitandi</span> <span class='ocrx_word' id='word_1_311' title='bbox 1424 4149 1624 4208; x_wconf 87' lang='lat' dir='ltr'>ardor</span> <span class='ocrx_word' id='word_1_312' title='bbox 1673 4154 1899 4207; x_wconf 87' lang='lat' dir='ltr'>tantus</span> <span class='ocrx_word' id='word_1_313' title='bbox 1934 4147 2269 4219; x_wconf 86' lang='lat' dir='ltr'>accendit,</span> <span class='ocrx_word' id='word_1_314' title='bbox 2321 4153 2393 4205; x_wconf 91' lang='lat' dir='ltr'>ut</span> <span class='ocrx_word' id='word_1_315' title='bbox 2428 4146 2793 4205; x_wconf 88' lang='lat' dir='ltr'>secundum</span> <span class='ocrx_word' id='word_1_316' title='bbox 2825 4148 3005 4223; x_wconf 86' lang='lat' dir='ltr'>quod</span> <span class='ocrx_word' id='word_1_317' title='bbox 3054 4155 3275 4208; x_wconf 89' lang='lat' dir='ltr'>mente</span> <span class='ocrx_word' id='word_1_318' title='bbox 3308 4150 3561 4226; x_wconf 80' lang='lat' dir='ltr'>singuli</span> <span class='ocrx_word' id='word_1_319' title='bbox 3597 4162 3792 4208; x_wconf 81' lang='lat' dir='ltr'>move·</span> 
     </span>
     <span class='ocr_line' id='line_1_32' title="bbox 727 4249 3791 4331; baseline -0.004 -10"><span class='ocrx_word' id='word_1_320' title='bbox 727 4264 1004 4331; x_wconf 88' lang='lat' dir='ltr'>bantur,</span> <span class='ocrx_word' id='word_1_321' title='bbox 1057 4257 1288 4316; x_wconf 88' lang='lat' dir='ltr'>statim</span> <span class='ocrx_word' id='word_1_322' title='bbox 1321 4253 1741 4328; x_wconf 87' lang='lat' dir='ltr'>subscriptas</span> <span class='ocrx_word' id='word_1_323' title='bbox 1790 4252 2221 4327; x_wconf 88' lang='lat' dir='ltr'>quaestiones</span> <span class='ocrx_word' id='word_1_324' title='bbox 2257 4251 2321 4308; x_wconf 89' lang='lat' dir='ltr'>in</span> <span class='ocrx_word' id='word_1_325' title='bbox 2356 4266 2557 4308; x_wconf 89' lang='lat' dir='ltr'>unum</span> <span class='ocrx_word' id='word_1_326' title='bbox 2594 4252 3128 4326; x_wconf 85' lang='lat' dir='ltr'>compingerent,</span> <span class='ocrx_word' id='word_1_327' title='bbox 3161 4259 3233 4313; x_wconf 88' lang='lat' dir='ltr'>et</span> <span class='ocrx_word' id='word_1_328' title='bbox 3265 4253 3429 4313; x_wconf 87' lang='lat' dir='ltr'>mihi</span> <span class='ocrx_word' id='word_1_329' title='bbox 3461 4270 3605 4327; x_wconf 88' lang='lat' dir='ltr'>eas,</span> <span class='ocrx_word' id='word_1_330' title='bbox 3639 4249 3791 4328; x_wconf 88' lang='lat' dir='ltr'>quod</span> 
     </span>
     <span class='ocr_line' id='line_1_33' title="bbox 733 4354 3795 4431; baseline -0.004 -6"><span class='ocrx_word' id='word_1_331' title='bbox 733 4365 1130 4426; x_wconf 76' lang='lat' dir='ltr'>familiarem</span> <span class='ocrx_word' id='word_1_332' title='bbox 1181 4363 1367 4420; x_wconf 83' lang='lat' dir='ltr'>tuum</span> <span class='ocrx_word' id='word_1_333' title='bbox 1403 4375 1508 4417; x_wconf 91' lang='lat' dir='ltr'>me</span> <span class='ocrx_word' id='word_1_334' title='bbox 1557 4358 1832 4431; x_wconf 87' lang='lat' dir='ltr'>scirent,</span> <span class='ocrx_word' id='word_1_335' title='bbox 1873 4357 1994 4415; x_wconf 88' lang='lat' dir='ltr'>tibi</span> <span class='ocrx_word' id='word_1_336' title='bbox 2043 4354 2453 4430; x_wconf 82' lang='lat' dir='ltr'>dirigendas,</span> <span class='ocrx_word' id='word_1_337' title='bbox 2489 4360 2556 4413; x_wconf 89' lang='lat' dir='ltr'>et</span> <span class='ocrx_word' id='word_1_338' title='bbox 2590 4373 2629 4413; x_wconf 89' lang='lat' dir='ltr'>a</span> <span class='ocrx_word' id='word_1_339' title='bbox 2662 4357 2725 4415; x_wconf 88' lang='lat' dir='ltr'>te</span> <span class='ocrx_word' id='word_1_340' title='bbox 2760 4357 3168 4431; x_wconf 78' lang='lat' dir='ltr'>enodandaS,</span> <span class='ocrx_word' id='word_1_341' title='bbox 3216 4374 3371 4417; x_wconf 92' lang='lat' dir='ltr'>cum</span> <span class='ocrx_word' id='word_1_342' title='bbox 3421 4359 3531 4419; x_wconf 90' lang='lat' dir='ltr'>his</span> <span class='ocrx_word' id='word_1_343' title='bbox 3564 4358 3795 4419; x_wconf 81' lang='lat' dir='ltr'>brevis—</span> 
     </span>
     <span class='ocr_line' id='line_1_34' title="bbox 740 4466 1684 4539; baseline -0.01 -10"><span class='ocrx_word' id='word_1_344' title='bbox 740 4471 932 4529; x_wconf 84' lang='lat' dir='ltr'>simis</span> <span class='ocrx_word' id='word_1_345' title='bbox 968 4466 1213 4526; x_wconf 89' lang='lat' dir='ltr'>litteris</span> <span class='ocrx_word' id='word_1_346' title='bbox 1248 4466 1684 4539; x_wconf 86' lang='lat' dir='ltr'>imponerent.</span> 
     </span>
    </p>
   </div>
   <div class='ocr_carea' id='block_1_8' title="bbox 741 4662 3795 4819">
    <p class='ocr_par' dir='ltr' id='par_1_9' title="bbox 741 4662 3795 4819">
     <span class='ocr_line' id='line_1_35' title="bbox 811 4662 3795 4745; baseline -0.004 -20"><span class='ocrx_word' id='word_1_347' title='bbox 811 4674 853 4733; x_wconf 86' lang='lat'>¹)</span> <span class='ocrx_word' id='word_1_348' title='bbox 877 4678 1028 4745; x_wconf 73' lang='lat' dir='ltr'>putet</span> <span class='ocrx_word' id='word_1_349' title='bbox 1052 4669 1172 4725; x_wconf 85' lang='lat' dir='ltr'>cod.</span> <span class='ocrx_word' id='word_1_350' title='bbox 1204 4700 1270 4708; x_wconf 92' lang='lat'>-—</span> <span class='ocrx_word' id='word_1_351' title='bbox 1308 4671 1354 4731; x_wconf 78' lang='lat'>²)</span> <span class='ocrx_word' id='word_1_352' title='bbox 1383 4667 1531 4723; x_wconf 85' lang='lat' dir='ltr'>Phil.</span> <span class='ocrx_word' id='word_1_353' title='bbox 1588 4666 1695 4729; x_wconf 89' lang='lat'>111,</span> <span class='ocrx_word' id='word_1_354' title='bbox 1741 4671 1823 4721; x_wconf 76' lang='lat'>¹3.</span> <span class='ocrx_word' id='word_1_355' title='bbox 1969 4664 2013 4725; x_wconf 82' lang='lat'>³)</span> <span class='ocrx_word' id='word_1_356' title='bbox 2052 4663 2226 4720; x_wconf 86' lang='lat' dir='ltr'>Eccli.</span> <span class='ocrx_word' id='word_1_357' title='bbox 2320 4662 2569 4721; x_wconf 83' lang='lat' dir='ltr'>Bruxell.</span> <span class='ocrx_word' id='word_1_358' title='bbox 2614 4664 2651 4720; x_wconf 88' lang='lat' dir='ltr'>I&#39;.</span> <span class='ocrx_word' id='word_1_359' title='bbox 2701 4669 2821 4727; x_wconf 80' lang='lat'>¹52,</span> <span class='ocrx_word' id='word_1_360' title='bbox 2866 4669 2983 4720; x_wconf 72' lang='lat'>¹53.</span> <span class='ocrx_word' id='word_1_361' title='bbox 3017 4696 3082 4705; x_wconf 91' lang='lat'>—</span> <span class='ocrx_word' id='word_1_362' title='bbox 3119 4665 3164 4731; x_wconf 82' lang='lat'>⁶)</span> <span class='ocrx_word' id='word_1_363' title='bbox 3191 4663 3440 4734; x_wconf 80' lang='lat' dir='ltr'>Insignis</span> <span class='ocrx_word' id='word_1_364' title='bbox 3467 4670 3607 4721; x_wconf 88' lang='lat' dir='ltr'>tunc</span> <span class='ocrx_word' id='word_1_365' title='bbox 3643 4664 3795 4719; x_wconf 71' lang='lat' dir='ltr'>abbas</span> 
     </span>
     <span class='ocr_line' id='line_1_36' title="bbox 741 4750 3647 4819; baseline -0.003 -5"><span class='ocrx_word' id='word_1_366' title='bbox 741 4757 958 4819; x_wconf 79' lang='lat' dir='ltr'>xvnl.</span> <span class='ocrx_word' id='word_1_367' title='bbox 987 4761 1038 4811; x_wconf 85' lang='lat'>6.</span> <span class='ocrx_word' id='word_1_368' title='bbox 1065 4787 1129 4795; x_wconf 88' lang='lat'>·-·</span> <span class='ocrx_word' id='word_1_369' title='bbox 1151 4755 1196 4817; x_wconf 80' lang='lat'>⁴)</span> <span class='ocrx_word' id='word_1_370' title='bbox 1225 4753 1276 4807; x_wconf 90' lang='lat'>11</span> <span class='ocrx_word' id='word_1_371' title='bbox 1305 4753 1426 4809; x_wconf 87' lang='lat' dir='ltr'>Cor.</span> <span class='ocrx_word' id='word_1_372' title='bbox 1460 4752 1534 4814; x_wconf 83' lang='lat' dir='ltr'>X.</span> <span class='ocrx_word' id='word_1_373' title='bbox 1564 4757 1644 4806; x_wconf 83' lang='lat'>¹8.</span> <span class='ocrx_word' id='word_1_374' title='bbox 1677 4766 1742 4790; x_wconf 39' lang='grc'>4-</span> <span class='ocrx_word' id='word_1_375' title='bbox 1769 4753 1815 4813; x_wconf 80' lang='lat'>⁵)</span> <span class='ocrx_word' id='word_1_376' title='bbox 1855 4750 1932 4804; x_wconf 81' lang='lat' dir='ltr'>Ex</span> <span class='ocrx_word' id='word_1_377' title='bbox 1957 4751 2081 4805; x_wconf 83' lang='lat' dir='ltr'>eod.</span> <span class='ocrx_word' id='word_1_378' title='bbox 2107 4751 2228 4806; x_wconf 88' lang='lat' dir='ltr'>cod.</span> <span class='ocrx_word' id='word_1_379' title='bbox 2322 4757 2443 4807; x_wconf 83' lang='lat' dir='ltr'>erat</span> <span class='ocrx_word' id='word_1_380' title='bbox 2468 4751 2699 4810; x_wconf 84' lang='lat' dir='ltr'>Utricus</span> <span class='ocrx_word' id='word_1_381' title='bbox 2725 4752 3112 4807; x_wconf 77' lang='lat' dir='ltr'>Allemannus.</span> <span class='ocrx_word' id='word_1_382' title='bbox 3143 4784 3209 4792; x_wconf 90' lang='lat'>-··</span> <span class='ocrx_word' id='word_1_383' title='bbox 3234 4752 3279 4811; x_wconf 84' lang='lat'>⁷)</span> <span class='ocrx_word' id='word_1_384' title='bbox 3306 4752 3498 4807; x_wconf 77' lang='lat' dir='ltr'>relicta</span> <span class='ocrx_word' id='word_1_385' title='bbox 3524 4750 3647 4806; x_wconf 88' lang='lat' dir='ltr'>cod.</span> 
     </span>
    </p>
   </div>
  </div>
 </body>
</html>
