4036 6117
712 491 839 550 14⁶2
1862 508 1912 551 s.
1977 506 2510 554 mnnscanms

2060 734 2323 802 LXXXI.

1995 945 2089 1004 Dc
2139 945 2383 1003 eodem.

731 1152 840 1213 99.
892 1151 1016 1216 Sed
1050 1156 1118 1211 et
1149 1152 1266 1228 qui
1296 1152 1653 1228 pecoribus
1687 1167 1759 1212 se
1792 1153 2250 1228 commiscent,
2290 1152 2382 1216 ita
2417 1151 2595 1228 quod
2627 1149 2992 1227 gloriosam
3034 1151 3398 1224 humanam
3429 1156 3728 1214 naturam

640 1255 798 1317 huic
824 1255 1155 1331 pessimae
1180 1255 1506 1330 turpitudi
1534 1256 1922 1331 immittunt,
1953 1262 2022 1316 et
2054 1263 2286 1331 postea
2325 1255 2775 1326 facinorosum
2809 1260 3070 1324 reatum
3102 1272 3299 1320 suum
3334 1269 3728 1331 cognoscen-

637 1362 760 1434 teS,
797 1376 917 1436 pro
952 1358 1184 1422 eodem
1219 1362 1409 1419 reatu
1443 1375 1515 1419 se
1550 1359 1910 1420 afflictione
1946 1376 2321 1436 supponere
2354 1360 2781 1435 contendunt,
2817 1361 3167 1424 acerrimis
3197 1360 3477 1438 jejuniis
3512 1373 3588 1417 ac
3617 1356 3728 1416 du-

640 1463 930 1523 rissimis
983 1463 1380 1524 verberibus
1429 1480 1502 1522 se
1559 1464 1857 1539 puniant,
1909 1470 1978 1525 et
2025 1480 2234 1540 genus
2294 1466 2559 1540 pecoris
2608 1466 2810 1541 illius,
2871 1481 3025 1526 cum
3078 1481 3210 1542 quo
3259 1465 3723 1543 peccaverunt,

637 1566 950 1644 deinceps
987 1567 1266 1644 fugiant,
1302 1575 1632 1648 quatenus
1666 1569 2063 1646 poenitendo
2098 1569 2375 1632 Diabolo
2410 1569 2799 1638 scandalum
2835 1568 3137 1634 afferant.

2023 1795 2317 1858 LXXXII.

1995 1989 2088 2050 De
2138 1989 2381 2050 eodem.

738 2194 888 2258 100.
943 2197 1152 2258 Homo
1201 2198 1379 2257 enim
1426 2199 1542 2274 qui
1591 2214 1743 2257 cum
1791 2198 2149 2272 pecoribus
2196 2216 2317 2275 per
2365 2198 2872 2262 fornicationem
2919 2203 3176 2275 peccat,
3214 2196 3380 2257 facit
3415 2196 3590 2257 sicut
3619 2195 3726 2255 ille

636 2299 754 2375 qui
788 2316 908 2360 vas
957 2300 1160 2360 fictile
1193 2306 1408 2376 parat,
1458 2306 1526 2361 et
1559 2300 1686 2360 hoc
1732 2301 1939 2360 Deum
1974 2318 2170 2362 suum
2217 2319 2368 2362 esse
2401 2303 2586 2378 dicit,
2623 2308 2692 2362 ct
2740 2302 2840 2362 sic
2881 2302 3093 2362 Deum
3143 2301 3523 2375 inhonorat,
3573 2300 3723 2375 quia

635 2405 1158 2464 rationalitatem
1209 2405 1581 2464 irrationali
1615 2410 1683 2464 et
1728 2406 2107 2466 contrariae
2155 2413 2434 2467 naturae
2464 2407 2822 2483 conjungit.
2882 2407 3019 2467 Iste
3048 2405 3219 2468 duro
3253 2411 3326 2466 et
3361 2404 3603 2481 frigido
3636 2404 3723 2463 la—

633 2507 776 2584 pidi
823 2509 1259 2584 assimilatur,
1310 2510 1624 2586 quoniam
1670 2525 1911 2587 magna
1941 2510 2191 2571 duritia
2223 2516 2347 2586 est,
2399 2511 2577 2589 quod
2620 2510 2816 2572 homo
2868 2512 2964 2574 ita
2995 2511 3393 2587 obduratur,
3438 2510 3614 2588 quod
3646 2508 3724 2580 ad

636 2628 836 2688 quem
869 2613 1186 2674 honorem
1220 2617 1484 2674 creatus
1517 2615 1626 2690 sit,
1665 2633 1794 2677 non
1827 2617 2239 2692 recordatum
2275 2624 2477 2694 atque
2512 2618 2873 2678 maximum
2911 2617 3122 2695 frigus
3154 2622 3281 2693 est,
3323 2615 3507 2694 quod
3538 2616 3605 2675 in
3638 2614 3725 2674 in-

634 2714 908 2774 tellectu
942 2731 1062 2775 suo
1100 2717 1318 2791 ignem
1353 2717 1614 2777 ardoris
1651 2717 1940 2794 Spiritus
1976 2720 2199 2781 Sancti
2231 2721 2582 2797 extinguit,
2626 2737 2777 2780 cum
2819 2726 3169 2796 peccatum
3201 2721 3388 2781 istud
3426 2720 3491 2786 in
3523 2718 3727 2794 pessi-

638 2833 749 2878 ma
782 2817 1105 2878 coecitate
1138 2819 1417 2894 perficit.
1455 2821 1873 2897 Quapropter
1904 2824 2128 2884 anima
2164 2824 2365 2901 illius,
2398 2841 2568 2901 quae
2604 2825 3130 2900 inextinguibilis
3157 2827 3263 2884 est
3299 2825 3368 2883 in
3400 2838 3563 2882 vase
3588 2838 3724 2880 cor-

639 2921 826 2996 poris
862 2922 987 2997 sui,
1039 2921 1240 2997 dolet,
1278 2939 1429 2982 cum
1462 2924 1576 2984 ille
1624 2932 1972 3002 peccatum
2008 2927 2135 2988 hoc
2182 2936 2545 3004 perpetrat,
2585 2929 2898 3005 quoniam
2949 2929 3127 2990 istud
3161 2930 3453 3006 nequius
3494 2926 3729 2987 vermi-2

640 3027 767 3088 bus
802 3032 926 3103 est,
967 3027 1082 3104 qui
1117 3027 1196 3088 de
1231 3033 1471 3090 natura
1511 3045 1631 3090 sua
1664 3046 1795 3090 non
1829 3032 2165 3093 recedunt.

2013 3259 2340 3320 LXXXIII.

1795 3452 1886 3512 De
1931 3461 2198 3530 peccato
2245 3455 2578 3521 luxuriae.
2721 3514 2809 3539 ,m
2854 3484 2904 3533 4,,ῑ,

731 3654 878 3717 tot.
931 3654 1054 3716 Sed
1086 3663 1155 3716 et
1185 3673 1338 3725 cum
1371 3658 1569 3719 homo
1604 3676 1721 3734 per
1751 3667 2027 3737 gustum
2062 3664 2281 3727 carnis
2319 3665 2385 3725 in
2420 3666 2680 3727 luxuria
2720 3668 3251 3743 praevaricatur,
3287 3664 3714 3738 daemonibus

635 3761 1042 3821 oblationem
1076 3761 1291 3821 offert.
1329 3763 1493 3822 Cum
1525 3764 1701 3823 enim
1737 3766 1819 3824 ad
1851 3768 2029 3829 mala
2063 3766 2227 3827 haec
2260 3784 2461 3842 opera
2494 3784 2613 3844 per
2653 3776 2923 3845 gustum
2960 3774 3287 3846 movetur,
3325 3774 3558 3832 oculos
3600 3770 3713 3837 bo-

642 3880 767 3924 nae
816 3865 1136 3925 scientiae
1185 3866 1444 3925 animae
1494 3868 1908 3944 obtenebrat,
1962 3872 2157 3946 quasi
2207 3888 2354 3931 cum
2395 3874 2703 3934 manibus
2738 3876 2881 3939 suis
2931 3877 3163 3936 oculos
3208 3891 3368 3936 suos
3423 3879 3621 3951 tegat,
3656 3875 3719 3937 et

640 3968 740 4028 sic
773 3984 924 4028 cum
958 3984 1159 4044 opere
1192 3969 1569 4046 iniquitatis
1602 3971 1799 4047 hujus
1835 3974 1900 4035 in
1934 3976 2244 4037 tenebras
2278 3977 2487 4052 vadit,
2525 3978 2774 4043 dicens:
2805 3979 2998 4041 >Stare
3032 3994 3159 4040 non
3207 3996 3510 4056 possum,
3546 3977 3719 4038 uelut

633 4088 790 4131 caro
821 4088 955 4132 non
1001 4074 1150 4133 sim.
1185 4073 1275 4133 De
1309 4075 1479 4134 cibis
1528 4094 1813 4154 namque
1842 4085 1915 4139 et
1961 4080 2043 4140 de
2091 4081 2363 4155 potibus
2410 4083 2588 4157 vivo,
2642 4084 2816 4147 sicut
2862 4084 3038 4149 Deus
3089 4100 3192 4153 me
3226 4083 3598 4157 constituit,
3644 4081 3711 4147 et

635 4168 786 4235 ideo
820 4177 903 4235 ab
949 4176 1334 4253 hujusmodi
1368 4181 1682 4256 operibus
1732 4198 1838 4242 me
1870 4183 2210 4245 abstinere
2259 4202 2389 4245 non
2423 4202 2718 4261 possum..
2750 4188 2834 4253 Et
2880 4187 2982 4253 sic
3016 4188 3212 4257 bomo
3246 4189 3313 4257 in
3362 4204 3567 4259 sensu
3598 4201 3712 4251 sun

635 4284 705 4337 et
734 4279 802 4338 in
833 4280 1150 4354 operibus
1199 4284 1392 4342 malis
1425 4286 1609 4346 velut
1657 4288 2107 4348 molendinum
2141 4291 2374 4361 currit,
2412 4269 2495 4351 ⁸et
2527 4291 2930 4367 sibimetipsi
2979 4309 3098 4369 per
3130 4294 3544 4357 voluntatem
3585 4307 3716 4349 ma·-

633 4382 1032 4443 ledictorum
1079 4401 1354 4459 operum
1402 4390 1663 4450 ruinam
1697 4392 2025 4467 aedificat,
2077 4411 2154 4454 ac
2188 4408 2306 4470 per
2339 4397 2641 4456 osculum
2674 4402 2742 4455 et
2773 4412 2891 4473 per
2940 4398 3213 4458 odorem
3245 4398 3709 4473 concupiscen-

631 4485 768 4545 tiae
801 4493 1074 4559 peccata
1124 4490 1425 4551 luxuriae
1473 4494 1555 4553 ad
1605 4511 1676 4553 se
1713 4498 1987 4573 colligit.
2040 4499 2203 4558 Nam
2254 4499 2517 4558 flamma
2552 4500 2726 4575 ignis
2761 4501 3062 4564 luxuriae
3109 4503 3177 4563 in
3218 4504 3535 4564 umbilico
3570 4514 3706 4559 mu-

634 4588 824 4648 lieris
850 4592 1258 4667 accenditur,
1299 4595 1417 4654 sed
1439 4592 1485 4675 ¹)
1524 4597 1590 4657 in
1617 4599 1859 4660 lumbis
1885 4602 2012 4661 viri
2048 4603 2334 4678 pleniter
2359 4603 2725 4680 perficitur3
2763 4611 2829 4666 et
2861 4606 2968 4666 his
3001 4606 3334 4667 diabolica
3365 4602 3709 4683 persuasio

635 4692 914 4768 accedit,
953 4695 1110 4770 qui-a
1158 4695 1475 4759 Diabolus
1510 4703 1759 4762 malum
1792 4706 2147 4765 consilium
2183 4706 2247 4766 in
2283 4708 2561 4767 muliere
2597 4709 2865 4785 incepit,
2902 4717 2971 4771 et
3014 4710 3178 4770 illud
3214 4711 3281 4770 in
3327 4711 3475 4772 viro
3508 4703 3713 4783 perse·

639 4795 754 4870 cit,
783 4798 1340 4872 quemadmodum
1368 4818 1520 4862 cum
1549 4804 1721 4880 ignis
1748 4824 1869 4883 per
1896 4810 2093 4869 aliam
2125 4827 2263 4870 rem
2291 4811 2559 4873 afflatur
2582 4810 2658 4890 ²),
2687 4814 2949 4889 plenius
2976 4814 3183 4875 ardet.
3214 4809 3524 4897 Sedjquia
3545 4810 3711 4870 Deus

637 4897 973 4960 hominem
1007 4902 1262 4979 absque
1297 4909 1473 4966 omni
1512 4909 1831 4972 inanitate
1867 4915 2144 4989 creavit,
2182 4921 2248 4974 et
2284 4916 2439 4991 quia
2472 4933 2592 4993 per
2626 4913 3249 5003 bonamzscientiam
3298 4915 3711 5001 omnia-bona

717 5162 755 5226 ¹)
783 5170 830 5219 et
859 5170 914 5220 e'n
942 5166 1005 5220 A.
1042 5199 1103 5205 -
1131 5168 1174 5233 2)
1205 5170 1432 5238 inflatur
1456 5168 1520 5222 A.
