4036 6117
683 455 769 515 ’78
1839 475 1891 519 s.
1944 473 2485 522 urnnscanms

2039 696 2287 760 XXXV.

895 909 1175 969 Gaudiis
1223 911 1555 987 fruuntur
1603 909 1867 967 animae
1911 911 2386 985 perfectorum,
2438 911 2553 987 qui
2598 912 2904 986 fuerunt,
2958 912 3124 970 sicut
3176 910 3427 988 anqeli,

1678 1011 1756 1070 ab
1802 1011 2173 1072 hominibus
2222 1016 2537 1090 separati.
2587 1008 2633 1092 ¹)

616 1248 623 1253 ·
696 1220 800 1279 44.
839 1219 964 1279 Sed
1016 1221 1081 1280 in
1114 1221 1405 1280 candore
1452 1221 1757 1296 eJ'usdem
1793 1220 2251 1296 beatitudinis,
2306 1222 2372 1281 in
2417 1222 2893 1284 secretioribus
2942 1222 3206 1298 gaudiis
3240 1222 3413 1283 aliae
3448 1221 3718 1280 animae

609 1320 1060 1397 perfectorum
1112 1327 1495 1385 sanctorum
1530 1326 1706 1399 sunt,
1758 1324 1876 1400 qui
1907 1322 2173 1385 divinae
2221 1326 2792 1401 contemplationi,
2826 1326 2987 1386 dum
3021 1326 3090 1386 in
3136 1324 3534 1400 corporibus
3565 1325 3712 1385 suis

613 1424 906 1501 fuerunt,
945 1427 1395 1503 inhaeserant3
1446 1431 1515 1490 et
1549 1426 1673 1488 hae
1706 1429 1886 1488 omni
1934 1443 2180 1504 genere
2213 1429 2605 1490 coelestium
2654 1431 2977 1491 virtutum
3012 1445 3091 1490 ac
3123 1429 3306 1489 omni
3336 1441 3583 1503 genere
3616 1429 3714 1487 to·

606 1532 741 1592 tius
775 1533 1149 1593 sanctitatis
1183 1538 1458 1594 ornatae
1494 1536 1668 1594 sunt.
1704 1533 1886 1594 Unde
1921 1534 2123 1594 etiam
2157 1534 2440 1594 excelsis
2490 1535 2768 1595 vocibus
2804 1535 3116 1595 tubarum
3149 1533 3358 1592 Deum
3407 1530 3705 1602 laudant;

609 1651 782 1711 quae
817 1638 921 1698 est
966 1639 1352 1713 exspirati0‚
1404 1653 1578 1714 quae
1626 1653 1708 1696 ex
1755 1653 1871 1698 ore
1919 1637 2399 1713 prophetarum
2449 1641 2517 1699 et
2556 1640 2957 1715 sapientium
3006 1654 3087 1698 ac
3128 1638 3549 1698 caeterorum
3594 1633 3721 1693 Dei

609 1739 976 1801 electorum
1027 1743 1241 1815 sonat,
1280 1741 1595 1817 quoniam
1646 1756 1851 1816 opera
1883 1729 2106 1802 Sancti
2140 1741 2425 1816 Spiritus
2462 1743 2976 1803 innumerabilia
3019 1743 3087 1802 in
3117 1740 3499 1801 hominibus
3532 1743 3711 1810 sunt,

612 1858 689 1903 ac
724 1844 790 1903 in
823 1843 1100 1904 citharis
1148 1845 1353 1904 totius
1387 1844 1613 1919 gaudii
1659 1846 2017 1920 exsultant,
2055 1847 2150 1905 ita
2198 1846 2372 1923 quod
2417 1848 2622 1908 etiam
2673 1848 2742 1908 in
2772 1863 2935 1907 sono
2985 1848 3122 1907 tam
3156 1843 3475 1918 mirabili,
3526 1856 3605 1902 ac
3635 1841 3705 1900 in

608 1963 770 2008 sono
804 1949 942 2009 tam
980 1948 1412 2008 inenarrabili
1450 1952 1784 2024 resonant,
1822 1950 1998 2026 quod
2036 1966 2186 2010 eum
2224 1950 2587 2011 humanum
2624 1967 2740 2012 cor
2770 1967 2895 2012 nec
2936 1966 3178 2025 capere
3212 1965 3338 2010 nec
3385 1946 3716 2022 intellige-

611 2066 684 2112 re
718 2052 983 2126 poterit.
1032 2052 1197 2112 Nam
1233 2053 1391 2129 quia
1425 2069 1574 2113 cum
1613 2054 1762 2129 igne
1795 2057 1862 2114 et
1894 2070 2071 2131 aqua
2106 2056 2172 2115 in
2206 2057 2560 2116 sanctitate
2608 2055 3032 2131 baptismatis
3081 2054 3258 2114 bona
3305 2066 3510 2129 opera
3556 2065 3725 2126 ope-f

609 2156 743 2215 rati
791 2158 966 2230 sunt,
1003 2163 1071 2217 et
1118 2157 1434 2233 quoniam
1472 2159 1570 2217 sic
1618 2158 1687 2218 in
1719 2159 1970 2218 eisdem
2014 2160 2331 2234 operibus
2366 2163 2639 2220 caetera
2678 2161 3008 2221 elementa
3041 2158 3421 2232 movebant,
3459 2156 3605 2216 ideo
3638 2157 3715 2214 ut

612 2275 816 2320 sonus
849 2261 1055 2321 maris
1081 2267 1148 2320 et
1181 2264 1257 2322 ut
1289 2278 1491 2321 sonus
1525 2277 1852 2338 aquarum
1901 2265 2161 2338 sonant,
2200 2279 2372 2339 quae
2405 2279 2566 2338 prae
2600 2263 3027 2325 multitudine
3071 2260 3408 2323 sonituum
3446 2259 3718 2319 mirabi-

615 2364 713 2423 les
748 2379 950 2423 sonos
984 2365 1322 2438 emittunt,
1359 2365 1428 2424 hi
1463 2368 1684 2426 autem
1722 2367 1819 2425 illi
1854 2373 2010 2427 sunt
2043 2368 2182 2443 qui,
2218 2368 2375 2427 dum
2412 2368 2476 2428 in
2527 2371 2706 2429 terra
2736 2369 3065 2443 viverent,
3103 2384 3142 2427 a
3189 2363 3572 2426 carnalibus
3603 2361 3718 2422 de-

615 2465 882 2526 sideriis
918 2483 1068 2527 cum
1105 2468 1467 2529 intentione
1501 2470 1802 2530 cordium
1836 2486 2111 2530 suorum
2139 2487 2212 2530 se
2244 2471 2621 2545 elevabant,
2659 2487 2737 2532 ac
2770 2477 3073 2533 terrenas
3106 2469 3505 2545 cupiditates
3536 2465 3721 2540 abje-

620 2571 879 2644 cerunt,
916 2572 1104 2633 velut
1136 2573 1440 2635 homines
1471 2591 1607 2635 non
1637 2579 1882 2651 essent,
1920 2579 1986 2635 et
2021 2576 2112 2636 ita
2146 2577 2230 2637 ab
2263 2577 2414 2636 aliis
2455 2576 2720 2652 populis
2754 2576 3047 2652 separati
3098 2579 3275 2649 sunt,
3313 2573 3489 2632 sicut
3520 2583 3729 2643 ange-

620 2671 671 2732 li
705 2672 789 2732 ab
821 2672 1222 2738 hominibus.
1259 2679 1393 2753 Ipsi
1428 2679 1603 2740 enim
1637 2695 1757 2753 per
1790 2681 2135 2755 speculata
2167 2695 2370 2755 opera
2412 2681 2480 2739 in
2520 2681 2838 2740 coelestia
2887 2678 3225 2752 volabant,
3279 2693 3357 2738 ac
3388 2690 3509 2750 per
3543 2673 3722 2732 fene-

616 2776 797 2836 stras
845 2777 1021 2854 fidei,
1074 2781 1259 2842 velut
1306 2783 1374 2842 in
1421 2783 1718 2845 bonitate
1768 2783 2226 2858 simplicitatis
2273 2782 2572 2858 infantiS‚
2623 2783 2829 2843 Deum
2883 2782 3347 2859 inspiciebant,
3398 2778 3563 2840 etin
3615 2775 3722 2835 his

611 2880 944 2941 stabiliter
976 2886 1517 2959 perseverabant.

2028 3096 2317 3161 XXXVI.

1103 3308 1385 3372 Animae
1436 3316 1814 3371 sanctorum
1861 3310 2245 3371 desiderant
2298 3328 2571 3388 corpora
2616 3328 2740 3370 sua
2785 3308 2904 3369 sibi
2951 3308 3239 3368 restitui.
3280 3359 3285 3364 .

628 3551 632 3556 ·
711 3512 816 3573 45.
869 3514 1287 3590 Quapropter
1321 3519 1522 3579 etiam
1559 3519 1626 3579 in
1659 3536 1822 3579 voce
1856 3518 2346 3579 desideriorum
2383 3535 2655 3578 suorum
2690 3518 2941 3591 dicunt,
2976 3516 3296 3594 quamdiu
3330 3515 3719 3590 exspectare

613 3614 900 3678 debeant
934 3622 1196 3695 tempus
1233 3622 1418 3697 illud,
1457 3640 1588 3699 quo
1623 3639 1830 3699 opera
1863 3624 2193 3699 ipsorum,
2224 3640 2395 3700 quae
2431 3625 2499 3684 in
2532 3626 2764 3698 aperta
2790 3621 3330 3682 manifestatione
3363 3633 3589 3678 coram
3624 3618 3726 3677 vi-

619 3722 816 3781 vente
841 3720 974 3781 Deo
1005 3720 1281 3798 fulgent,
1316 3725 1415 3786 eis
1449 3741 1733 3801 corpora
1765 3743 1887 3787 sua
1923 3728 1986 3787 in
2021 3728 2265 3804 quibus
2299 3728 2775 3788 laboraverant
2805 3724 2856 3805 ²)
2895 3726 3275 3798 restituant,
3314 3725 3406 3784 ita
3435 3724 3511 3783 ut
3540 3721 3726 3781 abla-

621 3824 690 3885 ta
724 3825 903 3883 omni
953 3825 1374 3904 difficultate,
1411 3846 1542 3906 qua
1589 3831 1847 3907 Moyses
1884 3831 2123 3892 faciem
2174 3848 2362 3893 suam
2400 3832 2673 3906 obtexit,
2724 3830 2933 3891 Deum
2980 3829 3269 3889 videant.
3304 3827 3467 3888 Nam
3518 3842 3723 3901 opera

623 3932 1031 4006 sanctorum,
1083 3948 1255 4009 quae
1293 3935 1422 4009 ipsi
1468 3951 1589 4015 per
1635 3936 2141 4012 inspirationem
2192 3936 2480 4012 Spiritus
2530 3935 2753 3996 Sancti
2800 3937 3185 4010 operantur,
3222 3947 3450 3992 coram
3480 3930 3616 3992 Deo
3647 3932 3725 3991 ut

620 4034 880 4097 coelum
934 4034 1210 4113 fulgent,
1248 4039 1406 4116 quia
1454 4056 1604 4100 cum
1639 4039 1772 4101 Deo
1806 4042 1873 4101 et
1907 4040 1973 4101 in
2004 4040 2138 4100 Deo
2177 4040 2352 4101 facta
2385 4046 2562 4114 sunt,
2598 4046 2667 4100 et
2700 4039 2797 4100 sic
2839 4039 3015 4099 Deus
3047 4037 3297 4101 eisdem
3348 4034 3721 4107 animabu8‚

620 4147 900 4216 propter
946 4142 1177 4203 eadem
1215 4160 1422 4220 opera
1470 4145 1896 4219 refrigerium
1933 4145 2373 4221 requietionis
2421 4145 2556 4218 dat3
2595 4144 2710 4204 sed
2744 4143 3037 4205 nondum
3070 4142 3337 4219 plenum
3382 4139 3724 4217 gaudium,

620 4257 836 4322 usque
869 4245 1028 4306 dum
1062 4249 1401 4323 plenitudo
1435 4250 1665 4325 populi
1701 4251 1765 4309 in
1799 4239 2166 4311 novissimo
2200 4250 2307 4310 die
2345 4249 2717 4309 intraverit.
2753 4247 2833 4308 Et
2867 4250 3025 4309 tunc
3056 4246 3236 4307 Deus
3282 4261 3434 4305 cum
3470 4243 3725 4304 sanctis

620 4347 939 4423 operibus
988 4353 1373 4413 sanctorum
1422 4369 1705 4429 corpora
1753 4360 1822 4414 et
1869 4355 2128 4414 animas
2176 4369 2407 4414 eorum
2458 4353 2837 4429 conJunget,
2889 4358 2956 4411 et
2988 4352 3086 4413 sic
3133 4351 3396 4410 coelum
3444 4364 3724 4423 operum

628 4467 861 4516 eorum
900 4452 1081 4530 ipsos
1115 4455 1198 4514 ad
1236 4456 1472 4518 faciem
1507 4457 1622 4517 Dei
1655 4457 1997 4532 perducet,
2034 4458 2145 4518 ubi
2182 4473 2333 4517 cum
2368 4461 2525 4517 tunc
2550 4458 2834 4531 pleniter
2865 4456 3208 4517 videbunt.
3235 4454 3361 4515 Sed
3394 4454 3554 4530 quia
3586 4468 3733 4512 cor-

620 4571 751 4632 pus
806 4574 957 4619 cum
1007 4561 1227 4620 anima
1284 4562 1456 4621 bona
1502 4578 1705 4638 opera
1761 4561 1951 4637 fecit,
2013 4579 2165 4623 cum
2221 4563 2444 4622 anima
2509 4577 2789 4637 corpore
2837 4567 3053 4635 caret,
3114 4560 3597 4637 plenitudinem
3651 4559 3730 4618 il-

618 4659 755 4722 lam
803 4660 1051 4724 habere
1096 4680 1228 4725 non
1273 4670 1516 4741 potest,
1565 4669 1639 4727 ut
1687 4667 1939 4743 absque
1989 4683 2270 4741 corpore
2309 4665 2547 4726 faciem
2595 4666 2713 4726 Dei
2752 4665 3041 4741 pleniter
3089 4664 3336 4737 videat,
3369 4657 3420 4742 ⁸)
3471 4665 3539 4722 et
3572 4661 3722 4722 ideo

618 4780 775 4826 cum
809 4782 1052 4843 corpus
1085 4773 1152 4829 et
1184 4769 1406 4831 anima
1453 4771 1964 4847 conjunguntur,
2004 4771 2243 4831 faciem
2292 4785 2481 4831 suam
2514 4769 2690 4829 Deus
2723 4769 3035 4841 denudat,
3072 4770 3148 4828 ut
3180 4783 3335 4828 eum
3377 4766 3558 4827 beati
3593 4766 3723 4826 hoc

625 4871 824 4932 modo
872 4873 1165 4950 videant,
1217 4877 1530 4951 quoniam
1582 4876 1698 4935 illa
1747 4875 2102 4950 conjuncta
2136 4877 2290 4935 sunt
2324 4890 2496 4951 quae
2528 4875 2731 4935 simul
2779 4873 3248 4948 operabantur.
3298 4872 3430 4932 Iste
3472 4872 3727 4931 clamor

630 4972 823 5037 fortis
857 4979 926 5038 et
957 4994 1237 5055 magnus
1270 4980 1524 5040 clamor
1558 4985 1941 5040 sanctorum
1978 4982 2103 5054 est,
2141 4980 2457 5056 quoniam
2494 4979 2606 5039 vix
2639 4984 3053 5056 exspectant,
3097 4977 3256 5038 dum
3291 4991 3574 5052 corpora
3608 4992 3731 5036 sua

703 5140 744 5207 ¹)
770 5141 971 5199 Recole
991 5160 1134 5215 quae
1154 5161 1322 5217 supra
1343 5151 1616 5202 notantur
1637 5144 1738 5202 lib.
1759 5146 1805 5208 l,
1831 5162 1882 5216 p.
1905 5149 1990 5200 21.
2015 5177 2079 5184 —-
2094 5148 2137 5213 2)
2167 5146 2558 5202 laboraverunt
2578 5146 2644 5201 A.
2673 5178 2732 5185 -·
2747 5144 2791 5216 ³)
2816 5146 3033 5201 videant
3054 5140 3144 5201 W.
3173 5141 3323 5199 idem
3346 5158 3477 5199 mox
3501 5148 3562 5197 ut
3585 5159 3718 5198 eam.
