4036 6117
767 470 924 533 «466
1926 487 1976 534 s.
2031 481 2582 534 nrnnmtnnts

697 606 944 667 turbini
981 606 1267 667 similem
1323 607 1386 666 in
1421 605 1828 683 quibusdam
1865 608 2167 667 moribus
2204 607 2348 667 suis
2384 607 2639 679 habuit,
2676 612 2744 665 et
2787 605 2932 665 ideo
2968 621 3216 682 corpus
3268 621 3463 664 suum
3508 618 3817 663 macera-

696 719 834 771 tum
875 718 1001 786 est,
1039 712 1362 772 anhelans
1398 712 1478 770 ad
1513 711 1743 771 Deum:
1784 727 1959 770 nunc
1992 711 2239 786 dignus
2272 717 2376 770 est
2411 711 2735 770 memoria
2773 716 3182 769 sanctorum.

2128 927 2351 994 LXXI.

1570 1140 1662 1202 De
1714 1143 2179 1218 Assumptione
2234 1142 2513 1203 Sanctae
2566 1144 2839 1206 Mariae.
2873 1142 2918 1223 ¹)

685 1348 754 1407 In
781 1349 1012 1406 coelesti
1040 1347 1359 1406 hierarchia
2322 1345 2515 1404 Gaude
2542 1363 2761 1420 semper
2784 1355 2841 1406 et
2867 1351 3076 1406 laetare

687 1434 915 1494 lubilus
941 1449 1070 1494 cum
1098 1435 1439 1508 symphonia
2394 1431 2461 1486 ln
2485 1430 2717 1489 Assueri
2745 1434 2915 1503 regia.

760 1519 911 1575 Festi
939 1521 1035 1575 dat
1063 1519 1304 1584 indicia.
2320 1519 2522 1589 Sponsi
2553 1520 2772 1575 vultum
2801 1521 3211 1590 contemplaret

687 1605 813 1672 Quo
837 1605 1049 1662 Mariae
1074 1622 1243 1676 super
1267 1606 1465 1661 coelos
2318 1601 2762 1677 contemplando
2784 1604 3114 1676 jocundare.

687 1687 1034 1746 Ascendenti
1058 1691 1215 1748 canit
1242 1690 1426 1746 melos
2317 1690 2683 1746 locundando
2711 1690 2979 1746 innovare

750 1776 1050 1832 Coelorurn
1074 1775 1306 1831 militia.
2389 1775 2566 1832 Donis
2592 1778 2784 1834 Sancti
2813 1775 3083 1850 Spiritus.

685 1859 800 1917 nic
825 1867 910 1916 est
935 1862 1056 1917 dies
1084 1861 1263 1917 festus
1290 1860 1411 1924 ille,
2317 1861 2545 1918 Mensae
2571 1862 2719 1932 regis
2746 1863 2981 1923 sociare.

686 1945 750 1999 ln
776 1962 889 2017 quo
917 1947 1110 2002 laudes
1138 1945 1321 2001 modis
1346 1946 1540 2007 mille,
2316 1946 2680 2004 convivando
2706 1947 2914 2004 satiare

757 2031 1017 2087 Psallunt
1043 2030 1202 2088 mille
1227 2030 1432 2086 millia.
2319 2032 2428 2088 His
2451 2050 2594 2104 quae
2622 2036 2738 2090 tuis
2764 2049 3097 2106 praeparare

683 2113 821 2171 Cum
853 2122 930 2179 te.
957 2118 1135 2187 Virgo
1161 2117 1260 2173 Dei
1290 2122 1507 2176 mater,
2388 2120 2593 2175 Sanxit
2621 2119 2981 2188 Unigenitus.

648 2217 652 2221 ’
680 2201 775 2258 Sic
803 2204 1014 2258 salutat
1039 2205 1191 2258 Deus
1218 2203 1410 2257 Pater:
2316 2205 2465 2261 Ante
2494 2207 2763 2261 thronum
2791 2203 3111 2277 majestatis

753 2288 914 2343 Felix
941 2305 1042 2344 ave
1070 2288 1208 2343 tilia.
2316 2290 2426 2346 Ubi
2456 2290 2610 2345 locus
2639 2289 2949 2361 voluptatis

683 2375 751 2429 In
778 2376 1070 2446 amplexus
1100 2374 1183 2429 tui
1219 2374 1371 2435 natir
2316 2375 2418 2429 Est
2446 2375 2718 2437 locorum.
2742 2374 3098 2430 canticorum

683 2463 887 2535 Sponsi
918 2463 1025 2519 tibi
1056 2462 1406 2534 praeoptati,
2388 2459 2680 2516 Modulare
2705 2461 3012 2516 canticum.

683 2549 859 2612 Veni,
884 2549 1038 2618 regni
1066 2546 1397 2620 praeparati
2319 2544 2678 2601 lucentivum
2707 2545 3040 2614 gaudiorum

755 2635 962 2692 Fruere
989 2633 1243 2690 deliciis..
2318 2631 2527 2686 Turbis
2552 2629 2745 2686 confer
2769 2632 3101 2693 electorum.

681 2722 948 2779 Diadema
979 2728 1340 2794 susceptura..
2319 2717 2577 2771 Praedux
2604 2720 2939 2773 antecedens
2965 2720 3205 2773 chorum

681 2808 854 2864 Pacis
872 2814 1159 2880 sceptrum
1185 2813 1505 2872 gestatura.
2392 2803 2457 2856 ln
2485 2803 2708 2859 choreis
2735 2804 3043 2872 virginum.

682 2894 855 2949 Vitae
878 2909 1120 2962 regnum
1139 2906 1466 2965 possessura
2318 2888 2431 2944 His
2458 2904 2559 2944 uos
2587 2888 2748 2945 sestis
2776 2889 3069 2953 interesse.

757 2979 834 3036 Es
861 2996 959 3050 pro
986 2978 1308 3036 beneficiis-
2314 2973 2450 3037 Ora,
2479 2980 2714 3029 stemma
2741 2976 2954 3031 clarum
2983 2975 3162 3037 lesse.

680 3067 810 3123 Tibi
838 3066 1005 3121 datur
1033 3065 1338 3137 impetrare
2388 3060 2563 3117 Prout
2592 3060 2768 3125 nosti,
2796 3060 3012 3132 purius.

685 3153 791 3207 Pro
815 3166 1171 3222 quocumque
1198 3150 1285 3204 vis
1311 3163 1503 3211 orare,
2320 3146 2396 3202 Ne
2424 3162 2523 3201 nos
2551 3147 2722 3218 hujus
2751 3145 2900 3201 vitae
2929 3146 3092 3201 triste

754 3238 961 3293 Hester
986 3253 1020 3291 o
1045 3234 1288 3305 egregia.
2317 3232 2554 3294 Turbet.
2584 3232 2756 3287 laetos
2784 3237 2991 3293 tecum.
3019 3230 3269 3293 Christe.

682 3324 918 3392 Virgam
939 3322 1088 3392 regis
1110 3321 1396 3381 osculare..
2373 3318 2651 3373 Perducas
2675 3319 2722 3383 2)
2748 3318 3021 3373 securius.

2118 3512 2361 3574 LXXII.

1877 3724 1970 3785 De
2027 3726 2235 3783 Beata
2290 3726 2570 3804 Viryine.

677 3927 946 3986 Trinitati
978 3929 1151 4000 Virgo
1178 3936 1365 4000 grata,
2373 3931 2535 3997 Quod
2561 3930 2855 3988 descendit
2880 3932 3146 3990 coelitus.

676 4018 821 4073 Rore
848 4018 989 4073 coeli
1021 4017 1339 4080 fecundata.
2306 4016 2491 4081 Petra.
2521 4019 2588 4074 de
2614 4036 2722 4090 qua
2754 4018 2979 4075 sitienti

747 4102 967 4157 Florem
995 4103 1143 4175 parit
1168 4104 1472 4160 coelicum.
2301 4102 2495 4159 Dulcis
2520 4120 2662 4174 aqua
2690 4104 2856 4159 datur
2881 4104 3059 4172 genti.

674 4187 769 4243 Sic
793 4187 1038 4257 aegrotis
1063 4187 1406 4243 medicinam
2372 4189 2529 4254 Quae
2556 4195 2735 4244 scatet
2761 4188 3064 4245 divinitus.

675 4274 842 4329 Pater
869 4274 1051 4330 stillat
1077 4275 1136 4329 in
1163 4274 1405 4330 Mariam
2306 4272 2639 4344 inexpertae
2666 4274 2951 4331 castitatis

746 4356 998 4415 Verbum
1027 4376 1125 4431 per
1150 4359 1492 4428 angelicum.
2302 4358 2414 4414 Nec
2442 4375 2553 4413 non
2580 4366 2636 4415 et
2663 4359 3015 4416 humilitatis

673 4445 829 4503 Haec
854 4453 938 4503 est
966 4464 1088 4504 arca
1115 4446 1492 4510 Testamenti.
2372 4444 2589 4516 Sponso
2616 4446 2713 4500 dat
2738 4446 2959 4503 exenia.

673 4531 879 4587 Manna
906 4549 1135 4589 servans
1161 4534 1506 4589 nutrimenti
2301 4530 2411 4584 His
2437 4532 2674 4587 allectus
2700 4531 2767 4586 fit
2790 4531 3056 4594 dilectus.

739 4720 783 4783 ¹)
812 4721 891 4776 Ex
919 4721 1040 4777 cod.
1073 4721 1339 4777 Caesareo
1357 4722 1682 4780 vindobon.
1715 4727 1818 4777 628
1847 4722 1997 4779 inter
2026 4720 2173 4776 Acce·
2264 4719 2547 4790 ciprocuS.
2575 4736 2704 4777 cum
2733 4722 2951 4794 duplici
2977 4729 3076 4779 aut
3103 4723 3317 4796 triplici
3349 4730 3679 4784 tetrametro
3702 4726 3762 4784 in

667 4813 798 4867 ticos
837 4810 894 4863 in
922 4811 1086 4865 catal.
1132 4808 1478 4881 Dionysiano
1513 4815 1552 4864 t.
1589 4815 1614 4863 1
1644 4825 1698 4881 p.
1741 4810 1876 4879 up.
1908 4812 2071 4870 239⁴,
2103 4808 2170 4862 ad
2263 4806 2647 4877 septenarium
2692 4808 3014 4873 desinente,
3057 4815 3279 4879 praeter
3317 4825 3529 4867 morem
3567 4813 3761 4870 Hilde-

667 4896 875 4951 calcem
903 4894 1001 4950 fol.
1032 4900 1155 4957 168,
1182 4901 1257 4950 v.·
1297 4894 1592 4964 sequentia
1629 4894 1743 4948 duo
1780 4893 1998 4949 cantica
2040 4908 2169 4949 cum
2260 4890 2470 4959 gardis,
2512 4909 2581 4947 ne
2607 4894 2675 4947 de
2715 4894 2936 4964 loquela
2976 4895 3131 4950 aliud
3167 4911 3419 4964 urgeam,
3447 4915 3556 4954 neu
3598 4899 3761 4955 innu-

669 4981 818 5035 notis
845 4979 1081 5035 musicis
1119 4980 1444 5036 coronidem
1479 4979 1755 5034 adornant
1780 4995 2013 5051 operum
2044 4980 2171 5035 Hil—
2263 4992 2413 5031 mera
2458 4978 2512 5032 id
2551 4994 2728 5047 genus
2765 4981 3014 5036 carmina
3050 4983 3166 5052 J'am
3208 4984 3395 5047 edita,
3436 4985 3589 5041 inter
3618 5002 3759 5058 quae

666 5066 944 5134 (legardis,
965 5081 1108 5135 quae
1135 5071 1316 5120 totum
1339 5065 1588 5121 codicem
1622 5066 1876 5135 implent.
1903 5066 2171 5121 Attamen
2260 5063 2431 5117 etiam
2461 5070 2675 5126 nostra,
2705 5080 2794 5121 me
2822 5066 3026 5130 inscio,
3059 5066 3296 5123 sortasse
3336 5070 3540 5133 latent,
3582 5086 3756 5126 moro·

665 5167 734 5204 ne
763 5150 828 5206 ad
860 5157 1046 5205 nostra
1086 5156 1364 5222 spectent.
1393 5152 1583 5209 obstat
1612 5152 1729 5221 ipse
1758 5151 2061 5221 rhythmus
2089 5168 2171 5206 re·
2263 5150 2381 5204 sius
2409 5165 2748 5205 recenseam.
2782 5182 2843 5189 -
2874 5153 2918 5215 ²)
2939 5154 3204 5225 perducat
3227 5153 3348 5210 cod.
