4036 6117
689 420 822 484 558
1856 441 1917 490 s.·
1960 444 2506 495 nunsonnms

625 564 693 623 in
727 562 1040 638 malignis
1089 563 1474 623 hominibus
1526 564 1772 640 fugiaS,
1824 572 2030 644 atque
2081 568 2544 630 infidelitatem
2592 571 2952 631 verborum
3002 570 3379 646 hominum,
3432 573 3550 649 qui
3600 571 3738 632 Deo

623 669 824 744 quasi
857 684 1060 729 canes
1085 665 1130 748 ¹)
1167 671 1657 732 contradicunt
1695 673 1881 733 Nunc
1915 676 2140 735 autem
2172 675 2349 735 Deus
2385 685 2449 735 te
2474 675 2734 753 doceat,
2771 684 2847 738 ut
2880 678 3095 739 fidelis
3130 696 3377 787 servus
3404 680 3526 754 sis,
3565 686 3637 739 et
3663 685 3736 738 ut

621 772 694 832 in
726 773 1122 834 aeternitate
1160 774 1337 833 vitae
1372 789 1792 850 permaneas

706 1361 1034 1433 Promptam
1059 1360 1447 1418 obedientiam
1473 1368 1531 1418 et
1556 1362 1824 1435 spiritum
1851 1364 2130 1421 orationis
2157 1366 2333 1422 vovit.

723 1497 898 1558 Fons
947 1498 1196 1558 saliens
1232 1515 1361 1559 non
1410 1498 1662 1576 indiget
1695 1500 1847 1560 aliis
1883 1502 2160 1573 rivulis,
2199 1503 2323 1564 hoc
2355 1507 2462 1565 est
2492 1505 2899 1581 obedientia,
2934 1521 3108 1582 quae
3140 1504 3222 1565 de
3256 1506 3543 1568 saliente
3582 1507 3719 1568 fon-

641 1610 707 1663 te
741 1603 914 1674 ssuit,
966 1621 1138 1681 quae
1172 1608 1396 1667 omnia
1447 1614 1626 1669 tenet
1658 1614 1726 1669 et
1773 1611 2065 1670 sustinet
2097 1614 2165 1671 et
2212 1629 2416 1688 super
2448 1614 2672 1674 omnia
2718 1618 2844 1673 est.
2877 1613 3059 1673 Unde
3111 1615 3205 1688 tu,
3243 1631 3283 1673 o
3338 1612 3601 1675 factura
3634 1615 3728 1674 di-

634 1706 761 1780 giti
807 1705 947 1783 Dei,
1005 1707 1159 1784 fuge
1208 1709 1667 1786 fatigationem
1718 1713 2165 1789 obedientiae,
2218 1716 2311 1775 ita
2360 1715 2537 1792 quod
2585 1733 2716 1775 non
2767 1716 2863 1775 sis
2910 1714 3086 1775 illius
3132 1717 3721 1792 peregrinationi5‚

634 1809 753 1886 qui
801 1809 1060 1886 patrem
1095 1828 1293 1873 suurn
1341 1816 1681 1891 relinquit,
1718 1820 1785 1877 et
1831 1818 1899 1877 in
1931 1824 2279 1878 aeternum
2320 1820 2528 1879 vives.
2573 1819 2759 1880 Nunc
2790 1818 2983 1879 decet
3016 1825 3080 1879 te
3112 1826 3180 1879 et
3211 1836 3337 1879 nos
3370 1834 3725 1897 pauperes»,

633 1913 712 1973 ut
758 1915 1168 1988 aspiciamus
1205 1918 1269 1977 in
1322 1917 1600 1995 furnum,
1637 1922 1753 1998 qui
1804 1921 2106 1982 ascendit
2137 1923 2218 1983 de
2267 1939 2467 1983 manu
2517 1924 2767 1999 angeli,
2819 1922 2946 1982 hoc
2979 1928 3083 1983 est
3130 1923 3375 1997 orati0,
3427 1938 3602 1998 quae
3649 1922 3731 1981 de

634 2016 839 2076 corde
887 2021 1119 2079 nostro
1163 2022 1485 2082 ascendit:
1535 2038 1684 2083 eam
1739 2023 2061 2085 debemus
2109 2026 2498 2102 diligentius
2553 2027 2844 2086 invicem
2897 2025 3309 2100 dispensare.
3367 2024 3553 2084 Nunc
3610 2040 3726 2083 cor

635 2127 708 2179 et
755 2127 1042 2183 mentem
1094 2126 1277 2186 tuam
1325 2142 1493 2203 pura
1541 2126 1838 2188 charitas
1887 2130 2184 2206 colligat,
2221 2131 2315 2191 ita
2363 2136 2439 2191 ut
2473 2131 2745 2191 limatus
2796 2130 2968 2206 lapis
3017 2132 3083 2189 in
3130 2144 3422 2206 superna
3466 2128 3732 2188 Jerusa-

639 2226 772 2287 lem
809 2228 951 2290 fias.

2068 2387 2309 2448 CXVII.

1790 2563 1867 2624 N.
1924 2611 1935 2623 .
1993 2611 2004 2621 .
2061 2611 2072 2622 .
2126 2565 2568 2642 Hildeqardis.

712 2744 917 2799 Curam
944 2744 1263 2800 animarum
1290 2745 1643 2803 retinendam
1670 2746 1888 2812 suadet,
1915 2748 2093 2805 donec
2118 2748 2277 2805 aliud
2302 2749 2453 2806 Deus
2480 2748 2768 2805 statuerit.

730 2887 824 2947 De
872 2889 1138 2947 vivente
1197 2889 1444 2947 lumine
1492 2889 1662 2949 dico:
1732 2890 2101 2950 Cavernam
2150 2891 2501 2952 columbae
2558 2891 2680 2951 tibi
2732 2891 3037 2966 ostende,
3089 2907 3264 2967 quae
3313 2888 3731 2951 latitudinem

640 2994 903 3054 viarum
955 2993 1154 3071 hujus
1190 2996 1444 3056 saeculi
1493 3012 1625 3055 non
1657 2997 1824 3072 vult,
1876 2996 2036 3074 quia
2062 2996 2300 3073 jugum
2349 2998 2681 3073 ligaturae
2715 2996 3137 3057 obedientiae
3172 2997 3297 3057 tihi
3332 2995 3731 3072 imposuisti.

640 3098 824 3158 Unde
881 3114 1115 3158 curam
1165 3100 1542 3160 animarum
1596 3117 1799 3177 quarn
1849 3101 2080 3177 habeS,
2143 3081 2408 3177 postula
2455 3102 2537 3161 de
2588 3101 2910 3176 magistro
2961 3106 3114 3176 tu0,
3167 3102 3229 3160 ei
3278 3100 3622 3171 obedienS,
3670 3103 3733 3155 et

641 3217 879 3263 omnes
935 3218 1179 3263 causas
1231 3210 1383 3264 tuas
1434 3204 1564 3281 ipsi
1611 3203 1914 3278 ostende,
1965 3205 2253 3264 velutin
2301 3206 2597 3266 claustro
2640 3205 2758 3265 sis,
2808 3204 2889 3264 Et
2918 3210 3153 3281 postea
3202 3219 3355 3264 cum
3392 3201 3517 3262 tibi
3561 3199 3734 3259 dixe-

646 3306 759 3381 rit,
798 3311 872 3365 ut
908 3307 989 3366 ad
1027 3307 1249 3384 ipsum
1282 3307 1541 3379 veniaS,
1580 3310 1737 3369 tunc
1770 3309 1944 3369 veni.

738 3439 848 3499 sol.
886 3440 990 3501 96.
1031 3442 1336 3502 Andreae
1365 3445 1740 3520 praeposito
1773 3445 1853 3503 de
1888 3443 2254 3504 Eberbutde
2288 3445 2733 3522 Hildeqardis.
2771 3443 3018 3505 Patrol.
3056 3443 3180 3502 col.
3217 3442 3369 3502 300.

2063 3654 2331 3716 CXVIII.

1422 3848 1728 3908 Cunrado
1759 3845 1808 3923 ²)
1843 3845 2056 3907 abbati
2089 3849 2169 3907 de
2205 3847 2513 3909 Keishem
2547 3847 2989 3927 HildeyardiS.

724 4027 1050 4088 Haesitanti
1078 4047 1147 4087 ne
1173 4029 1447 4094 discedat,
1477 4045 1754 4087 remoram
1782 4030 1999 4094 subdit,
2028 4030 2174 4102 quin
2203 4037 2391 4087 tamen
2418 4045 2547 4087 eum
2576 4031 2734 4088 abire
2762 4048 2992 4103 prorsus
3019 4031 3337 4105 prohibeat.

743 4173 914 4236 Cum
955 4174 1196 4237 oculus
1247 4179 1400 4234 tuus
1450 4171 1697 4244 videat,
1734 4177 1802 4234 et
1851 4171 2137 4233 scientia
2182 4175 2296 4233 tua
2344 4172 2599 4247 vigilet,
2635 4187 2847 4249 quare
2891 4171 3169 4244 dormis,
3208 4170 3384 4231 sicut
3418 4171 3644 4231 lassus
3674 4168 3735 4229 in

654 4276 988 4340 cinctione
1036 4284 1259 4336 rectae
1307 4274 1767 4351 providentiae
1815 4275 1992 4338 oculi
2043 4275 2175 4338 tui?
2223 4276 2448 4336 Circui
2495 4291 2655 4351 ergo
2706 4275 2995 4337 sollicite
3047 4276 3112 4335 in
3161 4275 3336 4335 bona
3386 4274 3736 4350 providen-

656 4383 777 4455 tia,
811 4397 895 4444 ne
944 4382 1266 4445 talentum
1302 4387 1488 4441 tuum
1541 4379 1901 4440 infeliciter
1932 4380 2341 4456 abscondas,
2393 4379 2659 4456 quando
2695 4379 2819 4441 tibi
2854 4396 2985 4440 non
3015 4379 3313 4457 prodest,
3353 4385 3426 4438 ut
3460 4378 3735 4454 abjicias

652 4486 1114 4562 alligationem
1165 4487 1371 4562 illam,
1422 4503 1553 4562 qua
1600 4486 1849 4562 ligatus
1881 4500 1978 4559 eS,
2032 4484 2191 4545 dum
2239 4485 2408 4546 duos
2463 4486 2695 4546 oculos
2746 4486 2857 4546 vel
2906 4486 3173 4546 oculum
3220 4502 3425 4545 unum
3476 4491 3594 4545 aut
3626 4484 3740 4544 ali·-

656 4607 861 4671 quam
908 4597 1169 4668 partem
1202 4591 1468 4651 vivendi
1505 4591 1631 4650 sub
1667 4595 1781 4651 tua
1815 4590 2123 4651 custodia
2157 4589 2386 4650 habes
2423 4588 2488 4649 Si
2524 4591 2748 4650 autem
2780 4589 3037 4650 nullum
3072 4592 3341 4651 oculum
3372 4587 3642 4650 vivendi
3677 4588 3737 4647 in

659 4697 797 4758 tuis
829 4697 1041 4771 vides,
1095 4697 1213 4757 sed
1249 4714 1513 4773 semper
1545 4698 2127 4770 claudicationem,
2165 4703 2323 4757 tunc
2374 4695 2551 4771 fuge,
2587 4699 2655 4756 et
2688 4696 2948 4757 abstine
2983 4703 3047 4759 te
3081 4713 3122 4758 a
3155 4698 3569 4759 villicatione
3602 4702 3733 4756 tua.

749 4835 1034 4896 Gervino
1066 4839 1379 4897 monacho
1421 4837 1804 4896 Treverensi
1833 4831 2324 4916 (Hildeyardis)
2356 4834 2602 4894 Patrol.
2641 4835 2765 4895 col.
2802 4833 2957 4895 311.

734 5037 779 5102 ς)
803 5037 971 5094 Canis
994 5037 1114 5094 cod.
1145 5053 1334 5110 apogr.
1360 5070 1425 5082 --
1443 5039 1488 5102 2)
1516 5034 1670 5091 Idem
1696 5034 1910 5097 Akbas,
1933 5034 2027 5092 cui
2049 5048 2160 5089 am·
2252 5034 2415 5099 stola,
2454 5050 2486 5089 a
2510 5049 2618 5105 qua
2658 5034 2908 5107 ejusdem
2935 5049 3169 5090 censura
3197 5032 3332 5089 haec
3370 5047 3601 5104 prorsus
3620 5028 3733 5100 epi-

663 5123 755 5196 pla
782 5128 839 5179 et
879 5125 1177 5180 vehemens
1202 5122 1371 5176 datur
1399 5121 1548 5176 inter
1587 5119 1707 5176 edd
1753 5120 2004 5175 xxxin
2045 5119 2159 5191 epi·
2251 5122 2391 5176 stola
2421 5136 2581 5176 non
2562 5119 2785 5175 idctur
2811 5119 3011 5175 aliena.
