<?xml version="1.0" encoding="UTF-8"?>
<!DOCTYPE html PUBLIC "-//W3C//DTD XHTML 1.0 Transitional//EN"
    "http://www.w3.org/TR/xhtml1/DTD/xhtml1-transitional.dtd">
<html xmlns="http://www.w3.org/1999/xhtml" xml:lang="en" lang="en">
 <head>
  <title>
</title>
<meta http-equiv="Content-Type" content="text/html;charset=utf-8" />
  <meta name='ocr-system' content='tesseract 3.04.00' />
  <meta name='ocr-capabilities' content='ocr_page ocr_carea ocr_par ocr_line ocrx_word'/>
</head>
<body>
  <div class='ocr_page' id='page_1' title='image "analectasacrasp05pitrgoog_0586.png"; bbox 0 0 4036 6117; ppageno 0'>
   <div class='ocr_carea' id='block_1_1' title="bbox 761 452 891 523">
    <p class='ocr_par' dir='ltr' id='par_1_1' title="bbox 761 452 891 523">
     <span class='ocr_line' id='line_1_1' title="bbox 761 452 891 523; baseline 0.077 -11"><span class='ocrx_word' id='word_1_1' title='bbox 761 452 891 523; x_wconf 78' lang='lat'>518</span> 
     </span>
    </p>
   </div>
   <div class='ocr_carea' id='block_1_2' title="bbox 1302 688 3285 881">
    <p class='ocr_par' dir='ltr' id='par_1_2' title="bbox 1302 688 3285 881">
     <span class='ocr_line' id='line_1_2' title="bbox 1302 688 3285 881; baseline 0.001 -2"><span class='ocrx_word' id='word_1_2' title='bbox 1302 752 2011 880; x_wconf 81' lang='lat' dir='ltr'><strong>SANCTAE</strong></span> <span class='ocrx_word' id='word_1_3' title='bbox 2119 750 3178 881; x_wconf 83' lang='lat' dir='ltr'><strong>HILDEGARDIS</strong></span> <span class='ocrx_word' id='word_1_4' title='bbox 3280 688 3285 693; x_wconf 64' lang='grc'><strong>’</strong></span> 
     </span>
    </p>
   </div>
   <div class='ocr_carea' id='block_1_3' title="bbox 1958 1033 2526 1096">
    <p class='ocr_par' dir='ltr' id='par_1_3' title="bbox 1958 1033 2526 1096">
     <span class='ocr_line' id='line_1_3' title="bbox 1958 1033 2526 1096; baseline 0 -3"><span class='ocrx_word' id='word_1_5' title='bbox 1958 1033 2526 1096; x_wconf 81' lang='lat' dir='ltr'><strong>EPISTOLARUM</strong></span> 
     </span>
    </p>
   </div>
   <div class='ocr_carea' id='block_1_4' title="bbox 1540 1236 2953 1332">
    <p class='ocr_par' dir='ltr' id='par_1_4' title="bbox 1540 1236 2953 1332">
     <span class='ocr_line' id='line_1_4' title="bbox 1540 1236 2953 1332; baseline 0 -23"><span class='ocrx_word' id='word_1_6' title='bbox 1540 1236 1815 1310; x_wconf 63' lang='lat' dir='ltr'>Nova</span> <span class='ocrx_word' id='word_1_7' title='bbox 1869 1236 1996 1310; x_wconf 84' lang='lat' dir='ltr'>ET</span> <span class='ocrx_word' id='word_1_8' title='bbox 2048 1237 2453 1312; x_wconf 80' lang='lat' dir='ltr'>ALTERA</span> <span class='ocrx_word' id='word_1_9' title='bbox 2503 1237 2843 1312; x_wconf 68' lang='lat' dir='ltr'>sumus</span> <span class='ocrx_word' id='word_1_10' title='bbox 2884 1242 2953 1332; x_wconf 92' lang='lat'>1)</span> 
     </span>
    </p>
   </div>
   <div class='ocr_carea' id='block_1_5' title="bbox 2052 1432 2440 1450">
    <p class='ocr_par' dir='ltr' id='par_1_5' title="bbox 2052 1432 2440 1450">
     <span class='ocr_line' id='line_1_5' title="bbox 2052 1432 2440 1450; baseline 0 4667"><span class='ocrx_word' id='word_1_11' title='bbox 2052 1432 2440 1450; x_wconf 95' lang='lat' dir='ltr'> </span> 
     </span>
    </p>
   </div>
   <div class='ocr_carea' id='block_1_6' title="bbox 2110 1681 2386 1743">
    <p class='ocr_par' dir='ltr' id='par_1_6' title="bbox 2110 1681 2386 1743">
     <span class='ocr_line' id='line_1_6' title="bbox 2110 1681 2386 1743; baseline -0.007 0"><span class='ocrx_word' id='word_1_12' title='bbox 2110 1681 2386 1743; x_wconf 88' lang='lat' dir='ltr'><strong>XXXIII.</strong></span> 
     </span>
    </p>
   </div>
   <div class='ocr_carea' id='block_1_7' title="bbox 1046 1891 3480 1972">
    <p class='ocr_par' dir='ltr' id='par_1_7' title="bbox 1046 1891 3480 1972">
     <span class='ocr_line' id='line_1_7' title="bbox 1046 1891 3480 1972; baseline -0.003 -16"><span class='ocrx_word' id='word_1_13' title='bbox 1046 1894 1340 1972; x_wconf 77' lang='lat' dir='ltr'><em>Epistola</em></span> <span class='ocrx_word' id='word_1_14' title='bbox 1368 1893 1792 1972; x_wconf 73' lang='lat' dir='ltr'>fflldeqardis</span> <span class='ocrx_word' id='word_1_15' title='bbox 1825 1894 1912 1952; x_wconf 83' lang='lat' dir='ltr'>ad</span> <span class='ocrx_word' id='word_1_16' title='bbox 1946 1893 2340 1970; x_wconf 79' lang='lat' dir='ltr'><strong><em>Philippum</em></strong></span> <span class='ocrx_word' id='word_1_17' title='bbox 2388 1892 2847 1953; x_wconf 61' lang='lat' dir='ltr'>‘coloniensem</span> <span class='ocrx_word' id='word_1_18' title='bbox 2881 1891 3480 1971; x_wconf 77' lang='lat' dir='ltr'>archiepiscopum.</span> 
     </span>
    </p>
   </div>
   <div class='ocr_carea' id='block_1_8' title="bbox 703 2088 3775 2256">
    <p class='ocr_par' dir='ltr' id='par_1_8' title="bbox 703 2088 3775 2256">
     <span class='ocr_line' id='line_1_8' title="bbox 771 2088 3775 2166; baseline -0.003 -12"><span class='ocrx_word' id='word_1_19' title='bbox 771 2097 896 2155; x_wconf 83' lang='lat' dir='ltr'>Sub</span> <span class='ocrx_word' id='word_1_20' title='bbox 921 2097 1081 2161; x_wconf 83' lang='lat' dir='ltr'>solis,</span> <span class='ocrx_word' id='word_1_21' title='bbox 1099 2096 1274 2159; x_wconf 85' lang='lat' dir='ltr'>horti.</span> <span class='ocrx_word' id='word_1_22' title='bbox 1297 2095 1494 2159; x_wconf 84' lang='lat' dir='ltr'>turris.</span> <span class='ocrx_word' id='word_1_23' title='bbox 1524 2095 1800 2155; x_wconf 76' lang='lat' dir='ltr'>vermiu·</span> <span class='ocrx_word' id='word_1_24' title='bbox 1840 2101 1900 2152; x_wconf 80' lang='lat' dir='ltr'>et</span> <span class='ocrx_word' id='word_1_25' title='bbox 1935 2095 2328 2152; x_wconf 77' lang='lat' dir='ltr'>columbarum</span> <span class='ocrx_word' id='word_1_26' title='bbox 2348 2093 2637 2164; x_wconf 76' lang='lat' dir='ltr'>allegoriis</span> <span class='ocrx_word' id='word_1_27' title='bbox 2662 2094 2927 2149; x_wconf 75' lang='lat' dir='ltr'>hortatur</span> <span class='ocrx_word' id='word_1_28' title='bbox 2948 2091 3307 2166; x_wconf 71' lang='lat' dir='ltr'>Philippum.</span> <span class='ocrx_word' id='word_1_29' title='bbox 3328 2092 3585 2149; x_wconf 67' lang='lat' dir='ltr'>avaritia</span> <span class='ocrx_word' id='word_1_30' title='bbox 3608 2091 3662 2146; x_wconf 86' lang='lat' dir='ltr'>in</span> <span class='ocrx_word' id='word_1_31' title='bbox 3680 2088 3775 2163; x_wconf 83' lang='lat' dir='ltr'>pri-</span> 
     </span>
     <span class='ocr_line' id='line_1_9' title="bbox 703 2182 2264 2256; baseline 0 -17"><span class='ocrx_word' id='word_1_32' title='bbox 703 2204 708 2209; x_wconf 45' lang='lat'><em>*</em></span> <span class='ocrx_word' id='word_1_33' title='bbox 741 2183 853 2245; x_wconf 80' lang='lat' dir='ltr'>mis</span> <span class='ocrx_word' id='word_1_34' title='bbox 875 2190 1219 2256; x_wconf 64' lang='lat' dir='ltr'>opponam.</span> <span class='ocrx_word' id='word_1_35' title='bbox 1245 2183 1314 2239; x_wconf 82' lang='lat' dir='ltr'>sd</span> <span class='ocrx_word' id='word_1_36' title='bbox 1355 2183 1531 2239; x_wconf 76' lang='lat' dir='ltr'>vitan</span> <span class='ocrx_word' id='word_1_37' title='bbox 1567 2182 1848 2253; x_wconf 75' lang='lat' dir='ltr'>integi-sm</span> <span class='ocrx_word' id='word_1_38' title='bbox 1875 2182 2264 2240; x_wconf 76' lang='lat' dir='ltr'>exercendam.</span> 
     </span>
    </p>
   </div>
   <div class='ocr_carea' id='block_1_9' title="bbox 695 2319 3782 3238">
    <p class='ocr_par' dir='ltr' id='par_1_9' title="bbox 695 2319 3782 3238">
     <span class='ocr_line' id='line_1_10' title="bbox 779 2319 3775 2400; baseline -0.001 -18"><span class='ocrx_word' id='word_1_39' title='bbox 779 2320 842 2382; x_wconf 84' lang='grc' dir='ltr'>Ο</span> <span class='ocrx_word' id='word_1_40' title='bbox 876 2327 972 2394; x_wconf 85' lang='lat' dir='ltr'>tu,</span> <span class='ocrx_word' id='word_1_41' title='bbox 1010 2323 1120 2398; x_wconf 90' lang='lat' dir='ltr'>qui</span> <span class='ocrx_word' id='word_1_42' title='bbox 1175 2321 1240 2382; x_wconf 90' lang='lat' dir='ltr'>in</span> <span class='ocrx_word' id='word_1_43' title='bbox 1273 2338 1562 2397; x_wconf 82' lang='lat' dir='ltr'>persona</span> <span class='ocrx_word' id='word_1_44' title='bbox 1613 2323 1726 2384; x_wconf 89' lang='lat' dir='ltr'>illa</span> <span class='ocrx_word' id='word_1_45' title='bbox 1761 2340 1859 2399; x_wconf 78' lang='lat' dir='ltr'>ee,</span> <span class='ocrx_word' id='word_1_46' title='bbox 1910 2340 2083 2400; x_wconf 85' lang='lat' dir='ltr'>quae</span> <span class='ocrx_word' id='word_1_47' title='bbox 2119 2341 2157 2383; x_wconf 97' lang='lat' dir='ltr'>a</span> <span class='ocrx_word' id='word_1_48' title='bbox 2208 2322 2337 2383; x_wconf 93' lang='lat' dir='ltr'>Deo</span> <span class='ocrx_word' id='word_1_49' title='bbox 2387 2325 2454 2384; x_wconf 89' lang='lat' dir='ltr'>et</span> <span class='ocrx_word' id='word_1_50' title='bbox 2486 2339 2615 2383; x_wconf 90' lang='lat' dir='ltr'>non</span> <span class='ocrx_word' id='word_1_51' title='bbox 2665 2321 2749 2382; x_wconf 89' lang='lat' dir='ltr'>ab</span> <span class='ocrx_word' id='word_1_52' title='bbox 2794 2320 3175 2383; x_wconf 88' lang='lat' dir='ltr'>hominibus</span> <span class='ocrx_word' id='word_1_53' title='bbox 3223 2336 3319 2396; x_wconf 72' lang='lat' dir='ltr'>ee,</span> <span class='ocrx_word' id='word_1_54' title='bbox 3376 2325 3581 2398; x_wconf 84' lang='lat' dir='ltr'>quem</span> <span class='ocrx_word' id='word_1_55' title='bbox 3627 2319 3775 2379; x_wconf 87' lang='lat' dir='ltr'>Deus</span> 
     </span>
     <span class='ocr_line' id='line_1_11' title="bbox 698 2423 3776 2503; baseline -0.001 -20"><span class='ocrx_word' id='word_1_56' title='bbox 698 2423 996 2484; x_wconf 83' lang='lat' dir='ltr'>omnium</span> <span class='ocrx_word' id='word_1_57' title='bbox 1034 2431 1256 2484; x_wconf 87' lang='lat' dir='ltr'>rector</span> <span class='ocrx_word' id='word_1_58' title='bbox 1288 2424 1674 2488; x_wconf 80' lang='lat' dir='ltr'>hominibus</span> <span class='ocrx_word' id='word_1_59' title='bbox 1721 2427 1857 2494; x_wconf 79' lang='lat' dir='ltr'>dat,</span> <span class='ocrx_word' id='word_1_60' title='bbox 1909 2432 1985 2485; x_wconf 89' lang='lat' dir='ltr'>ut</span> <span class='ocrx_word' id='word_1_61' title='bbox 2016 2426 2087 2485; x_wconf 91' lang='lat' dir='ltr'>in</span> <span class='ocrx_word' id='word_1_62' title='bbox 2125 2427 2265 2484; x_wconf 89' lang='lat' dir='ltr'>vice</span> <span class='ocrx_word' id='word_1_63' title='bbox 2302 2442 2424 2485; x_wconf 88' lang='lat' dir='ltr'>sua</span> <span class='ocrx_word' id='word_1_64' title='bbox 2470 2427 2627 2494; x_wconf 83' lang='lat' dir='ltr'>sint,</span> <span class='ocrx_word' id='word_1_65' title='bbox 2667 2424 2838 2487; x_wconf 84' lang='lat' dir='ltr'>unde</span> <span class='ocrx_word' id='word_1_66' title='bbox 2872 2431 2941 2485; x_wconf 87' lang='lat' dir='ltr'>et</span> <span class='ocrx_word' id='word_1_67' title='bbox 2974 2431 3044 2485; x_wconf 88' lang='lat' dir='ltr'>tu</span> <span class='ocrx_word' id='word_1_68' title='bbox 3080 2425 3361 2503; x_wconf 82' lang='lat' dir='ltr'>provide</span> <span class='ocrx_word' id='word_1_69' title='bbox 3414 2425 3698 2501; x_wconf 79' lang='lat' dir='ltr'>qualiter</span> <span class='ocrx_word' id='word_1_70' title='bbox 3726 2424 3776 2481; x_wconf 87' lang='lat' dir='ltr'>in</span> 
     </span>
     <span class='ocr_line' id='line_1_12' title="bbox 701 2514 3778 2610; baseline 0.002 -24"><span class='ocrx_word' id='word_1_71' title='bbox 701 2528 849 2588; x_wconf 86' lang='lat' dir='ltr'>vice</span> <span class='ocrx_word' id='word_1_72' title='bbox 886 2530 1132 2590; x_wconf 78' lang='lat' dir='ltr'>Christi</span> <span class='ocrx_word' id='word_1_73' title='bbox 1167 2533 1288 2592; x_wconf 77' lang='lat' dir='ltr'>sie.</span> <span class='ocrx_word' id='word_1_74' title='bbox 1327 2534 1396 2593; x_wconf 87' lang='lat' dir='ltr'>lu</span> <span class='ocrx_word' id='word_1_75' title='bbox 1431 2514 1689 2595; x_wconf 84' lang='lat' dir='ltr'>visione</span> <span class='ocrx_word' id='word_1_76' title='bbox 1720 2535 1898 2595; x_wconf 90' lang='lat' dir='ltr'>enim</span> <span class='ocrx_word' id='word_1_77' title='bbox 1933 2534 2067 2594; x_wconf 83' lang='lat' dir='ltr'>vidi</span> <span class='ocrx_word' id='word_1_78' title='bbox 2107 2535 2299 2610; x_wconf 61' lang='lat' dir='ltr'>quasi</span> <span class='ocrx_word' id='word_1_79' title='bbox 2338 2534 2572 2608; x_wconf 81' lang='lat' dir='ltr'>solem,</span> <span class='ocrx_word' id='word_1_80' title='bbox 2614 2534 2817 2592; x_wconf 88' lang='lat' dir='ltr'>nimi0</span> <span class='ocrx_word' id='word_1_81' title='bbox 2853 2534 3094 2593; x_wconf 82' lang='lat' dir='ltr'>ardore</span> <span class='ocrx_word' id='word_1_82' title='bbox 3130 2550 3254 2594; x_wconf 91' lang='lat' dir='ltr'>suo</span> <span class='ocrx_word' id='word_1_83' title='bbox 3293 2534 3359 2593; x_wconf 88' lang='lat' dir='ltr'>in</span> <span class='ocrx_word' id='word_1_84' title='bbox 3417 2535 3630 2593; x_wconf 86' lang='lat' dir='ltr'>lutum</span> <span class='ocrx_word' id='word_1_85' title='bbox 3666 2532 3778 2608; x_wconf 84' lang='lat' dir='ltr'>ple-</span> 
     </span>
     <span class='ocr_line' id='line_1_13' title="bbox 701 2634 3778 2715; baseline -0 -24"><span class='ocrx_word' id='word_1_86' title='bbox 701 2647 860 2692; x_wconf 87' lang='lat' dir='ltr'>num</span> <span class='ocrx_word' id='word_1_87' title='bbox 900 2635 1223 2695; x_wconf 87' lang='lat' dir='ltr'>vermium</span> <span class='ocrx_word' id='word_1_88' title='bbox 1263 2635 1540 2715; x_wconf 79' lang='lat' dir='ltr'>fulgere;</span> <span class='ocrx_word' id='word_1_89' title='bbox 1579 2639 1692 2715; x_wconf 87' lang='lat' dir='ltr'>qui</span> <span class='ocrx_word' id='word_1_90' title='bbox 1727 2653 1889 2714; x_wconf 84' lang='lat' dir='ltr'>prae</span> <span class='ocrx_word' id='word_1_91' title='bbox 1925 2638 2166 2711; x_wconf 72' lang='lat' dir='ltr'>gaudio</span> <span class='ocrx_word' id='word_1_92' title='bbox 2203 2645 2434 2697; x_wconf 65' lang='lat' dir='ltr'>aestus</span> <span class='ocrx_word' id='word_1_93' title='bbox 2471 2653 2543 2696; x_wconf 90' lang='lat' dir='ltr'>se</span> <span class='ocrx_word' id='word_1_94' title='bbox 2577 2636 2950 2713; x_wconf 83' lang='lat' dir='ltr'>erigebant,</span> <span class='ocrx_word' id='word_1_95' title='bbox 2987 2636 3102 2697; x_wconf 85' lang='lat' dir='ltr'>sed</span> <span class='ocrx_word' id='word_1_96' title='bbox 3148 2636 3421 2696; x_wconf 86' lang='lat' dir='ltr'>tandem</span> <span class='ocrx_word' id='word_1_97' title='bbox 3478 2634 3778 2693; x_wconf 84' lang='lat' dir='ltr'>fervorem</span> 
     </span>
     <span class='ocr_line' id='line_1_14' title="bbox 700 2736 3779 2819; baseline 0 -23"><span class='ocrx_word' id='word_1_98' title='bbox 700 2738 953 2819; x_wconf 80' lang='lat' dir='ltr'>caloris</span> <span class='ocrx_word' id='word_1_99' title='bbox 1001 2754 1422 2815; x_wconf 80' lang='lat' dir='ltr'><strong>nequaquam</strong></span> <span class='ocrx_word' id='word_1_100' title='bbox 1472 2741 1897 2815; x_wconf 75' lang='lat' dir='ltr'>sufferentes,</span> <span class='ocrx_word' id='word_1_101' title='bbox 1951 2758 2023 2801; x_wconf 88' lang='lat' dir='ltr'>se</span> <span class='ocrx_word' id='word_1_102' title='bbox 2057 2742 2445 2816; x_wconf 55' lang='lat' dir='ltr'>&lt;leprae-udo</span> <span class='ocrx_word' id='word_1_103' title='bbox 2497 2742 3007 2802; x_wconf 85' lang='lat' dir='ltr'>absconderent:</span> <span class='ocrx_word' id='word_1_104' title='bbox 3048 2741 3221 2803; x_wconf 91' lang='lat' dir='ltr'>unde</span> <span class='ocrx_word' id='word_1_105' title='bbox 3269 2747 3337 2800; x_wconf 89' lang='lat' dir='ltr'>et</span> <span class='ocrx_word' id='word_1_106' title='bbox 3377 2743 3593 2800; x_wconf 85' lang='lat' dir='ltr'>lutum</span> <span class='ocrx_word' id='word_1_107' title='bbox 3645 2736 3779 2798; x_wconf 89' lang='lat' dir='ltr'>illud</span> 
     </span>
     <span class='ocr_line' id='line_1_15' title="bbox 702 2841 3780 2923; baseline -0.001 -24"><span class='ocrx_word' id='word_1_108' title='bbox 702 2854 1018 2916; x_wconf 84' lang='lat' dir='ltr'>magnum</span> <span class='ocrx_word' id='word_1_109' title='bbox 1071 2841 1349 2903; x_wconf 75' lang='lat' dir='ltr'>fetorem</span> <span class='ocrx_word' id='word_1_110' title='bbox 1383 2845 1629 2905; x_wconf 84' lang='lat' dir='ltr'><strong>emisit.</strong></span> <span class='ocrx_word' id='word_1_111' title='bbox 1681 2844 1823 2904; x_wconf 86' lang='lat' dir='ltr'>Vidi</span> <span class='ocrx_word' id='word_1_112' title='bbox 1861 2845 2063 2905; x_wconf 89' lang='lat' dir='ltr'>etiam</span> <span class='ocrx_word' id='word_1_113' title='bbox 2098 2843 2271 2921; x_wconf 85' lang='lat' dir='ltr'>quod</span> <span class='ocrx_word' id='word_1_114' title='bbox 2314 2844 2377 2902; x_wconf 90' lang='lat' dir='ltr'>in</span> <span class='ocrx_word' id='word_1_115' title='bbox 2414 2843 2681 2904; x_wconf 87' lang='lat' dir='ltr'>hortum</span> <span class='ocrx_word' id='word_1_116' title='bbox 2719 2844 2821 2903; x_wconf 90' lang='lat' dir='ltr'>sol</span> <span class='ocrx_word' id='word_1_117' title='bbox 2859 2843 3178 2923; x_wconf 72' lang='lat' dir='ltr'>fulgebat,</span> <span class='ocrx_word' id='word_1_118' title='bbox 3220 2843 3281 2903; x_wconf 91' lang='lat' dir='ltr'>in</span> <span class='ocrx_word' id='word_1_119' title='bbox 3316 2859 3457 2919; x_wconf 86' lang='lat' dir='ltr'>quo</span> <span class='ocrx_word' id='word_1_120' title='bbox 3515 2857 3700 2903; x_wconf 80' lang='lat' dir='ltr'>rosae</span> <span class='ocrx_word' id='word_1_121' title='bbox 3727 2842 3780 2898; x_wconf 86' lang='lat' dir='ltr'>et</span> 
     </span>
     <span class='ocr_line' id='line_1_16' title="bbox 702 2930 3782 3026; baseline 0.001 -21"><span class='ocrx_word' id='word_1_122' title='bbox 702 2943 846 3007; x_wconf 85' lang='lat' dir='ltr'>lilia</span> <span class='ocrx_word' id='word_1_123' title='bbox 879 2962 957 3006; x_wconf 87' lang='lat' dir='ltr'>ac</span> <span class='ocrx_word' id='word_1_124' title='bbox 991 2948 1214 3008; x_wconf 88' lang='lat' dir='ltr'>omnia</span> <span class='ocrx_word' id='word_1_125' title='bbox 1245 2964 1492 3023; x_wconf 71' lang='lat' dir='ltr'>genera</span> <span class='ocrx_word' id='word_1_126' title='bbox 1527 2950 2018 3026; x_wconf 74' lang='lat' dir='ltr'>pigmentorum</span> <span class='ocrx_word' id='word_1_127' title='bbox 2053 2951 2471 3023; x_wconf 79' lang='lat' dir='ltr'>crescebant,</span> <span class='ocrx_word' id='word_1_128' title='bbox 2508 2957 2576 3011; x_wconf 88' lang='lat' dir='ltr'>et</span> <span class='ocrx_word' id='word_1_129' title='bbox 2612 2951 2720 3011; x_wconf 88' lang='lat' dir='ltr'>ubi</span> <span class='ocrx_word' id='word_1_130' title='bbox 2760 2966 2877 3026; x_wconf 84' lang='lat' dir='ltr'>per</span> <span class='ocrx_word' id='word_1_131' title='bbox 2920 2930 3218 3019; x_wconf 23' lang='lat' dir='ltr'>*calorem</span> <span class='ocrx_word' id='word_1_132' title='bbox 3254 2953 3424 3013; x_wconf 82' lang='lat' dir='ltr'>solis</span> <span class='ocrx_word' id='word_1_133' title='bbox 3464 2951 3658 3011; x_wconf 88' lang='lat' dir='ltr'>ssores</span> <span class='ocrx_word' id='word_1_134' title='bbox 3691 2950 3782 3008; x_wconf 87' lang='lat' dir='ltr'>sso-</span> 
     </span>
     <span class='ocr_line' id='line_1_17' title="bbox 700 3051 3776 3133; baseline 0.001 -24"><span class='ocrx_word' id='word_1_135' title='bbox 700 3051 981 3126; x_wconf 87' lang='lat' dir='ltr'>ruerint,</span> <span class='ocrx_word' id='word_1_136' title='bbox 1032 3058 1100 3112; x_wconf 91' lang='lat' dir='ltr'>et</span> <span class='ocrx_word' id='word_1_137' title='bbox 1133 3053 1467 3130; x_wconf 75' lang='lat' dir='ltr'>pigmenta</span> <span class='ocrx_word' id='word_1_138' title='bbox 1513 3057 1583 3116; x_wconf 81' lang='lat' dir='ltr'>in</span> <span class='ocrx_word' id='word_1_139' title='bbox 1619 3056 1960 3118; x_wconf 73' lang='lat' dir='ltr'>radicibus</span> <span class='ocrx_word' id='word_1_140' title='bbox 2009 3057 2153 3117; x_wconf 87' lang='lat' dir='ltr'>suis</span> <span class='ocrx_word' id='word_1_141' title='bbox 2191 3056 2634 3133; x_wconf 84' lang='lat' dir='ltr'>multiplicata</span> <span class='ocrx_word' id='word_1_142' title='bbox 2684 3056 2841 3127; x_wconf 89' lang='lat' dir='ltr'>sint,</span> <span class='ocrx_word' id='word_1_143' title='bbox 2881 3072 2959 3116; x_wconf 90' lang='lat' dir='ltr'>ac</span> <span class='ocrx_word' id='word_1_144' title='bbox 3003 3057 3479 3117; x_wconf 85' lang='lat' dir='ltr'>dulcissimum</span> <span class='ocrx_word' id='word_1_145' title='bbox 3533 3055 3776 3116; x_wconf 86' lang='lat' dir='ltr'>odorem</span> 
     </span>
     <span class='ocr_line' id='line_1_18' title="bbox 695 3144 3775 3238; baseline 0 -23"><span class='ocrx_word' id='word_1_146' title='bbox 695 3154 1023 3229; x_wconf 76' lang='lat' dir='ltr'>dederint,</span> <span class='ocrx_word' id='word_1_147' title='bbox 1080 3159 1170 3219; x_wconf 72' lang='lat' dir='ltr'>ita</span> <span class='ocrx_word' id='word_1_148' title='bbox 1217 3159 1395 3235; x_wconf 84' lang='lat' dir='ltr'>quod</span> <span class='ocrx_word' id='word_1_149' title='bbox 1446 3160 1717 3236; x_wconf 86' lang='lat' dir='ltr'>plurimi</span> <span class='ocrx_word' id='word_1_150' title='bbox 1766 3159 2070 3220; x_wconf 81' lang='lat' dir='ltr'>honines</span> <span class='ocrx_word' id='word_1_151' title='bbox 2120 3161 2525 3221; x_wconf 83' lang='lat' dir='ltr'>suavissimo</span> <span class='ocrx_word' id='word_1_152' title='bbox 2560 3160 2765 3221; x_wconf 90' lang='lat' dir='ltr'>odore</span> <span class='ocrx_word' id='word_1_153' title='bbox 2815 3161 2947 3220; x_wconf 87' lang='lat' dir='ltr'>isto</span> <span class='ocrx_word' id='word_1_154' title='bbox 2995 3144 3260 3238; x_wconf 78' lang='lat' dir='ltr'>repleti,</span> <span class='ocrx_word' id='word_1_155' title='bbox 3298 3161 3381 3221; x_wconf 81' lang='lat' dir='ltr'>de</span> <span class='ocrx_word' id='word_1_156' title='bbox 3424 3161 3619 3220; x_wconf 85' lang='lat' dir='ltr'>horto</span> <span class='ocrx_word' id='word_1_157' title='bbox 3667 3161 3775 3217; x_wconf 88' lang='lat' dir='ltr'>isto</span> 
     </span>
    </p>
   </div>
   <div class='ocr_carea' id='block_1_10' title="bbox 700 3249 3785 3661">
    <p class='ocr_par' dir='ltr' id='par_1_10' title="bbox 700 3249 3785 3661">
     <span class='ocr_line' id='line_1_19' title="bbox 700 3249 3777 3349; baseline 0.003 -30"><span class='ocrx_word' id='word_1_158' title='bbox 700 3264 897 3337; x_wconf 84' lang='lat' dir='ltr'>quasi</span> <span class='ocrx_word' id='word_1_159' title='bbox 937 3265 1028 3325; x_wconf 84' lang='lat' dir='ltr'>&#39;de</span> <span class='ocrx_word' id='word_1_160' title='bbox 1078 3271 1391 3344; x_wconf 80' lang='lat' dir='ltr'>paradiso</span> <span class='ocrx_word' id='word_1_161' title='bbox 1439 3271 1752 3349; x_wconf 81' lang='lat' dir='ltr'>gaudium</span> <span class='ocrx_word' id='word_1_162' title='bbox 1792 3249 2193 3333; x_wconf 63' lang='lat' dir='ltr'>habuerint.⁴</span> <span class='ocrx_word' id='word_1_163' title='bbox 2220 3273 2299 3333; x_wconf 86' lang='lat' dir='ltr'>Et</span> <span class='ocrx_word' id='word_1_164' title='bbox 2333 3272 2559 3333; x_wconf 88' lang='lat' dir='ltr'>audivi</span> <span class='ocrx_word' id='word_1_165' title='bbox 2598 3287 2828 3333; x_wconf 90' lang='lat' dir='ltr'>vocem</span> <span class='ocrx_word' id='word_1_166' title='bbox 2877 3269 3234 3333; x_wconf 79' lang='lat' dir='ltr'>desursum</span> <span class='ocrx_word' id='word_1_167' title='bbox 3270 3273 3610 3333; x_wconf 85' lang='lat' dir='ltr'>dicentem</span> <span class='ocrx_word' id='word_1_168' title='bbox 3662 3270 3777 3330; x_wconf 83' lang='lat' dir='ltr'>tibi:</span> 
     </span>
     <span class='ocr_line' id='line_1_20' title="bbox 701 3363 3777 3453; baseline 0.002 -29"><span class='ocrx_word' id='word_1_169' title='bbox 701 3363 1005 3446; x_wconf 84' lang='lat' dir='ltr'>Propone</span> <span class='ocrx_word' id='word_1_170' title='bbox 1056 3375 1198 3442; x_wconf 85' lang='lat' dir='ltr'>tibi,</span> <span class='ocrx_word' id='word_1_171' title='bbox 1235 3392 1272 3438; x_wconf 91' lang='lat' dir='ltr'>o</span> <span class='ocrx_word' id='word_1_172' title='bbox 1311 3375 1529 3452; x_wconf 85' lang='lat' dir='ltr'>homo,</span> <span class='ocrx_word' id='word_1_173' title='bbox 1582 3381 1806 3438; x_wconf 86' lang='lat' dir='ltr'>utrum</span> <span class='ocrx_word' id='word_1_174' title='bbox 1841 3379 2091 3453; x_wconf 78' lang='lat' dir='ltr'>eligere</span> <span class='ocrx_word' id='word_1_175' title='bbox 2143 3377 2308 3436; x_wconf 87' lang='lat' dir='ltr'>velis</span> <span class='ocrx_word' id='word_1_176' title='bbox 2346 3378 2410 3437; x_wconf 90' lang='lat' dir='ltr'>in</span> <span class='ocrx_word' id='word_1_177' title='bbox 2446 3374 3019 3452; x_wconf 86' lang='lat' dir='ltr'>praedicto-horto</span> <span class='ocrx_word' id='word_1_178' title='bbox 3065 3375 3466 3438; x_wconf 71' lang='lat' dir='ltr'>deliciarum</span> <span class='ocrx_word' id='word_1_179' title='bbox 3508 3388 3777 3441; x_wconf 83' lang='lat' dir='ltr'>manere,</span> 
     </span>
     <span class='ocr_line' id='line_1_21' title="bbox 703 3472 3785 3556; baseline 0.003 -29"><span class='ocrx_word' id='word_1_180' title='bbox 703 3475 823 3528; x_wconf 84' lang='lat' dir='ltr'>aut</span> <span class='ocrx_word' id='word_1_181' title='bbox 856 3472 921 3531; x_wconf 90' lang='lat' dir='ltr'>in</span> <span class='ocrx_word' id='word_1_182' title='bbox 957 3473 1201 3538; x_wconf 84' lang='lat' dir='ltr'>fetente</span> <span class='ocrx_word' id='word_1_183' title='bbox 1236 3481 1719 3548; x_wconf 84' lang='lat' dir='ltr'>stercorecum</span> <span class='ocrx_word' id='word_1_184' title='bbox 1757 3482 2098 3541; x_wconf 86' lang='lat' dir='ltr'>vermibus</span> <span class='ocrx_word' id='word_1_185' title='bbox 2127 3480 2375 3556; x_wconf 79' lang='lat' dir='ltr'>jacere:</span> <span class='ocrx_word' id='word_1_186' title='bbox 2416 3484 2483 3541; x_wconf 90' lang='lat' dir='ltr'>et</span> <span class='ocrx_word' id='word_1_187' title='bbox 2517 3488 2738 3541; x_wconf 86' lang='lat' dir='ltr'>utrum</span> <span class='ocrx_word' id='word_1_188' title='bbox 2777 3481 2986 3540; x_wconf 90' lang='lat' dir='ltr'>altum</span> <span class='ocrx_word' id='word_1_189' title='bbox 3026 3480 3378 3556; x_wconf 85' lang='lat' dir='ltr'>templum,</span> <span class='ocrx_word' id='word_1_190' title='bbox 3418 3496 3576 3539; x_wconf 89' lang='lat' dir='ltr'>cum</span> <span class='ocrx_word' id='word_1_191' title='bbox 3613 3477 3785 3538; x_wconf 87' lang='lat' dir='ltr'>turri·</span> 
     </span>
     <span class='ocr_line' id='line_1_22' title="bbox 705 3569 3780 3661; baseline 0.003 -30"><span class='ocrx_word' id='word_1_192' title='bbox 705 3569 832 3632; x_wconf 87' lang='lat' dir='ltr'>bus</span> <span class='ocrx_word' id='word_1_193' title='bbox 867 3575 1031 3638; x_wconf 89' lang='lat' dir='ltr'>bene</span> <span class='ocrx_word' id='word_1_194' title='bbox 1066 3588 1397 3656; x_wconf 89' lang='lat' dir='ltr'>ornatum,</span> <span class='ocrx_word' id='word_1_195' title='bbox 1434 3599 1553 3658; x_wconf 88' lang='lat' dir='ltr'>per</span> <span class='ocrx_word' id='word_1_196' title='bbox 1585 3584 1778 3660; x_wconf 84' lang='lat' dir='ltr'>cujus</span> <span class='ocrx_word' id='word_1_197' title='bbox 1825 3584 2156 3644; x_wconf 81' lang='lat' dir='ltr'>fenestras</span> <span class='ocrx_word' id='word_1_198' title='bbox 2191 3586 2368 3646; x_wconf 92' lang='lat' dir='ltr'>oculi</span> <span class='ocrx_word' id='word_1_199' title='bbox 2404 3585 2866 3646; x_wconf 83' lang='lat' dir='ltr'>columbarum</span> <span class='ocrx_word' id='word_1_200' title='bbox 2902 3585 3350 3661; x_wconf 86' lang='lat' dir='ltr'>aspiciuntur,</span> <span class='ocrx_word' id='word_1_201' title='bbox 3388 3602 3473 3645; x_wconf 88' lang='lat' dir='ltr'>an</span> <span class='ocrx_word' id='word_1_202' title='bbox 3529 3597 3780 3661; x_wconf 84' lang='lat' dir='ltr'>parvum</span> 
     </span>
    </p>
   </div>
   <div class='ocr_carea' id='block_1_11' title="bbox 703 3674 3779 3861">
    <p class='ocr_par' dir='ltr' id='par_1_11' title="bbox 703 3674 3779 3861">
     <span class='ocr_line' id='line_1_23' title="bbox 703 3674 3779 3766; baseline 0.005 -33"><span class='ocrx_word' id='word_1_203' title='bbox 703 3674 1160 3744; x_wconf 83' lang='lat' dir='ltr'>habitaculum</span> <span class='ocrx_word' id='word_1_204' title='bbox 1196 3688 1516 3747; x_wconf 84' lang='lat' dir='ltr'>stramine</span> <span class='ocrx_word' id='word_1_205' title='bbox 1551 3686 1912 3763; x_wconf 79' lang='lat' dir='ltr'>obtectum,</span> <span class='ocrx_word' id='word_1_206' title='bbox 1953 3690 2017 3749; x_wconf 91' lang='lat' dir='ltr'>in</span> <span class='ocrx_word' id='word_1_207' title='bbox 2052 3705 2183 3766; x_wconf 87' lang='lat' dir='ltr'>quo</span> <span class='ocrx_word' id='word_1_208' title='bbox 2222 3690 2331 3749; x_wconf 83' lang='lat' dir='ltr'>vix</span> <span class='ocrx_word' id='word_1_209' title='bbox 2367 3689 2664 3750; x_wconf 76' lang='lat' dir='ltr'>rustIcus</span> <span class='ocrx_word' id='word_1_210' title='bbox 2699 3688 2919 3750; x_wconf 90' lang='lat' dir='ltr'>locum</span> <span class='ocrx_word' id='word_1_211' title='bbox 2954 3705 3105 3752; x_wconf 89' lang='lat' dir='ltr'>cum</span> <span class='ocrx_word' id='word_1_212' title='bbox 3153 3690 3298 3750; x_wconf 85' lang='lat' dir='ltr'>suis</span> <span class='ocrx_word' id='word_1_213' title='bbox 3335 3689 3587 3754; x_wconf 86' lang='lat' dir='ltr'>babere</span> <span class='ocrx_word' id='word_1_214' title='bbox 3619 3696 3779 3766; x_wconf 84' lang='lat' dir='ltr'>pote-</span> 
     </span>
     <span class='ocr_line' id='line_1_24' title="bbox 710 3784 2959 3861; baseline 0.009 -16"><span class='ocrx_word' id='word_1_215' title='bbox 710 3784 821 3861; x_wconf 85' lang='lat' dir='ltr'>rit,</span> <span class='ocrx_word' id='word_1_216' title='bbox 859 3788 1199 3850; x_wconf 89' lang='lat' dir='ltr'>salubrius</span> <span class='ocrx_word' id='word_1_217' title='bbox 1234 3798 1297 3852; x_wconf 88' lang='lat' dir='ltr'>te</span> <span class='ocrx_word' id='word_1_218' title='bbox 1332 3793 1740 3854; x_wconf 46' lang='lat' dir='ltr'>condeceat,</span> <span class='ocrx_word' id='word_1_219' title='bbox 2956 3797 2959 3798; x_wconf 42' lang='lat'><em>⁷</em></span> 
     </span>
    </p>
   </div>
   <div class='ocr_carea' id='block_1_12' title="bbox 709 3890 3780 4720">
    <p class='ocr_par' dir='ltr' id='par_1_12' title="bbox 709 3890 3780 4720">
     <span class='ocr_line' id='line_1_25' title="bbox 791 3890 3775 3979; baseline 0 -26"><span class='ocrx_word' id='word_1_220' title='bbox 791 3890 1038 3956; x_wconf 76' lang='lat' dir='ltr'>Lutum</span> <span class='ocrx_word' id='word_1_221' title='bbox 1085 3911 1244 3957; x_wconf 83' lang='lat' dir='ltr'>vero</span> <span class='ocrx_word' id='word_1_222' title='bbox 1275 3913 1430 3959; x_wconf 88' lang='lat' dir='ltr'>cum</span> <span class='ocrx_word' id='word_1_223' title='bbox 1478 3898 1820 3962; x_wconf 79' lang='lat' dir='ltr'>vermibus</span> <span class='ocrx_word' id='word_1_224' title='bbox 1853 3905 1960 3960; x_wconf 81' lang='lat' dir='ltr'>est</span> <span class='ocrx_word' id='word_1_225' title='bbox 2007 3900 2224 3974; x_wconf 80' lang='lat' dir='ltr'>prima</span> <span class='ocrx_word' id='word_1_226' title='bbox 2259 3899 2447 3962; x_wconf 81' lang='lat' dir='ltr'>radix</span> <span class='ocrx_word' id='word_1_227' title='bbox 2476 3898 2831 3974; x_wconf 75' lang='lat' dir='ltr'>originalis</span> <span class='ocrx_word' id='word_1_228' title='bbox 2880 3901 3163 3979; x_wconf 81' lang='lat' dir='ltr'>peccati,</span> <span class='ocrx_word' id='word_1_229' title='bbox 3207 3916 3380 3978; x_wconf 80' lang='lat' dir='ltr'>quae</span> <span class='ocrx_word' id='word_1_230' title='bbox 3414 3916 3541 3976; x_wconf 87' lang='lat' dir='ltr'>per</span> <span class='ocrx_word' id='word_1_231' title='bbox 3585 3898 3775 3960; x_wconf 83' lang='lat' dir='ltr'>consi·</span> 
     </span>
     <span class='ocr_line' id='line_1_26' title="bbox 709 3995 3780 4081; baseline 0.001 -25"><span class='ocrx_word' id='word_1_232' title='bbox 709 3995 874 4058; x_wconf 81' lang='lat' dir='ltr'>lium</span> <span class='ocrx_word' id='word_1_233' title='bbox 910 4002 1165 4078; x_wconf 80' lang='lat' dir='ltr'>antiqui</span> <span class='ocrx_word' id='word_1_234' title='bbox 1215 4004 1546 4078; x_wconf 82' lang='lat' dir='ltr'>serpentis</span> <span class='ocrx_word' id='word_1_235' title='bbox 1578 4010 1812 4067; x_wconf 77' lang='lat' dir='ltr'>exorta</span> <span class='ocrx_word' id='word_1_236' title='bbox 1845 4010 1972 4075; x_wconf 82' lang='lat' dir='ltr'>est,</span> <span class='ocrx_word' id='word_1_237' title='bbox 2009 4020 2212 4081; x_wconf 80' lang='lat' dir='ltr'>quam</span> <span class='ocrx_word' id='word_1_238' title='bbox 2248 4010 2486 4064; x_wconf 82' lang='lat' dir='ltr'>natura</span> <span class='ocrx_word' id='word_1_239' title='bbox 2525 4004 2935 4079; x_wconf 75' lang='lat' dir='ltr'>vtrginitatie</span> <span class='ocrx_word' id='word_1_240' title='bbox 2978 3999 3360 4078; x_wconf 74' lang='lat' dir='ltr'>suffocavit,</span> <span class='ocrx_word' id='word_1_241' title='bbox 3397 4004 3662 4081; x_wconf 85' lang='lat' dir='ltr'>quando</span> <span class='ocrx_word' id='word_1_242' title='bbox 3696 4000 3780 4062; x_wconf 70' lang='lat' dir='ltr'>fi·</span> 
     </span>
     <span class='ocr_line' id='line_1_27' title="bbox 713 4095 3775 4184; baseline 0.002 -25"><span class='ocrx_word' id='word_1_243' title='bbox 713 4099 843 4162; x_wconf 76' lang='lat' dir='ltr'>ltus</span> <span class='ocrx_word' id='word_1_244' title='bbox 877 4101 989 4162; x_wconf 86' lang='lat' dir='ltr'>Dei</span> <span class='ocrx_word' id='word_1_245' title='bbox 1025 4118 1103 4164; x_wconf 85' lang='lat' dir='ltr'>ex</span> <span class='ocrx_word' id='word_1_246' title='bbox 1135 4107 1342 4168; x_wconf 86' lang='lat' dir='ltr'>Maria</span> <span class='ocrx_word' id='word_1_247' title='bbox 1369 4108 1635 4184; x_wconf 82' lang='lat' dir='ltr'>Virgine</span> <span class='ocrx_word' id='word_1_248' title='bbox 1664 4114 1865 4168; x_wconf 84' lang='lat' dir='ltr'>natus</span> <span class='ocrx_word' id='word_1_249' title='bbox 1893 4095 2017 4167; x_wconf 78' lang='lat' dir='ltr'>est:</span> <span class='ocrx_word' id='word_1_250' title='bbox 2051 4108 2117 4168; x_wconf 87' lang='lat' dir='ltr'>in</span> <span class='ocrx_word' id='word_1_251' title='bbox 2148 4123 2280 4184; x_wconf 84' lang='lat' dir='ltr'>quo</span> <span class='ocrx_word' id='word_1_252' title='bbox 2312 4106 2544 4168; x_wconf 85' lang='lat' dir='ltr'>hortus</span> <span class='ocrx_word' id='word_1_253' title='bbox 2570 4107 2869 4169; x_wconf 90' lang='lat' dir='ltr'>omnium</span> <span class='ocrx_word' id='word_1_254' title='bbox 2896 4107 3223 4169; x_wconf 83' lang='lat' dir='ltr'>virtutum</span> <span class='ocrx_word' id='word_1_255' title='bbox 3251 4110 3572 4182; x_wconf 81' lang='lat' dir='ltr'>surrexit,</span> <span class='ocrx_word' id='word_1_256' title='bbox 3601 4118 3775 4184; x_wconf 82' lang='lat' dir='ltr'>quam</span> 
     </span>
     <span class='ocr_line' id='line_1_28' title="bbox 711 4193 3776 4292; baseline 0.002 -26"><span class='ocrx_word' id='word_1_257' title='bbox 711 4208 919 4268; x_wconf 81' lang='lat' dir='ltr'>&#39;etiam</span> <span class='ocrx_word' id='word_1_258' title='bbox 952 4212 1368 4290; x_wconf 83' lang='lat' dir='ltr'>episcopales</span> <span class='ocrx_word' id='word_1_259' title='bbox 1403 4230 1727 4292; x_wconf 87' lang='lat' dir='ltr'>personae</span> <span class='ocrx_word' id='word_1_260' title='bbox 1759 4214 2012 4278; x_wconf 88' lang='lat' dir='ltr'>imitari</span> <span class='ocrx_word' id='word_1_261' title='bbox 2049 4211 2310 4273; x_wconf 86' lang='lat' dir='ltr'>debent.</span> <span class='ocrx_word' id='word_1_262' title='bbox 3769 4193 3776 4214; x_wconf 64' lang='lat'><em>³</em></span> 
     </span>
     <span class='ocr_line' id='line_1_29' title="bbox 718 4312 3779 4403; baseline 0 -30"><span class='ocrx_word' id='word_1_263' title='bbox 718 4365 722 4373; x_wconf 95' lang='lat'>.</span> <span class='ocrx_word' id='word_1_264' title='bbox 795 4312 992 4392; x_wconf 84' lang='lat' dir='ltr'>Ipsos</span> <span class='ocrx_word' id='word_1_265' title='bbox 1025 4317 1230 4403; x_wconf 80' lang='lat' dir='ltr'>etiam</span> <span class='ocrx_word' id='word_1_266' title='bbox 1261 4320 1598 4382; x_wconf 79' lang='lat' dir='ltr'>excelsum</span> <span class='ocrx_word' id='word_1_267' title='bbox 1637 4319 1956 4396; x_wconf 89' lang='lat' dir='ltr'>templum</span> <span class='ocrx_word' id='word_1_268' title='bbox 1992 4333 2111 4394; x_wconf 86' lang='lat' dir='ltr'>per</span> <span class='ocrx_word' id='word_1_269' title='bbox 2141 4317 2345 4378; x_wconf 86' lang='lat' dir='ltr'>altam</span> <span class='ocrx_word' id='word_1_270' title='bbox 2381 4316 2754 4380; x_wconf 78' lang='lat' dir='ltr'>doctrinam</span> <span class='ocrx_word' id='word_1_271' title='bbox 2787 4317 3191 4393; x_wconf 77' lang='lat' dir='ltr'>episcopalis</span> <span class='ocrx_word' id='word_1_272' title='bbox 3224 4316 3428 4380; x_wconf 79' lang='lat' dir='ltr'>officii</span> <span class='ocrx_word' id='word_1_273' title='bbox 3481 4312 3779 4382; x_wconf 58' lang='lat' dir='ltr'>ascende&lt;-</span> 
     </span>
     <span class='ocr_line' id='line_1_30' title="bbox 713 4419 3775 4502; baseline -0 -22"><span class='ocrx_word' id='word_1_274' title='bbox 713 4434 788 4482; x_wconf 83' lang='lat' dir='ltr'>re</span> <span class='ocrx_word' id='word_1_275' title='bbox 819 4419 1036 4492; x_wconf 85' lang='lat' dir='ltr'>decet,</span> <span class='ocrx_word' id='word_1_276' title='bbox 1088 4426 1640 4499; x_wconf 84' lang='lat' dir='ltr'>quemadmodum</span> <span class='ocrx_word' id='word_1_277' title='bbox 1689 4434 1760 4486; x_wconf 88' lang='lat' dir='ltr'>et</span> <span class='ocrx_word' id='word_1_278' title='bbox 1791 4426 2101 4488; x_wconf 86' lang='lat' dir='ltr'>columba</span> <span class='ocrx_word' id='word_1_279' title='bbox 2149 4426 2365 4486; x_wconf 85' lang='lat' dir='ltr'>oculis</span> <span class='ocrx_word' id='word_1_280' title='bbox 2411 4423 2555 4484; x_wconf 86' lang='lat' dir='ltr'>suis</span> <span class='ocrx_word' id='word_1_281' title='bbox 2605 4424 2671 4483; x_wconf 91' lang='lat' dir='ltr'>in</span> <span class='ocrx_word' id='word_1_282' title='bbox 2704 4425 2915 4483; x_wconf 86' lang='lat' dir='ltr'>altum</span> <span class='ocrx_word' id='word_1_283' title='bbox 2962 4424 3231 4502; x_wconf 80' lang='lat' dir='ltr'>aspicit,</span> <span class='ocrx_word' id='word_1_284' title='bbox 3283 4430 3352 4484; x_wconf 86' lang='lat' dir='ltr'>et</span> <span class='ocrx_word' id='word_1_285' title='bbox 3386 4441 3517 4484; x_wconf 85' lang='lat' dir='ltr'>non</span> <span class='ocrx_word' id='word_1_286' title='bbox 3570 4437 3775 4484; x_wconf 87' lang='lat' dir='ltr'>secun·</span> 
     </span>
     <span class='ocr_line' id='line_1_31' title="bbox 713 4523 3779 4607; baseline -0.001 -24"><span class='ocrx_word' id='word_1_287' title='bbox 713 4523 875 4584; x_wconf 77' lang='lat' dir='ltr'>dum</span> <span class='ocrx_word' id='word_1_288' title='bbox 908 4527 1139 4590; x_wconf 83' lang='lat' dir='ltr'>oculos</span> <span class='ocrx_word' id='word_1_289' title='bbox 1169 4530 1538 4606; x_wconf 84' lang='lat' dir='ltr'>accipitris,</span> <span class='ocrx_word' id='word_1_290' title='bbox 1578 4530 1640 4590; x_wconf 90' lang='lat' dir='ltr'>id</span> <span class='ocrx_word' id='word_1_291' title='bbox 1672 4533 1780 4590; x_wconf 85' lang='lat' dir='ltr'>est</span> <span class='ocrx_word' id='word_1_292' title='bbox 1810 4546 1941 4591; x_wconf 88' lang='lat' dir='ltr'>non</span> <span class='ocrx_word' id='word_1_293' title='bbox 1979 4528 2342 4590; x_wconf 87' lang='lat' dir='ltr'>secundum</span> <span class='ocrx_word' id='word_1_294' title='bbox 2381 4543 2602 4589; x_wconf 87' lang='lat' dir='ltr'>mores</span> <span class='ocrx_word' id='word_1_295' title='bbox 2638 4528 2837 4607; x_wconf 87' lang='lat' dir='ltr'>hujus</span> <span class='ocrx_word' id='word_1_296' title='bbox 2865 4529 3115 4588; x_wconf 83' lang='lat' dir='ltr'>saeculi</span> <span class='ocrx_word' id='word_1_297' title='bbox 3149 4528 3367 4589; x_wconf 79' lang='lat' dir='ltr'>facere</span> <span class='ocrx_word' id='word_1_298' title='bbox 3393 4529 3656 4600; x_wconf 88' lang='lat' dir='ltr'>debent,</span> <span class='ocrx_word' id='word_1_299' title='bbox 3683 4523 3779 4600; x_wconf 81' lang='lat' dir='ltr'>qui</span> 
     </span>
     <span class='ocr_line' id='line_1_32' title="bbox 713 4624 3777 4720; baseline 0 -32"><span class='ocrx_word' id='word_1_300' title='bbox 713 4628 994 4690; x_wconf 89' lang='lat' dir='ltr'>vulnera</span> <span class='ocrx_word' id='word_1_301' title='bbox 1027 4631 1294 4708; x_wconf 86' lang='lat' dir='ltr'>quidem</span> <span class='ocrx_word' id='word_1_302' title='bbox 1333 4633 1606 4710; x_wconf 86' lang='lat' dir='ltr'>faciunt,</span> <span class='ocrx_word' id='word_1_303' title='bbox 1641 4650 1812 4713; x_wconf 88' lang='lat' dir='ltr'>quae</span> <span class='ocrx_word' id='word_1_304' title='bbox 1846 4634 1993 4696; x_wconf 88' lang='lat' dir='ltr'>oleo</span> <span class='ocrx_word' id='word_1_305' title='bbox 2027 4649 2159 4694; x_wconf 84' lang='lat' dir='ltr'>non</span> <span class='ocrx_word' id='word_1_306' title='bbox 2192 4639 2540 4693; x_wconf 84' lang='lat' dir='ltr'>unxerunt.</span> <span class='ocrx_word' id='word_1_307' title='bbox 2568 4632 2815 4694; x_wconf 85' lang='lat' dir='ltr'>Excute</span> <span class='ocrx_word' id='word_1_308' title='bbox 2848 4633 3049 4694; x_wconf 86' lang='lat' dir='ltr'>etiam</span> <span class='ocrx_word' id='word_1_309' title='bbox 3085 4624 3214 4720; x_wconf 88' lang='lat' dir='ltr'>[te]</span> <span class='ocrx_word' id='word_1_310' title='bbox 3249 4633 3331 4694; x_wconf 91' lang='lat' dir='ltr'>de</span> <span class='ocrx_word' id='word_1_311' title='bbox 3368 4632 3777 4695; x_wconf 84' lang='lat' dir='ltr'>rusticalibus</span> 
     </span>
    </p>
   </div>
   <div class='ocr_carea' id='block_1_13' title="bbox 713 4837 3775 5258">
    <p class='ocr_par' dir='ltr' id='par_1_13' title="bbox 713 4837 3775 5258">
     <span class='ocr_line' id='line_1_33' title="bbox 789 4837 3775 4910; baseline -0.003 -14"><span class='ocrx_word' id='word_1_312' title='bbox 789 4841 834 4904; x_wconf 90' lang='lat'>¹)</span> <span class='ocrx_word' id='word_1_313' title='bbox 876 4837 1231 4897; x_wconf 78' lang='lat' dir='ltr'>Germanicis</span> <span class='ocrx_word' id='word_1_314' title='bbox 1267 4858 1335 4897; x_wconf 86' lang='lat' dir='ltr'>ex</span> <span class='ocrx_word' id='word_1_315' title='bbox 1373 4841 1667 4898; x_wconf 78' lang='lat' dir='ltr'>codicibus</span> <span class='ocrx_word' id='word_1_316' title='bbox 1704 4842 1985 4898; x_wconf 78' lang='lat' dir='ltr'>morosius</span> <span class='ocrx_word' id='word_1_317' title='bbox 2021 4856 2216 4910; x_wconf 76' lang='lat' dir='ltr'>exspe-</span> <span class='ocrx_word' id='word_1_318' title='bbox 2300 4844 2553 4910; x_wconf 79' lang='lat' dir='ltr'>coeptam</span> <span class='ocrx_word' id='word_1_319' title='bbox 2584 4838 3151 4903; x_wconf 78' lang='lat' dir='ltr'>telam.continnslis</span> <span class='ocrx_word' id='word_1_320' title='bbox 3170 4837 3443 4900; x_wconf 74' lang='lat' dir='ltr'>numm-is,</span> <span class='ocrx_word' id='word_1_321' title='bbox 3469 4843 3654 4892; x_wconf 68' lang='lat' dir='ltr'>texere</span> <span class='ocrx_word' id='word_1_322' title='bbox 3672 4849 3775 4907; x_wconf 72' lang='grc' dir='ltr'>ρετ·</span> 
     </span>
     <span class='ocr_line' id='line_1_34' title="bbox 713 4925 3773 5000; baseline -0.002 -18"><span class='ocrx_word' id='word_1_323' title='bbox 713 4932 898 4988; x_wconf 73' lang='lat' dir='ltr'>etsta.</span> <span class='ocrx_word' id='word_1_324' title='bbox 941 4927 1164 4983; x_wconf 80' lang='lat' dir='ltr'>tandem</span> <span class='ocrx_word' id='word_1_325' title='bbox 1192 4927 1410 4985; x_wconf 85' lang='lat' dir='ltr'>accedit</span> <span class='ocrx_word' id='word_1_326' title='bbox 1448 4944 1590 4983; x_wconf 82' lang='lat' dir='ltr'>nova</span> <span class='ocrx_word' id='word_1_327' title='bbox 1618 4927 1985 5000; x_wconf 80' lang='lat' dir='ltr'>epistolarum</span> <span class='ocrx_word' id='word_1_328' title='bbox 2015 4927 2215 4984; x_wconf 80' lang='lat' dir='ltr'>Hilde-</span> <span class='ocrx_word' id='word_1_329' title='bbox 2299 4939 2514 4994; x_wconf 77' lang='lat' dir='ltr'>gamus.</span> <span class='ocrx_word' id='word_1_330' title='bbox 2547 4926 2817 4982; x_wconf 83' lang='lat' dir='ltr'>Exoritur</span> <span class='ocrx_word' id='word_1_331' title='bbox 2840 4941 2972 4990; x_wconf 60' lang='lat' dir='ltr'>ergo</span> <span class='ocrx_word' id='word_1_332' title='bbox 3004 4925 3241 4996; x_wconf 70' lang='lat' dir='ltr'>epistola</span> <span class='ocrx_word' id='word_1_333' title='bbox 3271 4925 3545 4989; x_wconf 83' lang='lat' dir='ltr'>xxxm,</span> <span class='ocrx_word' id='word_1_334' title='bbox 3576 4927 3773 4991; x_wconf 67' lang='lat' dir='ltr'>recepta</span> 
     </span>
     <span class='ocr_line' id='line_1_35' title="bbox 717 5007 3773 5086; baseline -0 -21"><span class='ocrx_word' id='word_1_335' title='bbox 717 5012 908 5084; x_wconf 74' lang='lat' dir='ltr'>gardis</span> <span class='ocrx_word' id='word_1_336' title='bbox 932 5014 1216 5077; x_wconf 69' lang='lat' dir='ltr'>collectim</span> <span class='ocrx_word' id='word_1_337' title='bbox 1249 5015 1396 5071; x_wconf 84' lang='lat' dir='ltr'>unde</span> <span class='ocrx_word' id='word_1_338' title='bbox 1423 5032 1649 5072; x_wconf 79' lang='lat' dir='ltr'>necesse</span> <span class='ocrx_word' id='word_1_339' title='bbox 1679 5014 1812 5078; x_wconf 76' lang='lat' dir='ltr'>ruit.</span> <span class='ocrx_word' id='word_1_340' title='bbox 1840 5022 1966 5086; x_wconf 84' lang='lat' dir='ltr'>post</span> <span class='ocrx_word' id='word_1_341' title='bbox 1991 5016 2132 5071; x_wconf 74' lang='lat' dir='ltr'>dunas</span> <span class='ocrx_word' id='word_1_342' title='bbox 2157 5020 2216 5070; x_wconf 79' lang='lat' dir='ltr'>et</span> <span class='ocrx_word' id='word_1_343' title='bbox 2297 5031 2367 5069; x_wconf 83' lang='lat' dir='ltr'>ex</span> <span class='ocrx_word' id='word_1_344' title='bbox 2393 5013 2585 5070; x_wconf 86' lang='lat' dir='ltr'>codice</span> <span class='ocrx_word' id='word_1_345' title='bbox 2621 5013 2861 5070; x_wconf 64' lang='lat' dir='ltr'>Caesar:</span> <span class='ocrx_word' id='word_1_346' title='bbox 2880 5018 2985 5069; x_wconf 76' lang='lat'>628</span> <span class='ocrx_word' id='word_1_347' title='bbox 3023 5012 3061 5071; x_wconf 77' lang='lat' dir='ltr'>s.</span> <span class='ocrx_word' id='word_1_348' title='bbox 3105 5017 3191 5069; x_wconf 73' lang='lat'>38.</span> <span class='ocrx_word' id='word_1_349' title='bbox 3233 5013 3310 5068; x_wconf 80' lang='lat' dir='ltr'>De</span> <span class='ocrx_word' id='word_1_350' title='bbox 3337 5012 3602 5082; x_wconf 76' lang='lat' dir='ltr'>Philippo</span> <span class='ocrx_word' id='word_1_351' title='bbox 3636 5007 3773 5064; x_wconf 80' lang='lat' dir='ltr'>colo·</span> 
     </span>
     <span class='ocr_line' id='line_1_36' title="bbox 718 5095 3772 5175; baseline -0.001 -22"><span class='ocrx_word' id='word_1_352' title='bbox 718 5098 957 5170; x_wconf 71' lang='lat' dir='ltr'>triginta</span> <span class='ocrx_word' id='word_1_353' title='bbox 983 5101 1251 5175; x_wconf 81' lang='lat' dir='ltr'>epIstolas</span> <span class='ocrx_word' id='word_1_354' title='bbox 1276 5100 1535 5174; x_wconf 82' lang='lat' dir='ltr'>superius</span> <span class='ocrx_word' id='word_1_355' title='bbox 1560 5100 1795 5174; x_wconf 79' lang='lat' dir='ltr'>positas.</span> <span class='ocrx_word' id='word_1_356' title='bbox 1837 5103 2108 5157; x_wconf 84' lang='lat' dir='ltr'>nonnulla</span> <span class='ocrx_word' id='word_1_357' title='bbox 2133 5101 2216 5158; x_wconf 84' lang='lat' dir='ltr'>iu·</span> <span class='ocrx_word' id='word_1_358' title='bbox 2301 5101 2485 5158; x_wconf 66' lang='lat' dir='ltr'>nir-nsi</span> <span class='ocrx_word' id='word_1_359' title='bbox 2524 5099 2597 5158; x_wconf 78' lang='lat' dir='ltr'>cs.</span> <span class='ocrx_word' id='word_1_360' title='bbox 2642 5118 2696 5174; x_wconf 87' lang='lat' dir='ltr'>p.</span> <span class='ocrx_word' id='word_1_361' title='bbox 2737 5103 2842 5157; x_wconf 66' lang='lat' dir='ltr'>⁴ss</span> <span class='ocrx_word' id='word_1_362' title='bbox 2881 5105 3000 5158; x_wconf 80' lang='lat' dir='ltr'>not.</span> <span class='ocrx_word' id='word_1_363' title='bbox 3045 5103 3103 5164; x_wconf 75' lang='lat'>9.</span> <span class='ocrx_word' id='word_1_364' title='bbox 3139 5105 3197 5156; x_wconf 82' lang='lat' dir='ltr'>et</span> <span class='ocrx_word' id='word_1_365' title='bbox 3243 5098 3465 5172; x_wconf 74' lang='lat' dir='ltr'>epistol,</span> <span class='ocrx_word' id='word_1_366' title='bbox 3523 5095 3680 5154; x_wconf 76' lang='lat' dir='ltr'>XXV</span> <span class='ocrx_word' id='word_1_367' title='bbox 3722 5097 3772 5147; x_wconf 76' lang='lat' dir='ltr'>et</span> 
     </span>
     <span class='ocr_line' id='line_1_37' title="bbox 723 5185 2937 5258; baseline 0 -19"><span class='ocrx_word' id='word_1_368' title='bbox 723 5189 1037 5258; x_wconf 72' lang='lat' dir='ltr'>terponere,</span> <span class='ocrx_word' id='word_1_369' title='bbox 1080 5204 1223 5258; x_wconf 73' lang='lat' dir='ltr'>quae</span> <span class='ocrx_word' id='word_1_370' title='bbox 1258 5189 1481 5244; x_wconf 79' lang='lat' dir='ltr'>demum</span> <span class='ocrx_word' id='word_1_371' title='bbox 1526 5187 1692 5243; x_wconf 80' lang='lat' dir='ltr'>missa</span> <span class='ocrx_word' id='word_1_372' title='bbox 1735 5186 1995 5251; x_wconf 74' lang='lat' dir='ltr'>facimus,</span> <span class='ocrx_word' id='word_1_373' title='bbox 2039 5188 2211 5243; x_wconf 85' lang='lat' dir='ltr'>utin-</span> <span class='ocrx_word' id='word_1_374' title='bbox 2299 5188 2535 5243; x_wconf 74' lang='lat' dir='ltr'><strong>XLVIII</strong></span> <span class='ocrx_word' id='word_1_375' title='bbox 2566 5188 2717 5243; x_wconf 72' lang='lat' dir='ltr'>inter</span> <span class='ocrx_word' id='word_1_376' title='bbox 2742 5185 2937 5242; x_wconf 77' lang='lat' dir='ltr'>editas.</span> 
     </span>
    </p>
   </div>
   <div class='ocr_carea' id='block_1_14' title="bbox 3959 381 3967 971">
    <p class='ocr_par' dir='ltr' id='par_1_14' title="bbox 3959 381 3967 971">
     <span class='ocr_line' id='line_1_38' title="bbox 3959 381 3967 971; baseline 0 0"><span class='ocrx_word' id='word_1_377' title='bbox 3959 381 3967 971; x_wconf 95' lang='lat' dir='ltr'> </span> 
     </span>
    </p>
   </div>
   <div class='ocr_carea' id='block_1_15' title="bbox 3958 1172 3967 1873">
    <p class='ocr_par' dir='ltr' id='par_1_15' title="bbox 3958 1172 3967 1873">
     <span class='ocr_line' id='line_1_39' title="bbox 3958 1172 3967 1873; baseline 0 0"><span class='ocrx_word' id='word_1_378' title='bbox 3958 1172 3967 1873; x_wconf 95' lang='lat' dir='ltr'> </span> 
     </span>
    </p>
   </div>
  </div>
 </body>
</html>
