4036 6117
639 447 769 505 302
1795 466 1847 510 s.
1898 466 2435 512 fflLDEGAnms

573 580 760 638 verbo
795 589 1018 640 autem
1053 590 1184 656 tuo,
1222 582 1537 642 videlicet
1573 584 1638 641 in
1673 582 1924 643 honore
1959 586 2281 644 scientiae
2331 586 2484 645 boni
2517 591 2585 644 et
2633 586 2818 656 mali,
2856 584 3090 647 laxabo
3123 594 3285 660 rete,
3322 587 3469 648 volo
3502 601 3701 663 ope-

575 683 734 758 rari,
773 683 864 744 ita
900 692 972 744 ut
1007 686 1214 745 sciam
1250 687 1523 761 malum,
1561 687 1717 762 quia
1752 704 1882 746 non
1916 688 2168 747 sufficit
2202 690 2362 748 mihi
2400 706 2504 748 me
2540 690 2714 748 scire
2747 691 3016 751 bonum.

664 787 746 846 Et
797 806 945 847 cum
979 793 1136 850 haec
1168 791 1503 867 fecissent,
1543 791 1636 850 ita
1686 797 1757 851 ut
1792 790 1988 851 homo
2025 793 2322 852 divinum
2367 799 2794 870 praeceptum
2831 795 2895 853 in
2928 794 3248 854 Paradiso
3283 800 3703 869 transgres-

574 905 693 950 sus
741 891 864 965 sit,
918 895 1381 954 concluserunt
1436 895 1987 971 apprehendendo
2040 900 2330 974 piscium
2362 900 2869 957 multitudinem
2918 902 3265 975 copiosam,
3302 898 3367 957 id
3416 903 3520 957 est
3572 897 3690 956 vi-

579 996 824 1056 tiorum
851 1001 916 1057 et
949 999 1275 1060 dolorum.
1303 995 1348 1078 ¹)
1385 1001 1837 1077 Rumpcbatur
1871 1008 2095 1060 autem
2141 1011 2279 1060 rete
2313 1021 2562 1077 eorum,
2616 1004 2876 1062 scilicet
2927 1005 3021 1063 ita
3069 1007 3142 1062 ut
3188 1002 3456 1078 dirupta
3485 999 3536 1079 ²)
3584 1000 3694 1059 sit

577 1096 734 1169 Lex,
770 1116 972 1176 quam
1004 1101 1180 1161 Deus
1214 1101 1463 1163 homini
1497 1104 1793 1164 dederat.

667 1203 748 1262 Et
796 1213 1180 1265 annuerunt
1231 1210 1443 1278 sociiS,
1496 1208 1562 1267 id
1610 1215 1716 1268 est
1764 1209 2207 1285 adjunxerunt
2256 1191 2384 1269 sibi
2434 1210 2516 1269 ad
2552 1211 2903 1270 servitium
2951 1217 3019 1269 et
3067 1209 3496 1285 adJutorium,
3548 1209 3688 1285 qui

578 1314 767 1367 erant
815 1311 887 1369 in
935 1311 1072 1370 alia
1117 1315 1292 1386 navi,
1342 1312 1655 1371 videlicet
1703 1316 2051 1372 creaturas
2101 1330 2271 1388 quae
2322 1314 2387 1372 in
2436 1314 2568 1373 alia
2619 1313 2831 1373 forma
2874 1320 2940 1373 et
2975 1320 3213 1374 natura
3258 1317 3413 1372 sunt
3459 1329 3687 1389 quam

577 1408 775 1471 homo
825 1413 937 1487 sit,
972 1421 1044 1472 ut
1095 1417 1396 1474 venirent
1434 1417 1499 1474 in
1548 1416 1852 1486 servitiO,
1903 1424 1963 1475 et
2015 1412 2408 1490 adjuvarent
2458 1434 2562 1474 eos
2611 1417 3034 1476 necessitate.
3071 1416 3153 1476 Et
3198 1424 3545 1490 venerunt,
3608 1420 3685 1474 et

581 1519 1024 1595 impleverunt
1073 1522 1139 1579 in
1177 1522 1436 1596 magnis
1487 1521 1806 1597 periculis
1855 1527 1921 1580 et
1969 1522 2317 1581 doloribus
2350 1521 2568 1580 ambas
2602 1523 2966 1595 naviculas,
3006 1521 3071 1581 id
3104 1527 3209 1581 est
3244 1522 3531 1596 seipSOS,
3572 1524 3688 1580 ita

581 1628 653 1680 ut
681 1640 855 1698 pene
889 1632 1370 1701 merqerentur,
1408 1626 1473 1684 id
1507 1631 1608 1684 est
1641 1632 1716 1685 ut
1749 1628 1861 1684 vix
1897 1626 2342 1685 subsisterent
2374 1626 2924 1702 provenientibus
2958 1620 3008 1704 ³)
3044 1626 3262 1684 malis

677 1724 858 1797 Quod
907 1745 1055 1786 cum
1101 1727 1353 1787 videret
1408 1729 1633 1788 Simon
1682 1731 1925 1790 Petrus
1976 1729 2345 1803 sentiendO,
2377 1731 2664 1806 procidit
2715 1730 2800 1787 ad
2832 1747 3048 1806 qenua
3095 1728 3276 1802 Jesu,
3313 1729 3407 1787 ita
3459 1735 3530 1787 ut
3585 1729 3689 1787 ad

577 1829 828 1888 'multas
864 1846 1220 1891 aerumnas
1255 1833 1627 1908 projectus,
1666 1832 1914 1891 rediret
1947 1832 2029 1891 ad
2058 1832 2591 1892 recordationem
2623 1831 2767 1901 Dei,
2821 1831 2978 1907 quia
3014 1846 3131 1905 per
3167 1832 3355 1890 illum
3390 1837 3680 1890 creatus

581 1938 749 2007 erat,
801 1934 1025 1994 dicens
1061 1936 1126 1994 in
1176 1936 1490 2011 suspiriis
1525 1943 1591 1995 et
1638 1936 2021 2012 gemitibus:
2056 1936 2186 1995 Emi
2219 1957 2259 1993 a
2292 1954 2416 2010 me,
2455 1937 2717 1996 scilicet
2752 1937 3010 2012 justum
3047 1940 3173 2009 est,
3209 1941 3284 1994 ut
3318 1934 3597 1994 recedas
3640 1952 3687 1993 a

583 2055 711 2114 me,
762 2041 919 2116 quia
951 2042 1346 2116 peregrinus
1396 2057 1545 2100 sum
1578 2058 1617 2100 a
1652 2044 1737 2116 te;
1774 2044 1932 2119 quia
1964 2045 2149 2102 homo
2176 2047 2484 2118 peccator
2518 2061 2695 2117 sum,
2734 2042 3033 2114 Domine,
3070 2040 3164 2098 ita
3199 2045 3272 2099 ut
3299 2038 3438 2113 jam
3478 2057 3508 2095 <t
3530 2054 3685 2097 non

584 2144 708 2205 sim
745 2144 985 2218 dignus
1019 2144 1246 2204 vocari
1281 2143 1458 2203 filius
1494 2148 1669 2203 tuus.
1703 2162 1736 2201 »
1773 2141 1821 2223 ⁴)

677 2252 920 2327 Stupor
966 2252 1145 2309 enim
1179 2251 1245 2309 in
1279 2250 1560 2310 tristitia
1597 2251 2119 2311 circumdederat
2158 2270 2332 2326 eum,
2372 2251 2437 2310 id
2471 2258 2577 2310 est
2610 2249 3158 2327 apprehenderat,
3197 2255 3259 2333 et
3294 2263 3517 2305 omnes
3551 2248 3684 2322 qui

586 2374 738 2417 cum
784 2356 901 2414 illo
949 2361 1173 2428 erant,
1227 2354 1488 2413 scilicet
1536 2355 1757 2413 omnia
1805 2355 2134 2415 elementa
2167 2362 2235 2414 et
2283 2361 2652 2429 creaturaS,
2690 2358 2761 2413 in
2811 2361 3088 2431 captura
3116 2353 3427 2429 piscium,
3468 2350 3529 2408 id
3562 2355 3685 2408 est

589 2458 655 2518 in
687 2457 1212 2533 apprehensione
1247 2456 1553 2516 dolorum
1589 2463 1655 2516 et
1688 2458 2141 2534 miseriarum,
2177 2478 2374 2536 quam
2409 2466 2741 2535 ceperant,
2779 2458 3024 2533 quibus
3058 2455 3338 2515 involuti
3372 2455 3583 2513 erant.

680 2563 1004 2623 Similiter
1052 2569 1273 2620 autem
1309 2561 1642 2633 Jacobum,
1696 2562 1760 2621 id
1795 2566 1900 2622 est
1933 2563 2380 2638 patriarchaS,
2419 2568 2477 2621 et
2516 2563 2864 2637 Ioannem,
2904 2561 3163 2620 scilicet
3189 2562 3567 2636 prophetas,
3606 2558 3689 2637 fi-

589 2668 709 2726 lios
737 2667 1076 2741 Zebedaei,
1113 2667 1423 2726 videlicet
1451 2668 1564 2742 qui
1600 2669 1790 2727 erant
1823 2668 1943 2726 filii
1977 2668 2463 2727 aedificationis
2490 2668 2555 2726 in
2590 2667 2792 2741 Lege,
2830 2668 2942 2742 qui
2976 2673 3164 2723 erant
3196 2665 3350 2723 socii
3387 2664 3687 2724 Simonis

593 2773 660 2832 in
708 2771 989 2830 scientia
1022 2771 1221 2830 Adae.
1258 2772 1339 2831 Et
1376 2774 1468 2830 ait
1504 2772 1588 2829 ad
1624 2772 1982 2845 Simonem,
2021 2772 2335 2831 videlicet
2368 2771 2450 2831 ad
2486 2771 2819 2830 hominem
2857 2769 3069 2844 Jesus,
3119 2769 3317 2843 Deus,
3354 2783 3475 2843 per
3521 2784 3688 2843 pro-

588 2876 826 2952 phetas
861 2876 927 2934 et
958 2874 1219 2949 Legem:
1272 2875 1422 2933 Noli
1456 2876 1714 2949 timere,
1752 2876 1909 2951 quia
1951 2892 2083 2934 non
2111 2875 2451 2950 abjicieris
2486 2879 2757 2950 propter
2795 2856 3193 2947 injustitiam
3226 2874 3293 2929 et
3327 2869 3687 2929 tristitiam

593 2981 660 3040 in
694 2979 938 3056 quibus
981 2978 1191 3054 jaces,
1229 2980 1331 3039 Ex
1380 2981 1493 3038 hoc
1508 2975 1658 3050 jam
1705 2981 1834 3037 eris
1868 2982 2161 3039 homines
2197 2982 2487 3056 capienS,
2528 2978 2618 3038 ita
2655 2979 2728 3037 ut
2759 2982 3030 3052 propter
3063 2975 3234 3035 bona
3262 2968 3467 3047 opera
3501 2988 3685 3048 quae

594 3087 893 3148 facturus
927 3087 1087 3161 eriS,
1126 3087 1191 3145 in
1234 3085 1895 3161 comprehensionem
1926 3082 1973 3166 ⁵)
2011 3089 2327 3147 coelestis
2358 3088 2730 3146 Jerusalem
2762 3085 3068 3146 verteris.

683 3193 766 3253 Et
801 3193 1133 3253 subductis
1167 3194 1251 3252 ad
1283 3198 1532 3251 terram
1567 3191 1861 3266 navibuS,
1900 3193 1998 3251 sic
2034 3199 2105 3251 ut
2138 3209 2348 3267 genus
2383 3200 2448 3252 et
2480 3209 2689 3266 genus
2714 3187 2761 3270 ⁶)
2800 3191 3165 3264 hominum,
3203 3205 3351 3248 cum
3389 3189 3684 3246 elemen-

591 3297 680 3358 tis
713 3303 780 3356 et
814 3296 1099 3357 caeteris
1133 3297 1464 3356 creaturis
1501 3297 1564 3356 in
1614 3297 1899 3356 terrenis
1935 3303 2389 3372 versarentur,
2428 3312 2639 3372 usque
2673 3296 2829 3355 dum
2863 3295 3072 3354 Deum
3105 3294 3172 3352 in
3204 3291 3492 3351 humano
3527 3307 3683 3350 cor-

587 3417 748 3478 pore
781 3401 1113 3475 viderent,
1152 3402 1402 3460 relictis
1436 3401 1755 3475 omnibu3‚
1795 3402 2055 3461 scilicet
2088 3402 2300 3460 veteri
2333 3401 2504 3476 Lege
2540 3406 2606 3460 et
2642 3400 2902 3460 haeresi
2937 3414 3015 3458 ac
3050 3396 3322 3474 propria
3371 3410 3575 3453 causa
3606 3393 3678 3452 in

593 3505 911 3584 peccatiS,
955 3507 1160 3564 secuti
1195 3510 1346 3562 sunt
1383 3506 1578 3563 illum
1615 3505 1679 3563 in
1713 3505 1839 3564 fide
1873 3511 1939 3565 et
1972 3505 2333 3580 Evangelio
2368 3506 2570 3579 pacis.
3082 3486 3091 3500 “
3611 3506 3618 3512 ’

2104 3715 2185 3805 11.=

1936 3974 2083 4032 Alio
2131 3974 2333 4032 mod0.

690 4203 853 4263 Cum
901 4199 1128 4259 turbae
1176 4199 1670 4275 Scripturarum
1719 4200 2056 4256 irruerent
2109 4196 2623 4277 demonstrando
2671 4199 2743 4257 in
2794 4196 3041 4272 Jesum,
3082 4195 3145 4256 id
3194 4201 3297 4257 est
3338 4194 3567 4269 Deum,
3605 4199 3679 4254 ut

594 4305 909 4363 audirent
960 4305 1025 4363 in
1061 4304 1281 4363 studio
1318 4304 1580 4363 verbum
1615 4303 1758 4376 Dei,
1797 4303 1889 4361 ita
1926 4309 1997 4360 ut
2045 4318 2196 4361 eum
2232 4303 2709 4361 incarnandum
2745 4303 2995 4361 scirent
3028 4309 3094 4360 et
3128 4300 3576 4373 ostenderent,
3616 4305 3679 4357 et

599 4410 738 4485 ipse
789 4408 993 4468 stabat
1030 4428 1212 4469 secus
1262 4416 1566 4486 staynum
1601 4407 2029 4481 Genesareth‚
2069 4406 2132 4465 id
2168 4413 2272 4465 est
2319 4408 2541 4465 omnia
2590 4422 2791 4483 opera
2839 4407 2955 4465 Dei
3005 4407 3266 4466 firmata
3317 4405 3582 4465 fuerunt
3616 4408 3685 4463 et

602 4524 760 4579 sunt
791 4517 1041 4594 Spiritu
1077 4516 1337 4576 Sancte.

691 4624 772 4682 Et
822 4622 985 4681 vidit
1025 4622 1090 4680 in
1139 4620 1746 4696 praedestinatione
1782 4637 1904 4679 sua
1935 4620 2099 4679 duas
2134 4638 2354 4690 naves,
2392 4619 2547 4694 quia
2584 4634 2737 4677 cum
2768 4615 2943 4676 Deus
2977 4623 3161 4677 esset
3193 4607 3492 4699 etzhomo
3530 4629 3683 4687 pro-

600 4734 751 4806 pter
798 4726 1131 4786 hominem
1167 4727 1386 4799 fieret,
1439 4731 1688 4784 stantes
1738 4743 1921 4784 secus
1969 4733 2275 4801 staynum
2323 4739 2475 4781 cum
2527 4721 2916 4780 fortitudine
2965 4719 3254 4796 Spiritus
3303 4717 3548 4791 Sancti,
3583 4719 3690 4792 pi-

675 4959 812 5026 ¹)1n
844 4965 956 5016 tota
990 4965 1047 5014 et
1085 4958 1473 5032 copiosissima
1503 4963 1670 5031 piscis
1705 4960 1983 5029 symbolici
2020 4958 2095 5012 al·
2191 4962 2359 5011 tatur.
2398 4987 2464 4995 -—
2501 4958 2547 5022 2)
2588 4955 2865 5027 dirumpta
2902 4953 3022 5011 cod.
3067 4985 3135 4994 —
3172 4953 3216 5018 ³)
3251 4952 3685 5026 pervenientibus

605 5047 835 5115 negotia,
878 5047 959 5102 nil
987 5046 1174 5103 simile
1200 5044 1462 5117 reperies.
1494 5045 1766 5100 Veterum
1799 5051 1986 5101 tamen
2015 5045 2094 5099 in·
2185 5059 2371 5115 apogr.
2405 5071 2471 5082 -
2496 5042 2542 5106 ⁴)
2570 5043 2702 5097 Luc.
2734 5041 2863 5104 XV,
2890 5045 2977 5096 21.
3009 5073 3077 5080 ---
3102 5042 3144 5103 ⁵)
3172 5044 3235 5095 in
3257 5038 3671 5110 comprehensio-

608 5133 1037 5205 terprctationes
1078 5132 1238 5189 novit
1278 5131 1658 5203 Hildcgardis,
1703 5137 1766 5186 ut
1809 5131 1960 5186 intra
1998 5149 2092 5188 no·
2188 5148 2250 5186 ue
2274 5129 2392 5185 cod.
2431 5159 2489 5167 —-
2514 5128 2559 5196 ⁶)
2587 5135 2638 5183 et
2660 5144 2848 5200 oenus,
2879 5127 2959 5183 sic
2986 5125 3243 5199 duplicat
3273 5123 3351 5181 id.
