4036 6117
1618 507 2085 558 EplsToLAss.
3219 489 3344 552 421

317 637 551 709 rimos,
611 638 672 692 et
717 651 884 709 quae
932 631 1174 691 multos
1223 629 1487 691 habebat
1547 630 1750 708 filios,
1801 631 2143 709 infirmata
2189 635 2321 702 est;
2380 647 2573 688 arcus
2620 628 2899 704 fortium
2954 628 3304 701 superatus
3353 625 3416 680 et

315 739 567 815 infirmi
615 737 892 797 accincti
941 741 1093 795 sunt
1139 734 1385 808 robore;
1436 737 1679 812 repleti
1721 736 1940 811 prius,
1981 751 2105 810 pro
2147 731 2431 810 panibus
2466 751 2532 790 se
2576 732 2976 803 locaverunt,
3014 735 3073 788 et
3108 724 3418 805 famelici

316 844 599 899 saturati
649 844 824 913 sunt;
879 857 1028 898 cum
1061 842 1314 898 venerit
1365 845 1625 916 tempus
1672 838 2039 898 miserendi
2086 838 2264 911 Sion,
2315 836 2432 896 ille
2466 838 2580 912 qui
2628 835 2927 911 deposuit
2978 835 3290 910 potentes
3339 827 3419 886 de

312 945 487 1017 sede,
547 951 609 1002 et
659 943 976 1002 exaltavit
1026 945 1333 1018 humileS,
1394 947 1763 1004 esurientes
1819 945 2119 1021 implevit
2176 941 2379 1014 bonis,
2438 946 2500 999 et
2549 941 2786 999 divites
2835 940 3089 999 dimisit
3144 939 3407 1007 inanes;

307 1048 699 1124 quandoque
747 1049 1130 1106 recordatus
1177 1050 1675 1109 misericordiae
1729 1068 1910 1123 suae,
1961 1052 2338 1107 revertetur
2369 1045 2456 1105 ad
2502 1045 2898 1118 Jerusalem,
2958 1061 3108 1104 cum
3152 1040 3412 1100 miseri-

311 1152 557 1225 cordia,
610 1157 670 1210 et
719 1150 1139 1211 miserebitur
1187 1152 1400 1227 Jacob,
1438 1159 1499 1211 et
1550 1154 1743 1229 eliqet
1794 1155 2007 1213 adhuc
2043 1152 2122 1211 de
2158 1151 2405 1211 Israel?
2449 1144 2494 1228 ¹)
2533 1150 2615 1211 Et
2651 1150 2846 1210 electi
2878 1148 2987 1210 illi
3018 1149 3407 1206 inserentur

312 1256 519 1314 olivae
570 1274 748 1328 suae,
801 1261 863 1313 et
898 1258 1165 1314 venient
1202 1258 1273 1315 in
1311 1258 1469 1318 Sion
1508 1276 1658 1316 cum
1693 1258 1912 1330 laude,
1964 1263 2027 1314 et
2063 1255 2528 1331 ingredientur
2562 1255 2926 1322 civitatem,
2959 1248 3010 1328 ²)
3048 1254 3117 1309 et
3148 1246 3229 1309 de
3263 1261 3410 1306 cae-

315 1367 458 1421 tero
514 1379 641 1421 non
698 1367 894 1422 erunt
951 1360 1258 1437 hospites
1313 1367 1381 1422 et
1431 1362 1766 1437 advenae,
1818 1363 1933 1421 sed
1989 1366 2158 1423 cives
2207 1366 2580 1421 sancto-rum
2640 1364 2702 1419 et
2749 1357 3095 1417 domestici
3151 1353 3293 1414 Dei.
3346 1355 3407 1409 et

307 1470 681 1546 qaudebunt
716 1471 795 1528 de
827 1471 1010 1530 bonis
1044 1471 1314 1531 Domini
1349 1489 1552 1546 super
1580 1473 1944 1549 frumento,
1980 1473 2131 1530 vino
2162 1475 2227 1529 et
2261 1469 2422 1542 oleo,
2471 1474 2533 1527 et
2567 1467 2749 1527 ultra
2779 1483 2913 1526 non
2960 1463 3279 1524 esurient.
3312 1451 3361 1533 ⁸)

1826 1714 1897 1776 X.

395 1950 527 2008 Nec
583 1951 788 2010 etiam
839 1952 1022 2012 aliud
1081 1954 1328 2013 malum
1388 1954 1469 2013 ad
1522 1942 2058 2028 persecutionem
2117 1952 2412 2012 fidelium
2470 1951 2718 2011 Christi
2777 1948 3059 2025 urgebat
3105 1945 3401 2018 saulum,

302 2069 503 2129 quam
563 2055 873 2114 veritatis
923 2059 990 2116 et
1038 2056 1140 2117 sui
1191 2057 1409 2133 ipsius
1458 2056 1862 2131 ignorantia,
1925 2055 2268 2131 quoniam,
2321 2054 2497 2113 sicut
2546 2054 2688 2128 ipse
2738 2053 2853 2126 ait,
2912 2065 3067 2109 cum
3114 2047 3405 2108 caeteris

305 2156 622 2232 ignorans
669 2157 897 2218 Jesum
945 2166 1011 2218 et
1047 2176 1249 2219 voces
1296 2159 1819 2235 Scripturarum,
1873 2176 2044 2235 quae
2080 2174 2198 2234 per
2232 2173 2425 2217 omne
2466 2156 2830 2216 'sabbatum
2879 2156 3216 2229 leguntur,
3250 2169 3404 2230 pro-

304 2261 569 2321 ficiebat
619 2263 684 2321 in
728 2261 1073 2322 Judaismo
1129 2280 1332 2338 supra
1385 2264 1630 2323 multos
1678 2267 2078 2323 coaetaneos
2136 2279 2296 2322 suos
2347 2262 2413 2321 in
2461 2276 2703 2338 genere
2752 2276 2897 2334 suo,
2951 2257 3402 2317 abundantius

305 2365 678 2424 aemulator
725 2366 1018 2426 existens
1069 2373 1502 2443 paternarum
1564 2386 1835 2428 suarum
1899 2368 2368 2440 traditionum,
2428 2380 2812 2441 expugnans
2866 2361 3275 2431 Ecclesiam,
3333 2365 3401 2419 et

299 2470 660 2530 devastans
710 2489 877 2532 eam.
929 2473 1054 2533 Sed
1105 2476 1420 2550 quoniam
1468 2492 1597 2535 non
1642 2491 1720 2534 ex
1773 2476 2190 2551 malignitate
2240 2479 2595 2550 protervae
2644 2471 2908 2544 mentis,
2962 2469 3078 2528 sed
3128 2469 3398 2527 incauta

297 2574 652 2636 devotione
694 2579 1008 2653 antiquae
1041 2578 1258 2654 Legis,
1312 2595 1514 2656 quam
1548 2597 1584 2638 a
1618 2578 1752 2639 Deo
1787 2578 2012 2638 datam
2048 2581 2351 2651 noverat,
2403 2584 2472 2637 et
2494 2577 2942 2636 ‘consiliorum
2990 2574 3140 2650 eJus
3175 2572 3397 2633 adhuc

298 2678 595 2756 ignaruS,
648 2682 903 2741 aboleri
954 2682 1243 2742 habebat
1289 2684 1754 2759 praesumptio
1806 2683 1919 2743 illa
1968 2685 2076 2743 vel
2124 2699 2337 2755 error,
2390 2700 2521 2759 quo
2572 2699 2720 2742 eam
2769 2681 2966 2757 quasi
3000 2679 3178 2739 tueri
3227 2678 3401 2738 nite-

294 2783 556 2844 bantur.
611 2785 1075 2862 descendebat,
1134 2794 1203 2845 ut
1252 2789 1489 2848 scribit
1538 2788 1705 2862 ipse,
1761 2788 1826 2846 in
1876 2788 2094 2862 prima
2143 2788 2226 2846 ad
2274 2787 2695 2847 Timotheum
2743 2786 3054 2863 epistola,
3106 2784 3221 2859 qui
3248 2785 3397 2860 pri-

291 2905 477 2945 mum
522 2890 654 2965 fuit
705 2889 1120 2965 blasphemus
1154 2899 1216 2948 et
1256 2898 1644 2968 persecutor
1678 2898 1740 2950 et
1779 2893 2314 2965 contumeliosu3‚
2366 2893 2896 2951 misericordiam
2934 2892 3055 2951 Dei
3090 2906 3398 2950 consecu-

297 2998 402 3052 tus
451 3000 569 3069 est,
602 2990 651 3073 ⁴)
702 2995 858 3073 quia
910 2997 1225 3070 ignorans
1281 2996 1548 3056 fecerat.
1601 2996 1785 3057 Unde
1834 3003 1901 3056 et
1951 2998 2013 3055 in
2066 3003 2222 3074 typo
2272 2998 2475 3056 velati
2529 3002 2724 3056 antea
2773 2996 2997 3055 cordis
3046 2995 3215 3072 ejuS,
3268 2995 3389 3054 tri-

296 3096 513 3158 duana
549 3101 871 3159 caecitate
905 3102 1289 3177 mulctatur,
1328 3108 1394 3161 et
1432 3103 1494 3160 in
1532 3104 1684 3178 typo
1725 3119 1870 3161 mox
1907 3102 2271 3175 revelandi,
2302 3102 2766 3161 decidentibus
2802 3101 2885 3160 ab
2920 3100 3135 3160 oculis
3171 3099 3391 3175 ipsius

299 3202 670 3277 squammis
719 3202 1160 3278 illuminatus,
1215 3204 1279 3263 in
1316 3206 1573 3264 tantum
1609 3206 1935 3264 alteratus
1971 3211 2097 3278 est,
2152 3210 2225 3263 ut
2259 3221 2337 3262 ex
2374 3206 2837 3279 impugnatore
2884 3202 3144 3277 doctor,
3196 3203 3263 3260 et
3308 3217 3389 3260 ex

300 3305 454 3379 lupo
505 3305 681 3363 aries
720 3305 959 3380 factuS,
1012 3314 1078 3366 et
1120 3308 1495 3367 doctrinam
1544 3326 1745 3384 quam
1773 3310 1863 3368 ab
1912 3309 2090 3368 omni
2136 3309 2478 3367 hominurn
2516 3308 2839 3367 memoria
2875 3306 3252 3367 convellere
3297 3306 3392 3364 la-

296 3407 599 3481 borabat,
639 3410 999 3468 asserendo
1036 3413 1390 3487 plantaret,
1443 3415 1510 3472 et
1556 3429 1826 3489 gregem
1874 3429 2071 3489 quem
2107 3413 2495 3488 dispergere
2545 3412 2918 3487 satagebat,
2968 3411 3208 3471 ductor
3258 3408 3389 3470 for-

299 3511 605 3571 tissimus
639 3514 1143 3589 multiplicando
1177 3515 1585 3577 defenderet.

386 3618 518 3677 Nec
554 3619 818 3678 aliunde
867 3637 1066 3697 quam
1100 3639 1178 3680 ex
1214 3625 1319 3683 sui
1356 3625 1656 3699 ipsorum
1692 3625 2091 3700 ignorantia,
2142 3623 2545 3683 indiscretus
2582 3624 2694 3683 ille
2735 3623 3020 3683 filiorum
3069 3622 3389 3683 Zebedaei

297 3724 482 3783 zelus
541 3723 1005 3800 descendebat,
1064 3743 1196 3802 quo
1246 3728 1326 3788 de
1376 3728 1952 3802 contemptoribus
2008 3733 2287 3787 naturae
2338 3742 2500 3786 suae
2549 3727 2870 3787 ultionem
2928 3728 3383 3801 reposcenteS,

296 3827 627 3889 dicebant:
667 3829 964 3904 Domine,
995 3833 1112 3905 vis,
1147 3832 1428 3893 dicimus
1460 3838 1534 3890 ut
1563 3834 1735 3909 ignis
1769 3832 2147 3906 descendat,
2184 3838 2247 3889 et
2284 3836 2621 3893 consumet
2649 3848 2775 3891 eos.
2802 3830 2981 3901 Quos
3015 3828 3244 3889 statim
3278 3828 3391 3888 be-

295 3934 536 4008 nignus
600 3934 922 4009 magister
986 3936 1377 4013 increpanS,
1447 3943 1519 3997 ut
1574 3938 1954 3998 ostenderet
2021 3938 2546 4013 increpationem
2614 3937 2799 3996 illam
2862 3936 2944 3997 de
3008 3935 3383 4010 ignorantia

298 4040 682 4114 emersisse,
716 4040 898 4101 dicit:
950 4043 1234 4103 Nescitis
1268 4047 1448 4104 enim
1496 4041 1682 4118 cujus
1717 4047 1992 4121 spiritus
2042 4047 2223 4119 estis;
2263 4043 2478 4104 Filius
2527 4045 2813 4105 homtnis
2846 4060 2980 4102 non
3017 4046 3197 4104 venit
3244 4044 3390 4103 ani-

302 4160 444 4202 mas
469 4144 778 4221 perdere,
814 4147 930 4206 sed
963 4147 1238 4207 salvare.
1273 4142 1321 4225 ⁵)

1679 4433 1691 4440 -
1794 4391 1896 4451 XI.

390 4611 482 4672 De
530 4629 662 4689 qua
719 4614 977 4675 scilicet
1027 4615 1399 4693 ignorantia
1448 4618 1761 4694 quoniam
1811 4618 2035 4678 omnia
2086 4618 2221 4677 fere
2273 4633 2622 4695 perperam
2680 4623 2872 4696 gesta
2919 4620 3268 4692 ebulliunt,
3319 4623 3388 4680 et

303 4736 422 4797 per
454 4721 622 4780 hanc
671 4722 737 4781 in
772 4722 1001 4781 multis
1051 4723 1446 4783 offendimus
1497 4740 1749 4800 omneS,
1802 4731 2067 4801 oportet
2115 4730 2203 4797 te,
2256 4725 2349 4786 fili
2398 4725 2810 4802 dulcissime,
2862 4726 3189 4786 adversus
3238 4742 3386 4785 eam

303 4826 514 4885 multa
562 4826 845 4901 vigilare
897 4827 1246 4901 industria;
1301 4827 1456 4904 quia
1493 4830 1647 4887 sunt
1695 4831 1762 4888 et
1793 4846 1963 4905 quos
2013 4828 2345 4889 hebetudo
2397 4831 2778 4891 intellectus
2827 4830 3077 4907 dejicit,
3128 4829 3209 4888 de
3243 4828 3387 4904 qui-

378 5069 423 5135 ¹)
453 5075 480 5126 1
508 5071 643 5142 Reg.
686 5070 764 5135 11.
791 5074 847 5136 Δ.
873 5075 926 5128 5.
955 5071 1090 5129 Luc.
1127 5071 1204 5136 11.
1232 5076 1323 5138 51.
1348 5078 1415 5131 52
1436 5077 1543 5131 etc.
1569 5074 1800 5142 —2)10-
1890 5078 1975 5132 19.
2018 5073 2192 5147 Apoc.
2234 5075 2368 5141 Vll.
2412 5081 2477 5134 ¹⁶
2514 5082 2622 5135 etc.
2660 5109 2726 5120 -
2759 5077 2803 5144 ⁴)
2842 5078 2888 5134 1.
2928 5077 3074 5134 Tim.
3106 5076 3154 5140 1.
3198 5079 3281 5131 ¹8.
3315 5105 3382 5116 -

310 5171 409 5211 cus
449 5154 719 5219 incertus.
762 5157 891 5214 sort.
922 5159 1290 5231 apocryphus.
1321 5192 1389 5201 -
1414 5160 1458 5227 ³)
1485 5161 1690 5233 Ephes.
1719 5162 1796 5225 n,
1888 5163 1929 5227 ⁵)
1958 5160 2090 5219 Luc.
2124 5161 2228 5225 lx.
2256 5165 2343 5218 55.
