4036 6117
645 454 771 512 102

1298 955 1898 1029 CAPITULA
1963 949 2478 1031 TERTIAE
2530 959 2951 1032 PARTIS

927 1268 1028 1325 DE
1066 1269 1246 1326 VIRO
1283 1271 1390 1327 AD
1426 1272 2058 1329 SEPTENTRIONEM
2097 1275 2189 1330 ET
2227 1276 2334 1330 AD
2370 1277 2759 1332 ORIENTEM
2799 1274 3246 1332 ASPICIENTE
3287 1275 3329 1340 ¹)

697 1897 746 1959 1.
804 1901 1088 1974 Querela
1117 1904 1614 1965 elementorum.

696 2003 775 2064 11.
827 2005 1240 2083 Responsum
1275 2009 1396 2069 Dei
1429 2011 1515 2069 ad
1547 2010 1895 2070 elementa.

698 2109 807 2169 III.
870 2109 1070 2170 Verba
1102 2111 1464 2188 superbiae.

693 2209 797 2273 1v.
850 2214 1264 2292 Responsum
1296 2217 1718 2277 humilitatis.

696 2317 766 2378 V.
828 2319 1028 2380 Verba
1057 2323 1369 2383 invidiae.

696 2428 798 2490 VI.
848 2431 1261 2508 Responsum
1295 2435 1656 2494 charitatis.

702 2532 835 2594 VII.
893 2534 1097 2595 Verba
1127 2537 1350 2598 inanis
1380 2537 1650 2615 qloriae.

694 2639 859 2700 VIII.
910 2642 1325 2722 Responsum
1353 2646 1612 2706 ,timoris
1659 2644 1945 2704 Domini.

701 2744 895 2811 VIIII,
957 2746 1158 2806 Verba
1187 2747 1699 2809 inobedientiae.

697 2851 772 2912 X.
822 2854 1236 2932 Responsum
1269 2853 1696 2915 obedientiae.

697 2954 801 3022 XI.
863 2957 1065 3018 Verba
1095 2959 1529 3038 infidelitatis.

695 3061 831 3123 XII.
885 3063 1299 3142 Responsum
1332 3063 1508 3142 fidei.

695 3164 860 3231 XIII.
920 3166 1119 3229 Verba
1150 3168 1652 3245 desperationis

695 3268 893 3333 XIIII.
943 3271 1359 3351 Responsum
1393 3275 1551 3351 spei.

696 3374 824 3435 XV.
884 3375 1084 3435 Verba
1117 3378 1453 3445 luxuriae.

698 3480 855 3540 XVI.
908 3483 1320 3559 Responsum
1354 3484 1695 3543 castitatis.

703 3582 893 3644 XVII.
952 3584 1152 3645 Verba
1181 3587 1308 3646 zeli
1341 3588 1482 3647 Dei.

701 3687 922 3747 xvm.
963 3688 1145 3760 Quod
1193 3693 1488 3767 quamvis
1531 3672 1841 3750 Diabolus
1882 3690 2086 3749 homi-

625 3810 780 3853 nem
839 3794 1020 3852 vitiis
1066 3794 1335 3853 irretire
1384 3811 1518 3852 non
1566 3801 1807 3867 cesset,
1859 3798 2082 3850 tamen

611 3896 892 3974 ylariam
927 3897 1051 3956 Dei
1085 3915 1404 3957 evacuare
1442 3914 1576 3956 non
1604 3897 1874 3973 poterit.

701 4001 951 4062 XVIIII.
992 4002 1174 4075 Quod
1201 4004 1376 4063 Deus
1402 4004 1651 4062 homini
1676 4002 2083 4060 demonstrat

609 4128 693 4167 ne
735 4110 808 4167 in
844 4109 1298 4185 confusionem
1325 4115 1750 4186 peccatorum
1782 4109 1995 4169 cadat.

703 4210 834 4270 XX.
888 4212 1071 4284 Quod
1124 4215 1305 4272 venti
1359 4221 1422 4273 et
1477 4232 1593 4272 aer
1645 4233 1721 4273 ac
1782 4213 2087 4272 viriditas

617 4315 878 4388 mundi,
926 4316 1067 4381 ,Deo
1106 4318 1403 4394 pleniter
1433 4318 1831 4389 obedientes,
1881 4324 2095 4377 osten-

622 4421 793 4480 dunt
824 4426 899 4480 ut
932 4424 1118 4482 homo
1165 4424 1245 4482 de
1277 4423 1457 4485 bonis
1491 4426 1740 4486 actibus
1775 4429 1911 4486 suis
1959 4443 2091 4484 non

621 4523 769 4597 sibi,
807 4526 920 4585 sed
942 4528 1223 4604 qloriam
1255 4534 1316 4588 et
1350 4533 1660 4590 honorem
1693 4532 1802 4590 det
1831 4532 1983 4591 Deo,

708 4628 868 4690 XXI.
907 4632 1119 4691 David
1149 4632 1235 4692 ad
1266 4633 1566 4693 eamdem
1598 4653 1758 4695 rem.

707 4734 899 4799 XXII.
955 4737 1138 4809 Quod
1194 4740 1361 4799 sicut
1417 4738 1754 4798 elementa
1799 4739 2090 4798 diversas

621 4845 959 4900 creaturas
981 4844 1360 4919 germinare
1383 4844 1667 4920 faciunt,
1697 4844 1862 4903 sicut
1880 4838 1931 4922 2)
1950 4845 2096 4921 fru-

618 4926 1080 5023 ctificationem
1127 4948 1221 5005 eis
1270 4945 1705 5016 subtrahunt,
1758 4950 1856 5005 ita
1887 4949 2090 5006 etiam

709 5131 749 5197 ¹)
779 5135 1049 5203 incipiunt
1073 5135 1318 5207 capitula
1346 5142 1454 5205 etc.
1485 5135 1549 5192 Α.
1587 5168 1647 5175 -—
1677 5137 1720 5201 2)
1742 5140 1789 5191 et
1814 5139 1952 5192 sicut
1981 5137 2070 5189 W.

2188 1906 2269 1965 de
2325 1909 2553 1968 anima
2578 1901 2583 1904 ⁷
2608 1928 2732 1986 per
2786 1906 3018 1969 bonam
3071 1910 3323 1986 famam
3381 1906 3663 1965 virtutes

2187 2016 2459 2086 exeunt,
2496 2019 2560 2070 et
2586 2031 2713 2088 per
2759 2011 3381 2090 contemplationem
3425 2011 3668 2068 oratio-

2189 2132 2354 2173 num
2384 2121 2834 2175 revertuntur.

2280 2221 2502 2281 XXIII.
2557 2222 2740 2294 Quod
2772 2223 3125 2297 elementa,
3162 2225 3449 2282 humano
3480 2236 3667 2276 more

2188 2345 2322 2387 non
2371 2327 2748 2406 loquentia,
2799 2328 3141 2387 hominum
3194 2321 3668 2401 iniquitatibus

2192 2430 2684 2506 subvertuntur,
2734 2430 2843 2491 ubi
2889 2432 3195 2509 foeditati
3227 2447 3456 2489 eorum
3497 2445 3672 2490 corn-

2190 2537 2559 2596 municant.

2283 2637 2536 2699 XXIIII.
2576 2639 2759 2713 Quod
2794 2640 2970 2700 Deus
3005 2643 3300 2700 homines
3333 2644 3406 2702 in
3436 2659 3675 2718 pecca-

2197 2742 2282 2799 tis
2332 2721 2669 2802 sordentes
2717 2744 3061 2803 interdum
3109 2747 3390 2814 cruciat,
3436 2761 3683 2822 quous-

2198 2865 2323 2923 que
2357 2847 2442 2905 ad
2476 2849 2696 2925 ipsum
2729 2850 2800 2906 in
2828 2848 3244 2923 poenitentia
3277 2848 3572 2908 redeant.

2286 2953 2468 3014 XXV.
2502 2954 2685 3026 Quod
2720 2953 2897 3013 Deus
2944 2954 3084 3014 vult
3135 2953 3307 3029 quod
3339 2955 3563 3012 omnia
3598 2953 3673 3010 in

2194 3065 2543 3136 conspectu
2579 3056 2721 3134 ejus
2752 3060 3009 3119 munda
3040 3061 3193 3118 sint.

2276 3163 2488 3231 XXVI.
2550 3163 2733 3236 Quod
2786 3165 2967 3222 venti
3024 3168 3087 3221 et
3142 3181 3258 3221 aer
3319 3164 3667 3222 multoties

2188 3269 2499 3327 emittunt
2534 3269 2854 3328 laesiones
2878 3267 3207 3347 fructibus
3234 3274 3481 3338 terrae,
3509 3288 3672 3345 quo-

2188 3376 2373 3434 niam
2428 3376 2724 3434 homines
2779 3376 2863 3439 ad
2901 3371 3246 3449 justitiam
3295 3372 3492 3432 corda
3547 3391 3673 3433 sua

2187 3495 2321 3538 non
2353 3482 2688 3556 aperiunt.

2284 3585 2527 3645 XXVII.
2593 3585 2775 3657 Quod
2830 3587 3101 3663 quidam
3150 3586 3450 3663 perversi
3513 3586 3723 3645 homi-

2192 3707 2308 3747 nes
2342 3689 2595 3764 dicunt,
2632 3692 2777 3767 quis
2804 3691 3125 3750 Dominus
3157 3690 3273 3749 ille
3299 3708 3438 3748 esse
3460 3690 3693 3766 possit,

2191 3812 2388 3870 quem
2418 3813 2759 3871 nunquam
2796 3796 3129 3854 viderunt.

2284 3898 2557 3959 XXVIII.
2599 3900 2781 3973 Quod
2813 3903 3107 3961 homines
3158 3900 3372 3960 Deum
3409 3920 3536 3977 per
3567 3900 3674 3957 bo-

2194 4020 2352 4061 nam
2380 4006 2734 4063 scientiam
2780 4008 2844 4063 et
2891 4022 3013 4080 per
3038 4004 3213 4063 alias
3266 4005 3671 4081 temporales

2198 4112 2540 4166 creaturas
2573 4088 2820 4167 vident.

2285 4210 2589 4272 XXVIIII.
2631 4213 2813 4285 Quod
2844 4216 3029 4273 homo
3067 4215 3441 4274 Creatorem
3475 4232 3673 4273 suum

2198 4317 2365 4374 sicut
2400 4323 2778 4377 creaturam
2810 4321 3256 4396 constrinqere
3291 4326 3525 4382 tentat.

2289 4418 2506 4501 XXX.
2562 4425 2745 4497 Quod
2779 4425 3159 4503 Scripturas
3208 4426 3439 4486 nullus
3470 4429 3676 4486 homi-

2198 4544 2362 4584 num
2394 4528 2696 4588 invenire
2738 4534 2982 4607 posset,
3036 4533 3092 4590 si
3140 4532 3474 4607 sapientia
3518 4531 3673 4590 illas

2200 4649 2331 4690 non
2365 4632 2705 4693 dictasset.
3334 4692 3339 4697 ,

2289 4736 2502 4797 XXXI.
2557 4737 2889 4810 Quamdiu
2944 4742 3253 4797 creatura
3306 4737 3675 4799 hominibus

2200 4861 2279 4901 ea
2312 4860 2478 4919 quae
2527 4845 2681 4902 usui
2711 4836 2762 4922 3)
2813 4859 3043 4901 eorum
3089 4849 3246 4919 apta
3293 4847 3474 4917 sunt,
3519 4859 3678 4919 pro·

2201 4950 2405 5023 ducit,
2472 4951 2953 5027 perfectionem
3021 4949 3415 5024 yaudiorum
3486 4951 3673 5008 homo

2295 5136 2337 5204 ³)
2367 5137 2487 5191 visu
2514 5134 2604 5189 W.
