4036 6117
1640 513 2106 562 ΕΡιετοιΑε.
3241 494 3366 556 421

341 641 574 713 rimos,
633 642 694 697 et
739 655 906 714 quae
955 636 1196 696 multos
1245 634 1507 696 habebat
1569 634 1772 713 filios,
1823 635 2165 714 infirmata
2211 639 2342 706 est;
2402 652 2595 693 arcus
2642 633 2919 710 sortium
2977 632 3326 706 superatus
3374 630 3438 684 et

338 743 589 820 infirmi
636 743 914 802 accincti
963 746 1116 799 sunt
1163 739 1406 813 robore3
1459 741 1701 816 repleti
1744 741 1962 816 prius,
2002 757 2127 815 pro
2168 737 2452 814 panibus
2488 755 2553 796 se
2598 737 2997 808 locaverunt,
3035 740 3097 793 et
3129 729 3439 810 famelici

339 847 620 904 saturati
671 850 847 918 sunt3
901 863 1051 903 cum
1083 847 1336 903 venerit
1387 848 1647 921 tempus
1694 843 2061 902 miserendi
2107 843 2286 915 Sion,
2336 842 2454 901 ille
2487 843 2601 918 qui
2650 840 2948 917 deposuit
3000 840 3311 915 potentes
3361 832 3440 892 de

335 950 509 1022 sede,
569 954 630 1006 et
681 949 998 1007 eoealtavit
1048 950 1355 1022 Ιηιτηίῑεε,
1416 952 1785 1009 esurientes
1841 949 2139 1026 implevit
2197 945 2400 1018 bonis,
2459 951 2522 1003 et
2571 946 2808 1004 divites
2856 945 3109 1003 dimisit
3165 944 3430 1013 inanes;

329 1053 722 1129 quandoque
769 1053 1152 1112 recordatus
1199 1054 1697 1112 misericordiae
1751 1073 1932 1127 suae,
1983 1058 2358 1111 revertetur
2390 1051 2477 1110 ad
2524 1049 2919 1123 Jerusalem,
2979 1066 3129 1108 cum
3174 1045 3434 1106 miseri-

333 1156 578 1229 cordia,
632 1163 694 1214 et
743 1155 1161 1215 miserebitur
1210 1157 1422 1232 Jacob,
1460 1164 1520 1216 et
1571 1159 1763 1234 eliyet
1816 1159 2029 1218 adhuc
2064 1157 2143 1215 de
2180 1156 2426 1217 Israel?
2470 1149 2516 1233 ¹)
2554 1154 2638 1216 Et
2673 1155 2867 1214 electi
2900 1153 3008 1214 illi
3041 1154 3428 1211 inserentur

334 1260 541 1319 olivae
593 1278 770 1334 suae,
823 1265 884 1317 et
920 1263 1188 1318 venient
1225 1261 1296 1320 in
1333 1262 1490 1322 Sion
1531 1281 1680 1321 cum
1715 1262 1934 1335 laude,
1985 1268 2046 1320 et
2084 1260 2550 1336 ingredientur
2584 1260 2948 1328 civitatem,
2981 1253 3032 1333 2)
3070 1260 3137 1314 et
3170 1253 3251 1314 de
3285 1266 3432 1311 cae-

337 1371 480 1426 tero
535 1383 665 1425 non
721 1372 916 1426 erunt
972 1365 1280 1441 hospites
1335 1373 1404 1426 et
1452 1366 1788 1441 advenae,
1839 1368 1953 1426 sed
2011 1370 2178 1427 cives
2228 1371 2601 1425 sanctorum
2662 1369 2724 1424 et
2772 1362 3117 1423 domestici
3173 1359 3315 1420 Dei.
3367 1361 3428 1414 et

328 1475 702 1550 qaudebunt
738 1475 816 1533 de
849 1474 1031 1535 bonis
1067 1477 1336 1535 Domini
1370 1493 1573 1551 super
1602 1477 1965 1552 frumento,
2002 1477 2153 1534 vino
2184 1479 2249 1532 et
2283 1474 2443 1546 oleo,
2492 1478 2554 1532 et
2588 1472 2771 1532 ultra
2800 1488 2934 1532 non
2982 1469 3299 1529 esurient.
3333 1456 3383 1538 ⁸)

1847 1719 1918 1780 X.

416 1953 548 2013 Nec
605 1955 811 2014 etiam
860 1956 1042 2015 aliud
1103 1957 1350 2016 malum
1409 1958 1491 2017 ad
1542 1947 2080 2032 persecutionem
2138 1956 2432 2016 fidelium
2491 1955 2742 2016 Christi
2800 1953 3081 2031 urgebat
3126 1950 3422 2023 Saulum,

321 2072 525 2133 quam
584 2059 895 2118 veritatis
943 2063 1012 2120 et
1059 2061 1163 2121 sui
1213 2061 1431 2137 ipsius
1479 2061 1883 2136 ignorantia,
1945 2060 2289 2135 quoniam,
2342 2059 2519 2117 sicut
2568 2059 2710 2134 ipse
2759 2058 2875 2132 ait,
2934 2071 3087 2115 cum
3135 2053 3426 2113 caeteris

324 2161 644 2237 ignorans
690 2162 918 2222 Jesum
965 2169 1032 2222 et
1067 2180 1270 2224 voces
1318 2163 1840 2239 scripturarum,
1895 2181 2065 2240 quae
2101 2179 2220 2240 per
2253 2178 2447 2222 omne
2497 2161 2851 2222 sabbatum
2901 2161 3237 2234 leguntur,
3271 2173 3426 2235 pro-

322 2265 590 2326 ficiebat
641 2268 705 2327 in
749 2267 1093 2327 Judaismo
1149 2284 1354 2342 supra
1404 2270 1651 2328 multos
1700 2272 2098 2328 coaetaneos
2157 2284 2317 2326 suos
2369 2267 2435 2326 in
2483 2281 2724 2343 genere
2774 2281 2919 2339 suo,
2972 2261 3423 2322 abundantius

324 2370 700 2429 aemulator
746 2371 1040 2430 existens
1088 2377 1524 2447 paternarum
1585 2390 1856 2433 suarum
1920 2372 2389 2445 traditionum,
2450 2385 2834 2446 expugnans
2888 2366 3296 2436 Ecclesiam,
3354 2369 3423 2423 et

319 2475 681 2535 devastans
731 2493 898 2537 eam.
950 2477 1073 2538 Sed
1126 2480 1441 2555 quoniam
1490 2496 1618 2539 non
1663 2496 1739 2538 ex
1794 2481 2211 2556 malignitate
2262 2485 2616 2555 protervae
2666 2475 2929 2549 mentiS,
2984 2473 3100 2533 sed
3151 2474 3418 2532 incauta

317 2580 672 2640 devotione
715 2583 1029 2658 antiquae
1062 2582 1279 2658 Legis,
1332 2600 1535 2659 quam
1569 2601 1606 2642 a
1639 2583 1772 2644 Deo
1808 2583 2035 2643 datam
2071 2586 2372 2656 noverat,
2425 2588 2492 2642 et
2516 2581 2964 2641 ‘consiliorum
3012 2579 3162 2655 ejus
3196 2576 3417 2637 adhuc

318 2683 616 2758 ignaruS,
669 2686 924 2745 aboleri
975 2686 1264 2746 habebat
1310 2689 1775 2763 praesumptio
1828 2688 1941 2747 illa
1989 2689 2098 2747 vel
2145 2705 2358 2759 error,
2411 2703 2543 2763 quo
2593 2703 2742 2746 eam
2791 2685 2987 2762 quasi
3022 2684 3199 2744 tueri
3248 2683 3423 2742 nite-

312 2788 577 2848 bantur.
631 2789 1097 2865 descendebat,
1153 2799 1224 2850 ut
1273 2793 1510 2851 scribit
1562 2793 1726 2867 ipse,
1782 2793 1847 2851 in
1899 2794 2116 2866 prima
2165 2793 2247 2850 ad
2296 2792 2716 2851 Timotheum
2764 2790 3076 2867 epistola,
3127 2789 3243 2864 qui
3270 2789 3418 2864 pri-

311 2909 499 2950 mum
544 2895 675 2969 fuit
727 2893 1141 2970 blasphemus
1175 2903 1235 2953 et
1277 2903 1665 2972 persecutor
1699 2900 1759 2954 et
1800 2897 2335 2970 contumeliosuS,
2388 2897 2918 2955 misericordiam
2955 2896 3076 2955 Dei
3111 2911 3419 2955 consecu-

315 3002 424 3056 tus
472 3006 590 3073 est,
624 2994 672 3077 ⁴)
723 3000 878 3077 quia
930 3001 1246 3074 ignorans
1301 3001 1569 3062 fecerat.
1623 3001 1805 3061 Unde
1855 3007 1922 3061 et
1972 3001 2037 3060 in
2088 3006 2242 3078 typo
2294 3002 2496 3062 velati
2550 3008 2745 3062 antea
2794 3000 3018 3061 cordis
3067 2999 3236 3077 eJuS,
3289 2998 3409 3058 tri-

317 3101 536 3162 duana
571 3105 892 3164 caecitate
926 3106 1310 3181 mulctatur,
1349 3113 1415 3165 et
1453 3108 1516 3165 in
1553 3109 1705 3182 typo
1744 3124 1890 3166 mox
1928 3106 2292 3179 revelandi,
2322 3106 2787 3166 decidentibus
2824 3105 2907 3165 ab
2941 3104 3155 3167 oculis
3193 3104 3411 3179 ipsius

319 3205 691 3281 squammis
741 3206 1182 3282 illuminatus,
1236 3208 1300 3267 in
1336 3211 1593 3268 tantum
1629 3210 1956 3268 alteratus
1991 3216 2119 3281 est,
2174 3215 2245 3268 ut
2280 3224 2358 3267 ex
2395 3209 2857 3283 impugnatore
2906 3206 3165 3281 doctor,
3217 3207 3284 3265 et
3330 3221 3409 3264 ex

320 3309 477 3384 lupo
527 3309 702 3367 aries
741 3310 979 3384 factuS,
1033 3319 1098 3370 et
1141 3312 1516 3371 doctrinam
1564 3330 1765 3389 quam
1801 3312 1884 3372 ab
1932 3314 2112 3373 omni
2156 3313 2499 3372 hominum
2538 3313 2860 3371 memoria
2896 3312 3273 3371 convellere
3319 3311 3413 3369 la·

317 3410 620 3486 horabat,
660 3414 1019 3473 asserendo
1057 3416 1411 3490 plantaret,
1463 3419 1529 3476 et
1576 3433 1845 3493 gregem
1895 3433 2093 3492 quem
2128 3416 2515 3492 dispergere
2566 3416 2939 3491 satagebat,
2989 3414 3229 3475 ductor
3279 3413 3409 3474 for-

320 3514 626 3575 tissimus
660 3519 1164 3594 multiplicando
1198 3519 1606 3581 defenderet.

407 3622 539 3681 Nec
574 3624 839 3683 aliunde
886 3641 1088 3701 quam
1121 3642 1200 3684 ex
1235 3628 1339 3687 sui
1377 3629 1675 3702 ipsorum
1712 3629 2112 3704 ignorantia,
2164 3628 2566 3688 indiscretus
2603 3628 2715 3688 ille
2756 3627 3039 3687 filiorum
3090 3626 3410 3688 Zebedaei

319 3728 503 3786 zelus
562 3727 1026 3802 descendebat,
1085 3746 1217 3806 quo
1267 3732 1348 3791 de
1397 3732 1973 3806 contemptoribus
2029 3737 2309 3792 naturae
2359 3747 2520 3790 suae
2570 3730 2893 3791 ultionem
2948 3733 3404 3806 reposcenteS,

317 3831 647 3892 dicebant:
687 3832 985 3907 Domine,
1017 3836 1133 3908 vis,
1168 3835 1448 3897 dicimus
1482 3843 1554 3895 ut
1583 3839 1755 3913 iynis
1789 3837 2168 3911 descendat,
2205 3842 2266 3893 et
2305 3842 2641 3896 consumet
2670 3853 2795 3895 eos.
2823 3835 3002 3906 Quos
3036 3832 3265 3893 statim
3298 3833 3411 3893 be-

315 3936 557 4012 nignus
621 3937 943 4012 magister
1007 3939 1397 4016 increpans,
1466 3948 1540 4002 ut
1594 3943 1974 4002 ostenderet
2041 3943 2566 4017 increpationem
2634 3942 2819 4001 illam
2882 3940 2965 4002 de
3029 3941 3403 4016 ignorantia

318 4043 701 4117 emersisse,
738 4043 919 4105 dicit:
971 4047 1255 4108 Nescitis
1289 4050 1469 4108 enim
1517 4045 1702 4121 cujus
1738 4050 2013 4125 spiritus
2063 4051 2244 4123 estis;
2284 4048 2499 4108 Filius
2547 4050 2834 4109 hominis
2867 4065 3000 4107 non
3037 4051 3217 4109 venit
3265 4049 3410 4109 ani·-

322 4163 464 4206 mas
491 4147 800 4224 perdere,
835 4150 951 4209 sed
983 4151 1259 4212 salvare.
1294 4146 1342 4229 ⁵)

1700 4438 1709 4444 -
1814 4396 1916 4455 XI.

409 4614 502 4676 De
551 4632 682 4693 qua
739 4618 998 4679 scilicet
1048 4620 1419 4697 ignorantia
1468 4623 1783 4698 quoniam
1831 4624 2055 4683 omnia
2106 4622 2242 4682 fere
2293 4639 2641 4700 perperam
2700 4629 2893 4701 gesta
2939 4623 3289 4697 ebulliunt,
3340 4627 3408 4684 et

321 4739 443 4800 per
473 4724 642 4784 hanc
691 4726 757 4785 in
793 4727 1021 4785 multis
1073 4727 1467 4787 offendimus
1517 4744 1770 4805 omneS,
1822 4734 2086 4805 oportet
2136 4736 2224 4801 te,
2278 4730 2369 4790 fili
2418 4730 2831 4805 dulcissime,
2882 4730 3211 4790 adversus
3258 4746 3407 4789 eam

322 4830 537 4890 multa
582 4830 865 4905 vigilare
915 4831 1267 4905 industria3
1321 4832 1478 4908 quia
1514 4836 1667 4893 sunt
1715 4835 1781 4892 et
1814 4851 1983 4909 quos
2034 4833 2366 4894 hebetudo
2418 4836 2797 4896 intellectus
2848 4836 3098 4912 dejicit,
3150 4835 3230 4894 de
3263 4833 3408 4909 qui·-

399 5073 444 5139 ¹)
473 5078 500 5129 ¹
529 5074 663 5144 Reg.
706 5073 785 5138 11.
812 5078 867 5139 ι.
893 5079 946 5132 5.
977 5075 1110 5133 Luc.
1148 5075 1224 5141 11,
1252 5081 1343 5143 51,
1368 5082 1436 5135 52
1457 5081 1564 5135 etc.
1589 5078 1820 5146 —²)lo-
1910 5082 1995 5136 19.
2039 5078 2213 5152 Apoc.
2254 5079 2389 5145 Vll.
2433 5086 2498 5139 1⁶
2535 5086 2642 5140 etc.
2680 5114 2746 5125 —
2779 5082 2823 5149 ⁴)
2863 5083 2907 5139 1.
2947 5082 3094 5139 Tim.
3126 5081 3174 5145 1.
3217 5083 3300 5137 12.
3335 5110 3403 5121 -—

329 5174 430 5214 cus
470 5158 739 5222 incertus.
784 5160 911 5217 fort.
943 5163 1311 5234 apocryphus.
1341 5196 1410 5205 —
1435 5164 1478 5229 ³)
1508 5165 1710 5237 EpheS.
1740 5165 1817 5229 11.
1908 5168 1950 5231 ⁵)
1979 5165 2111 5223 Luc.
2144 5166 2247 5229 lx.
2276 5169 2364 5222 55.
