4036 6117
1629 480 2093 528 EPISTOLAE.
3190 463 3320 524 373

294 609 604 669 omnibus
655 608 876 668 mundi
936 610 1003 667 ct
1058 607 1563 666 oblectamentis
1621 610 1687 667 et
1737 608 1934 668 rebus
1993 609 2263 684 spretis,
2322 608 2547 666 Jesum
2606 612 2901 680 secutuS,
2964 606 3248 683 spiritali
3310 622 3382 665 se

293 719 689 789 paupertate
722 708 767 790 ¹)
816 712 1231 772 constrinxit.
1281 712 1361 771 Et
1409 711 1516 770 hic
1564 711 1866 788 profecto
1903 713 1966 771 in
2016 714 2323 773 claritate
2357 713 2666 785 nominiS,
2720 719 2787 772 et
2832 713 3041 772 variis
3091 711 3381 788 Spiritus

291 819 513 876 Sancti
564 817 1153 877 distributionibus
1187 833 1316 876 non
1349 817 1497 875 dico
1533 818 1941 892 centuplum,
1995 817 2111 876 sed
2149 817 2501 892 plusquam
2537 817 2780 876 millies
2815 817 3093 890 accepit;
3145 821 3211 875 et
3246 821 3390 875 tan-

288 920 439 978 dem
477 922 538 979 in
583 922 692 979 illo
739 937 940 994 regno
979 920 1435 993 beatitudinis,
1473 936 1621 980 cum
1661 922 2088 981 senatoribus
2123 921 2313 994 coeli,
2350 920 2743 994 dignitatem
2772 919 3167 994 judiciariae
3203 917 3384 977 sedis

286 1026 597 1106 obtinuit.
637 1027 1076 1101 Quapropter,
1113 1041 1244 1083 non
1277 1031 1349 1083 ut
1384 1025 1786 1100 quibusdam
1827 1025 2207 1085 indiscretis
2244 1040 2463 1084 rerum
2502 1026 2604 1083 vel
2643 1024 3034 1083 meritorum
3072 1023 3387 1083 aestima-

290 1126 549 1185 toribus
586 1127 870 1196 videtur,
924 1143 1002 1185 ex
1038 1127 1344 1185 incautae
1392 1126 1770 1186 devotionis
1823 1127 2225 1200 adulatione,
2279 1126 2397 1184 sed
2433 1141 2711 1201 prorsus
2759 1141 2838 1184 ex
2876 1125 3088 1185 solido
3140 1125 3381 1198 dignae

287 1229 502 1288 laudis
537 1231 918 1305 praeconiO,
972 1231 1296 1290 Martinus
1347 1230 1784 1306 signipotens,
1840 1230 2101 1305 fulgore
2140 1230 2465 1289 virtutum
2516 1231 2663 1305 ipsa
2712 1228 3146 1288 reverberare
3198 1233 3379 1286 astra

287 1343 354 1394 ct
386 1336 656 1395 divorsa
692 1338 1056 1396 multorum
1093 1336 1467 1411 complesse
1501 1352 1673 1394 unus
1707 1329 1982 1420 [merita
2015 1333 2068 1412 ⁴²)
2105 1327 2582 1417 existimatur]

1760 1587 1892 1660 IV.

374 1846 588 1920 Atque
648 1843 793 1902 ideo
849 1845 917 1902 et
973 1842 1296 1918 apostolis
1373 1844 1441 1901 et
1500 1840 1888 1917 prophetis,
1956 1849 2031 1901 ut
2087 1858 2361 1917 compar
2440 1857 2694 1916 corum,
2762 1855 2926 1916 pace
2992 1844 3373 1898 sanctorum

284 1950 602 2022 omnium,
658 1955 1008 2008 consertus
1042 1964 1213 2022 esse,
1256 1947 1338 2006 ab
1371 1947 1672 2005 Ecclesia
1723 1953 2109 2006 reverenter
2142 1947 2557 2006 decantatur.
2595 1947 2812 2018 Quare
2846 1944 3024 2005 enim
3056 1959 3189 2003 non
3238 1959 3376 2003 me-

285 2055 413 2113 rito
467 2054 600 2111 illis
649 2057 715 2111 et
751 2068 870 2126 par
917 2058 983 2110 et
1032 2058 1382 2111 consertus
1433 2052 1497 2109 in
1546 2051 1754 2109 coelis
1803 2066 1955 2110 esse
2005 2051 2533 2127 praedicaretur,
2584 2051 2700 2126 qui
2749 2049 3137 2109 executione
3189 2047 3371 2107 labo-

284 2175 428 2218 rum
465 2175 593 2217 non
628 2158 1031 2233 segniorum,
1083 2162 1152 2215 et
1187 2157 1252 2214 in
1301 2155 1758 2229 acceptatione
1810 2156 2265 2230 spiritualium
2316 2156 2826 2229 charismatum,
2878 2154 3009 2214 etsi
3056 2168 3187 2210 non
3220 2166 3372 2210 cum

283 2264 543 2338 primis,
600 2269 818 2320 tamen
868 2262 1105 2336 primis
1152 2262 1515 2336 pauperior
1560 2277 1689 2318 non
1739 2260 2112 2320 invenitur?
2161 2262 2257 2319 An
2308 2261 2464 2336 quia
2514 2259 2857 2319 Christum
2908 2256 3369 2332 corporaliter,

283 2370 354 2425 ut
389 2366 698 2441 apostoli,
751 2372 865 2425 aut
897 2382 1029 2424 non
1071 2366 1260 2440 vidit,
1314 2369 1431 2425 aut
1462 2382 1591 2424 non
1641 2371 1916 2425 secutus
1950 2367 2086 2424 est?
2135 2366 2334 2424 Plane
2385 2367 2441 2424 si
2476 2366 2689 2444 fidelis
2735 2359 2785 2444 ³)
2821 2381 3055 2438 sermo,
3092 2369 3153 2422 et
3190 2362 3370 2419 omni

279 2474 654 2547 acceptione
705 2471 965 2547 diqnuS,
1017 2469 1393 2529 beati-oculi
1441 2471 1809 2547 quivident
1858 2490 2024 2547 quae
2062 2487 2163 2526 vos
2212 2471 2468 2529 videtis,
2504 2468 2629 2529 Sed
2672 2486 2803 2529 non
2838 2469 3053 2528 minor
3082 2462 3129 2546 ⁴)
3184 2480 3370 2526 reve-

279 2577 495 2636 rentia
543 2576 1094 2651 suscipientibus:
1158 2577 1351 2634 Beati
1399 2578 1512 2652 qui
1569 2593 1700 2634 non
1755 2576 2065 2634 viderunt
2123 2581 2184 2633 et
2237 2575 2689 2634 crediderunt.
2750 2574 2920 2632 Hinc
2955 2578 3059 2632 est
3091 2578 3160 2631 et
3194 2570 3356 2630 illud

275 2681 446 2756 quod
500 2661 650 2740 cum
700 2679 979 2739 Domino
1027 2696 1065 2738 a
1113 2679 1398 2755 quadam
1451 2679 1809 2739 diceretur:
1864 2681 2112 2738 Beatus
2159 2686 2392 2739 venter
2426 2683 2540 2757 qui
2589 2686 2651 2738 tc
2682 2681 2994 2756 portavit,
3047 2684 3109 2736 et
3158 2676 3364 2736 ubera

274 2804 438 2862 quae
499 2788 765 2856 suasisti,
825 2785 967 2859 ipse
1020 2785 1116 2841 sic
1167 2783 1530 2858 respondit:
1586 2785 1759 2856 Quin
1808 2786 2005 2842 immo
2062 2783 2232 2842 beati
2284 2786 2397 2860 qui
2448 2784 2734 2842 audiunt
2782 2782 3047 2841 verbum
3102 2782 3244 2853 Dei,
3297 2785 3361 2838 et

273 2888 648 2947 custodiunt
719 2887 912 2946 illud.
982 2886 1352 2961 Prophetae
1402 2893 1467 2945 et
1526 2887 1810 2962 apostoli
1860 2887 1940 2945 de
1988 2887 2166 2946 fonte
2217 2887 2330 2945 illo
2396 2886 2765 2961 gratiarum
2824 2885 3022 2961 primi
3090 2883 3360 2959 quidem

273 2990 609 3064 biberunt,
650 2989 766 3048 sed
800 3005 930 3047 non
984 2991 1195 3048 totum
1230 2990 1605 3065 ebiberunt,
1658 2994 1725 3050 et
1757 2993 2073 3067 quantam
2108 2991 2526 3065 invenerunt,
2579 2995 2833 3049 tantam
2871 2989 2936 3046 in
2970 3004 3048 3046 eo
3097 2987 3356 3064 copiam

283 3094 720 3169 sequentibus
787 3094 1222 3168 reliquerunt.
1280 3094 1562 3153 Proinde
1619 3097 1934 3171 quoniam
1994 3095 2141 3153 fons
2200 3095 2312 3154 ille
2367 3097 2605 3170 plenus
2665 3109 2927 3168 semper
2993 3093 3236 3165 manet,
3295 3096 3362 3149 et

277 3197 715 3257 inexhaustus
765 3197 1066 3273 quolibet
1117 3204 1436 3273 tempore,
1489 3199 1774 3275 quisque
1817 3199 2047 3258 divina
2095 3200 2484 3258 evocatione
2533 3198 2613 3257 ad
2650 3196 3092 3257 hauriendum
3140 3211 3367 3255 exces-

279 3305 389 3377 sit,
430 3310 613 3363 tanto
648 3305 798 3379 plus
832 3304 1063 3380 procul
1100 3303 1304 3362 dubio
1339 3303 1571 3362 exinde
1608 3303 1855 3379 hausit,
1894 3310 2143 3380 quanto
2191 3304 2506 3379 capacius
2554 3302 2706 3361 fidei
2753 3301 3135 3361 hautorium
3170 3294 3216 3378 ⁵)
3269 3302 3368 3359 at-

278 3408 450 3467 tulit.
488 3408 668 3468 Unde
702 3414 768 3467 et
802 3409 1126 3468 Martinus
1175 3408 1540 3468 secundum
1577 3386 1958 3467 mensuram
1999 3408 2174 3482 fidei,
2227 3425 2426 3483 quam
2459 3409 2520 3467 ei
2553 3407 2730 3466 Deus
2778 3408 3070 3482 partitus
3121 3405 3361 3477 fuerat,

279 3512 419 3570 suis
475 3512 752 3586 diebus,
813 3519 1086 3573 strenue
1133 3512 1266 3573 Deo
1318 3514 1381 3572 in
1432 3512 1811 3588 adoptionis
1868 3514 2111 3589 spiritu
2162 3513 2486 3585 servienS,
2546 3518 2614 3571 et
2661 3511 2742 3571 de
2787 3509 3200 3587 plenitudine
3248 3510 3365 3569 illa

275 3613 632 3687 haurienS,
702 3619 833 3675 tarn
886 3618 1155 3692 copiosa
1212 3618 1539 3692 rigatione
1587 3616 1948 3676 inundatus
1995 3619 2064 3676 et
2121 3615 2514 3676 fecundatus
2561 3619 2696 3691 est,
2754 3624 2829 3675 ut
2878 3614 3221 3674 miraculis
3271 3614 3365 3672 in-

274 3718 597 3791 numeris,
650 3723 991 3793 tamquam
1039 3735 1118 3778 ex
1153 3720 1479 3794 apostolis
1515 3737 1709 3795 unus,
1762 3727 2172 3795 coruscaret,
2224 3723 2292 3780 et
2323 3736 2398 3779 ex
2434 3719 2930 3796 praedicatione
2966 3736 3089 3779 sua
3120 3719 3365 3778 uberes

275 3817 409 3877 Deo
447 3818 706 3878 fructus
741 3820 1059 3896 referenS,
1096 3823 1441 3896 praeclara
1477 3824 1684 3897 lucra,
1724 3830 1796 3883 ut
1828 3826 2247 3899 apostolatus
2295 3824 2398 3883 sui
2435 3825 2625 3899 signa
2656 3840 2733 3882 ex
2768 3823 3203 3883 conversione
3251 3820 3357 3880 vel

276 3922 494 3980 salute
530 3924 895 3981 multorum
930 3925 1330 4000 ostenderet,
1363 3921 1410 4005 ⁶)
1440 3929 1506 3986 et
1538 3933 2069 3988 momentaneum
2108 3928 2292 4002 illud,
2329 3928 2506 4003 quod
2543 3930 2607 3986 in
2639 3926 2963 3986 effusione
3011 3925 3357 4000 sanguinis

271 4031 388 4085 aut
436 4042 516 4086 ex
542 4027 839 4102 qualibet
874 4029 1174 4102 corporis
1223 4029 1734 4105 interemptione
1767 4032 1862 4107 fit,
1899 4032 2318 4106 martyrium,
2350 4031 2702 4106 multiplici
2736 4036 2805 4089 et
2835 4030 3149 4088 diuturno
3184 4028 3364 4087 labo-

273 4144 422 4188 rum
455 4130 798 4205 exerciti0‚
836 4146 967 4207 quo
1002 4131 1299 4207 seipsum
1327 4134 1621 4207 quotidie
1667 4131 1715 4212 ⁷)
1766 4135 1972 4194 nimia
1998 4135 2382 4210 vigiliarum
2415 4141 2483 4193 et
2514 4132 2955 4193 abstinentiae
3006 4146 3123 4191 seu
3160 4130 3361 4207 frigo-

275 4251 423 4294 rum
456 4234 815 4295 afflictione
850 4237 1214 4312 cruciabat,
1253 4242 1736 4312 compensaret.

362 4340 440 4398 Et
495 4340 810 4415 quoniam
865 4342 1203 4401 Ecclesiae
1253 4343 1635 4402 certissima
1691 4344 1851 4402 fides
1900 4350 2035 4417 est,
2098 4351 2367 4404 sanctos
2418 4361 2649 4403 omnes
2699 4362 2819 4422 pro
2869 4344 3159 4404 diversis
3210 4344 3361 4419 piae

273 4449 802 4507 conversationis
853 4451 1294 4525 qualitalibus
1345 4452 1449 4510 vcl
1498 4452 1822 4526 graduum
1874 4452 2458 4528 distinctionibuS,
2521 4455 2695 4514 inter
2751 4454 2866 4514 illa
2916 4466 3357 4529 supernorum

345 4707 389 4771 ¹)
417 4707 547 4764 Huc
588 4709 918 4766 inseruntur
946 4713 1134 4778 verba,
1162 4729 1304 4785 quae
1345 4714 1438 4769 vix
1479 4730 1543 4770 ac
1576 4730 1644 4769 ne
1673 4714 1766 4769 vix
1852 4718 2089 4788 pientius
2113 4716 2235 4772 cod.
2268 4748 2334 4758 -·-
2357 4719 2400 4784 ⁵)
2441 4717 2777 4774 Hautorium
2814 4716 2897 4773 sic
2940 4715 3062 4772 cod.
3104 4714 3352 4777 Similia,

271 4796 500 4867 quidem
541 4798 775 4855 extrico:
819 4808 1081 4873 quantum
1105 4805 1220 4873 sere
1243 4807 1404 4858 venia
1442 4808 1563 4865 (aut
1589 4807 1768 4867 venio)
1859 4817 1969 4855 non
1998 4801 2147 4857 idem
2178 4807 2384 4864 tamen,
2420 4803 2563 4857 mihi
2592 4801 2834 4871 Cangius
2861 4802 3052 4863 habet,
3095 4806 3159 4855 ut
3197 4799 3355 4856 Hau-

273 4884 423 4939 alius
446 4890 766 4940 construxit.
799 4885 893 4942 Sic
917 4888 1316 4958 apographum.
1348 4887 1422 4942 Et
1448 4889 1616 4958 paulo
1642 4893 1769 4959 post
1856 4892 2132 4951 riter-ium,
2173 4889 2578 4952 Hausitorium,
2621 4889 2942 4945 Haustmm.
2984 4919 3050 4928 ·--
3085 4888 3131 4951 ⁶)
3172 4887 3349 4947 lucra,

271 4969 470 5024 millies
490 4976 664 5026 tamen
686 4975 954 5044 accipitet
977 4976 1038 5026 in
1056 4979 1149 5028 etc.
1174 5004 1239 5013 --
1259 4973 1304 5038 ²)
1325 4974 1595 5043 quaedam
1619 4974 1768 5032 cxci·
1856 4979 1908 5031 si
1933 4977 2332 5048 apostolatus...
2362 4979 2631 5034 ostendere
2656 4976 2738 5032 sic
2763 4974 2883 5031 cod.
2918 4974 2976 5029 in
3014 4987 3204 5043 apogr.
3241 5002 3302 5010 —

270 5054 495 5109 derunt.
539 5086 606 5095 ·-·
631 5055 675 5119 ³)
701 5055 727 5110 1
751 5055 897 5111 Tim.
931 5055 1034 5119 111,
1068 5063 1114 5112 l.
1152 5058 1287 5119 Luc,
1317 5057 1393 5120 X,
1421 5063 1511 5121 233
1541 5058 1644 5122 XI,
1673 5064 1759 5116 27.
1854 5063 1897 5129 ⁷)
1924 5065 2072 5136 quod
2095 5066 2282 5119 diebus
2305 5065 2423 5122 cod.
2458 5082 2570 5138 quo
2590 5079 2718 5122 cum
2747 5062 3074 5119 luctandum
3102 5065 3208 5122 est,
3236 5074 3349 5114 una

270 5142 428 5197 Joan.
473 5140 602 5203 XX,
633 5145 716 5195 20.
853 5141 897 5204 ⁴)
923 5160 1028 5198 non
1057 5147 1257 5200 minori
1282 5150 1580 5203 reverentia
1604 5152 1766 5204 susci·
1853 5166 1981 5205 rum
2012 5150 2498 5222 sesquipedalibus
2517 5150 2781 5208 Guibcrti
2811 5148 3075 5221 periodis.
