4036 6117
1305 533 1630 583 Enisa-om
1641 535 1779 582 mm
1831 536 2011 583 nova
2060 535 2307 582 sannas.
3157 517 3286 577 563

344 1049 604 1105 Nobilem
631 1050 881 1106 militem
909 1050 1265 1124 deprecatur.
1294 1068 1362 1108 ne
1388 1051 1577 1108 anima
1604 1054 1731 1125 ejus
1756 1053 2169 1125 pessumdetur.

357 1193 408 1252 O
446 1192 639 1252 miles
673 1191 876 1271 huJus
910 1193 1186 1267 saeculi,
1226 1194 1487 1268 respice
1520 1193 1603 1253 ad
1639 1194 1852 1268 illum,
1890 1194 2006 1270 qui
2058 1200 2123 1255 te
2160 1194 2226 1253 in
2275 1193 2632 1255 nobilitate
2667 1208 2833 1253 suae
2879 1191 3367 1254 benedictionis

263 1295 554 1360 liberum
592 1301 856 1374 statuit,
894 1305 962 1359 et
995 1299 1289 1370 custodi,
1325 1315 1407 1359 ne
1441 1305 1508 1359 te
1544 1300 1872 1360 rusticum
1911 1316 2034 1378 per
2076 1302 2254 1362 mala
2287 1318 2494 1377 opera
2542 1301 2610 1361 in
2643 1298 3129 1361 consuetudine
3176 1298 3373 1357 vitio-

267 1422 416 1464 rum
457 1404 689 1469 facias,
741 1410 808 1462 et
843 1419 921 1463 ne
973 1404 1235 1463 coelum
1270 1411 1339 1463 et
1387 1409 1569 1464 terra
1605 1405 2020 1466 lamentabili
2069 1421 2233 1467 voce
2270 1422 2479 1482 super
2523 1403 3058 1465 benedictionem
3107 1402 3372 1463 Domini

264 1508 374 1567 sui
425 1509 738 1582 clament,
791 1508 968 1583 quod
1017 1506 1328 1583 perierit,
1383 1509 1653 1584 quando
1702 1509 1925 1571 anima
1983 1516 2097 1571 tua
2148 1511 2231 1570 de
2278 1526 2560 1587 corpore
2608 1516 2725 1571 tuo
2771 1509 3029 1570 exierit.
3072 1506 3259 1569 Nunc
3309 1509 3375 1567 in

266 1618 622 1672 aeternum
655 1612 832 1685 vive,
870 1614 936 1671 et
968 1610 1145 1671 Deus
1182 1612 1516 1671 illuminet
1549 1618 1633 1672 te.

1666 1791 1963 1853 CXXXII.

1535 1939 1606 2000 ‘N
1607 1987 2092 2000 ........

341 2083 778 2140 Adolescentem
805 2083 862 2140 in
891 2084 1116 2140 saeculo
1140 2082 1615 2141 sanctificandum
1643 2083 1948 2155 permittit.

360 2229 706 2305 Sapientia,
752 2231 818 2288 in
852 2245 1015 2289 vera
1061 2230 1324 2291 visione
1358 2230 1488 2289 ista
1536 2229 1744 2290 verba
1779 2245 1886 2289 me
1929 2229 2178 2290 docuit:
2215 2229 2266 2290 O
2316 2229 2444 2304 fili,
2483 2230 2599 2307 qui
2636 2230 2856 2306 imago
2888 2228 3006 2290 Dei
3039 2244 3138 2304 es,
3176 2245 3364 2292 mens

269 2341 388 2392 tua
436 2349 716 2408 campus
749 2335 1037 2394 latarum
1087 2335 1350 2395 viarum
1386 2339 1515 2408 est,
1568 2334 1830 2394 scilicet
1877 2334 2188 2409 volend0,
2240 2334 2708 2409 desiderando,
2762 2340 2829 2396 et
2879 2335 2947 2395 in
2981 2336 3365 2397 temeritate

267 2439 628 2511 currendo,
681 2455 760 2498 ac
794 2440 1005 2499 multa
1056 2445 1193 2499 tam
1230 2439 1481 2499 inculta
1515 2454 1717 2515 quam
1755 2438 1948 2498 utilia
1982 2439 2048 2497 in
2090 2438 2560 2498 vicissitudine
2596 2439 3021 2516 requirend03
3060 2439 3181 2500 sed
3212 2456 3371 2501 ocu-

271 2542 380 2601 lus
430 2542 694 2603 animae
729 2548 906 2616 tuae,
962 2542 1197 2603 nolens
1227 2545 1297 2603 et
1342 2543 1599 2617 volenS,
1639 2543 1704 2601 in
1752 2548 2008 2602 arctam
2052 2548 2122 2602 et
2169 2549 2522 2619 angustam
2575 2543 2752 2603 viam
2803 2543 3071 2619 aspicit,
3106 2559 3227 2620 per
3277 2544 3373 2604 in-

266 2646 684 2722 spectionem
734 2647 1181 2723 plurimarum
1229 2648 1602 2706 alienarum
1651 2662 2033 2721 causarum,
2073 2646 2139 2705 in
2187 2647 2434 2723 quibus
2477 2662 2667 2706 mens
2715 2652 2830 2707 tua
2863 2652 3192 2723 occupata
3237 2652 3363 2709 est.

267 2751 456 2810 Nunc
501 2751 655 2812 vide
689 2751 867 2828 quod
920 2751 1343 2827 impossibile
1375 2757 1482 2810 est
1528 2750 1651 2824 illi,
1689 2766 1812 2826 per
1857 2751 2294 2810 constrictam
2332 2751 2509 2810 viam
2559 2750 2929 2825 ambulare,
2967 2752 3082 2828 qui
3120 2751 3186 2811 in
3219 2752 3371 2813 lati-

269 2856 500 2915 tudine
533 2856 684 2916 viae
719 2863 876 2931 stat,
916 2857 1075 2933 quia
1110 2858 1243 2917 lata
1281 2871 1467 2915 mens
1502 2856 1570 2915 in
1606 2854 2089 2915 constrictione
2123 2855 2279 2914 viae
2319 2853 2685 2914 secundum
2723 2854 3141 2915 voluntatem
3176 2870 3368 2915 suam

267 2977 399 3020 non
449 2960 672 3036 habet,
707 2967 775 3020 et
822 2961 1010 3020 disce
1042 2960 1218 3037 quod
1269 2959 1464 3020 multi
1499 2959 1581 3019 ad
1619 2959 1825 3018 latam
1859 2959 2039 3018 viam
2076 2958 2513 3033 aspicienteS,
2549 2961 2619 3016 et
2654 2957 2721 3015 in
2756 2957 2879 3017 illa·
2918 2957 3364 3034 ambulanteS,

269 3069 390 3127 sed
425 3071 646 3127 tamen
671 3067 962 3128 animam
997 3082 1186 3126 suam
1221 3067 1548 3140 amanteS,
1582 3078 1888 3139 magnam
1923 3062 2406 3124 beatitudinem
2441 3060 2842 3136 habuerunt,
2870 3077 3078 3138 quum
3111 3064 3369 3123 arctam

268 3182 342 3237 et
375 3182 727 3251 angustam
776 3175 953 3235 viam
990 3173 1335 3234 ambulare
1383 3188 1512 3231 non
1545 3172 1849 3247 possunt.
1886 3168 1993 3229 Sic
2030 3175 2103 3228 tu
2135 3185 2230 3229 ee.
2268 3167 2793 3244 comprehensio
2834 3148 3083 3228 autem*
3106 3167 3367 3229 brachii

269 3281 391 3340 Dei
428 3280 800 3341 saecularis
835 3279 1122 3354 populus
1157 3283 1290 3348 est,
1325 3279 1392 3338 et
1424 3275 1661 3336 oculus
1695 3274 1843 3351 ejus
1878 3274 2209 3350 spiritalis
2243 3272 2567 3348 populuS,
2603 3273 2673 3332 et
2704 3276 3058 3348 utramque
3106 3278 3367 3349 partem

270 3387 454 3445 Deus
487 3384 682 3444 valde
712 3383 956 3459 diligit,
1008 3398 1160 3442 cum
1197 3383 1264 3442 in
1296 3385 1654 3457 praecepto
1703 3377 1852 3454 ejus
1886 3377 2152 3437 incedit.
2189 3376 2331 3436 Hoc
2363 3381 2432 3435 et
2464 3381 2537 3434 tu
2572 3375 2785 3446 disce,
2820 3380 2889 3434 et
2921 3375 2987 3435 in
3021 3381 3369 3436 aeternum

270 3491 490 3561 viveS‚
545 3487 660 3547 sed
695 3493 918 3547 tamen
968 3487 1032 3545 in
1065 3485 1388 3546 torculari
1439 3483 1826 3560 frequenter
1856 3481 2395 3556 conculcaberiS,
2434 3479 2549 3539 sed
2584 3496 2715 3540 non
2749 3480 2925 3541 sicut
2968 3481 3369 3558 peregrinus

275 3595 482 3668 filine,
522 3593 638 3653 sed
675 3594 851 3653 sicut
885 3592 1145 3652 amicus
1178 3589 1318 3650 Dei.

1659 3742 1990 3804 CXXXIII.

1538 3880 1606 3940 N
1608 3927 2095 3940 ........

349 4019 617 4076 Animam
646 4019 867 4078 lubrico
891 4034 1028 4093 gyro
1058 4026 1360 4091 vagantem
1379 4021 1582 4078 sistere
1603 4022 1792 4094 jubet.

374 4143 625 4219 Lumen
671 4161 738 4220 in
770 4175 932 4220 vera
981 4161 1238 4221 visione
1272 4159 1438 4221 haec
1485 4160 1694 4221 verba
1728 4161 1892 4221 mihi
1940 4160 2144 4222 dedit:
2182 4160 2233 4221 O
2282 4166 2356 4221 tu
2400 4162 2645 4237 anima,
2695 4161 2892 4224 valde
2940 4163 3221 4242 fatigata
3267 4185 3364 4245 ee,

278 4268 353 4321 et
388 4262 676 4322 motione
724 4263 1086 4328 molendini
1122 4263 1556 4326 circumdata.
1608 4263 1732 4323 Sed
1765 4262 1943 4324 Deus
1994 4264 2061 4323 in
2102 4263 2548 4325 amaritudine
2596 4266 2932 4340 passionis
2980 4285 3143 4331 suae
3191 4280 3375 4334 amat

283 4372 374 4439 te,
416 4366 587 4425 unde
619 4365 702 4430 ad
737 4366 925 4427 illum
961 4368 1242 4441 respice,
1280 4372 1347 4426 et
1379 4366 1655 4444 adjuvat
1688 4370 1771 4428 te.

1669 4544 1990 4607 CXXXIV.

1543 4699 1607 4759 N
1611 4746 2096 4759 ........

358 4867 677 4925 'turbidum
703 4867 1034 4939 compescit.
1062 4869 1122 4921 et
1145 4864 1460 4922 sollicitum
1482 4863 1552 4919 de
1579 4862 1690 4917 alia
1714 4861 1904 4918 anima
1929 4875 2109 4933 aeque
2132 4861 2302 4917 anxia
2329 4865 2541 4917 monet.

380 4990 470 5050 De
519 4991 792 5065 lumine,
827 4986 871 5068 ⁸)
924 4989 1097 5066 quod
1135 4990 1199 5048 in
1249 4988 1469 5048 anima
1519 5002 1665 5048 mea
1717 4987 2009 5061 intueor,
2062 4985 2227 5046 haec
2274 4985 2481 5046 verba
2515 4985 2672 5044 vidi:
2724 4983 2815 5044 De
2849 4984 3115 5045 vidente
3148 4989 3366 5064 ocule,

369 5193 411 5260 Ι)
436 5192 616 5249 Multa
645 5191 705 5248 in
732 5191 1051 5263 apographo
1079 5190 1304 5247 nebula.
