4036 6117
704 496 790 556 52
1865 514 1917 559 s.
1968 510 2508 561 111LDEGARn1s

628 632 867 690 nesscio
902 635 1017 691 aut
1055 630 1185 690 alio
1230 630 1455 707 aliquo
1493 630 1686 690 modo
1723 631 1867 689 sine
1904 632 2232 692 effusione
2251 633 2616 708 „sanguinis
2660 633 3062 694 occiderant.
3115 634 3280 693 Nam
3327 637 3609 710 propter
3654 630 3753 693 Ia·-

633 739 882 793 tentem
916 739 1224 808 mortem,
1263 750 1463 808 quam
1499 734 1652 792 aliis
1692 733 2077 810 intulerant,
2118 736 2182 794 in
2215 736 2446 795 eodem
2477 736 2815 795 ¹rutilante
2868 736 3020 810 igne
3066 736 3410 810 ardebant;
3462 753 3543 795 ac
3593 752 3754 813 pro-

632 843 783 913 pter
813 837 1230 911 veneficium,
1269 854 1401 913 quo
1437 853 1554 896 eos
1591 838 2184 913 mortificaverant,
2221 840 2475 898 eisdem
2522 840 2892 914 vermibuS,
2941 856 3059 899 ora
3094 846 3167 899 ut
3212 839 3399 915 porci
3440 839 3755 899 habenti-

630 940 780 1017 buS,
819 929 1312 1016 affligebantur.

2177 1104 2202 1129 0

2110 1150 2264 1211 clv.

1258 1357 1484 1421 Poena
1518 1376 1743 1417 eorum
1778 1360 1891 1436 qui
1922 1360 2220 1435 infantes
2256 1375 2402 1419 suos
2433 1363 2630 1420 morti
2666 1361 3118 1421 tradiderunt.

721 1563 871 1627 122.
922 1567 1003 1627 Et
1050 1567 1189 1625 vidi
1239 1566 1460 1641 ignem
1515 1564 1993 1641 fortissimum,
2041 1566 2229 1642 juxta
2278 1573 2553 1642 puteum
2585 1560 2973 1643 perlucidae
3011 1583 3226 1644 aquae
3260 1567 3638 1639 ardentem,
3677 1562 3743 1622 in

630 1686 762 1748 quo
813 1671 1142 1747 quaedam
1190 1670 1457 1729 animae
1490 1669 1878 1743 urebantur,
1919 1686 2204 1745 quarum
2239 1671 2410 1729 aliae
2444 1672 2848 1746 quibusdam
2881 1671 3248 1745 vermibuS,
3285 1671 3470 1729 velut
3507 1670 3746 1741 cingu-

628 1776 736 1849 lis,
774 1775 954 1834 circa
988 1774 1381 1834 umbilicum
1430 1788 1627 1831 suum
1676 1773 2156 1848 cingebantur;
2202 1774 2372 1833 aliae
2425 1780 2650 1834 autem
2698 1775 2779 1834 de
2827 1775 3064 1834 eodem
3113 1776 3262 1851 igne
3299 1776 3364 1833 in
3399 1789 3473 1832 se
3509 1770 3739 1831 trahe·-

632 1881 819 1955 bant,
852 1885 921 1939 et
948 1879 1192 1938 iterum
1230 1878 1405 1937 idem
1438 1877 1855 1953 emittebant,
1893 1879 2078 1938 velut
2113 1878 2310 1938 homo
2340 1879 2622 1938 halitum
2649 1895 2844 1938 suum
2873 1880 2939 1938 in
2973 1896 3046 1938 se
3081 1879 3360 1953 inducit,
3385 1883 3452 1936 et
3489 1877 3742 1935 iterum

626 1984 883 2056 educit;
936 1998 1139 2058 super
1186 1998 1360 2056 quos
1406 1981 1614 2040 etiam
1661 1981 1932 2057 maligni
1984 1982 2267 2058 spiritus
2319 1983 2566 2059 ignitos
2616 1983 2873 2060 lapides
2921 1983 3382 2059 projiciebant.
3431 1980 3514 2040 Et
3562 1979 3735 2037 haec

632 2103 863 2147 omnes
890 2088 957 2146 in
992 2103 1166 2162 aqua
1192 2084 1479 2161 praefati
1513 2085 1695 2161 putei
1729 2102 1979 2160 poenas
2014 2103 2175 2145 suas
2201 2088 2398 2161 quasi
2433 2088 2498 2145 in
2532 2090 2804 2164 speculo
2837 2087 3374 2160 considerabant,
3404 2091 3472 2144 et
3497 2100 3582 2143 ex
3608 2083 3740 2141 hoc

630 2191 846 2265 magis
895 2206 973 2250 ac
1020 2190 1237 2264 magis
1290 2188 1782 2262 affligebantur.
1831 2189 2009 2248 Istae
2059 2195 2283 2249 autem
2333 2191 2594 2250 animae
2646 2192 2913 2251 illorum
2961 2190 3305 2251 hominum
3352 2193 3580 2261 erant,
3620 2185 3736 2262 qui

590 2272 783 2355 'dum
830 2295 897 2353 in
944 2291 1343 2369 corporibus
1392 2293 1535 2351 suis
1586 2292 1653 2351 in
1702 2294 1974 2351 saeculo
2020 2294 2348 2367 viverent,
2401 2296 2755 2355 materiam
2804 2296 3056 2370 figurae
3090 2293 3379 2353 hominis
3416 2292 3483 2350 in
3515 2304 3738 2349 serne-

625 2398 824 2474 tipsis
872 2397 1312 2470 extinxerant,
1368 2411 1446 2454 ac
1497 2394 1785 2454 infantes
1838 2395 1920 2454 de
1976 2411 2049 2455 se
2098 2403 2293 2457 natos
2342 2404 2768 2459 necaverant.
2808 2399 2975 2458 Nam
3009 2398 3269 2457 animae
3304 2397 3580 2455 illorum
3615 2391 3733 2468 qui

628 2504 993 2575 conceptus
1028 2514 1189 2557 suos
1226 2498 1292 2556 in
1326 2497 1710 2573 semetipsis
1746 2500 2226 2576 contriverant,
2265 2501 2348 2560 ob
2398 2502 3007 2577 transgressionem
3056 2518 3250 2561 suam
3299 2501 3366 2559 in
3413 2500 3566 2575 igne
3620 2495 3737 2555 illo

630 2604 977 2678 ardebant,
1015 2608 1083 2662 et
1124 2602 1209 2662 ob
1261 2601 1431 2660 hanc
1482 2601 2038 2663 inhumanitatem
2066 2598 2114 2683 ¹)
2165 2606 2496 2664 vermium
2543 2608 2915 2666 cincturam
2963 2605 3410 2666 sustinebant.
3454 2602 3740 2663 Animae

626 2715 853 2769 autem
897 2722 1131 2766 eorum
1179 2705 1293 2781 qui
1346 2705 1635 2765 infantes
1684 2723 1845 2765 suos
1896 2709 2097 2767 morti
2147 2709 2587 2785 tradiderunt,
2639 2711 2725 2770 ob
2774 2711 3099 2770 malitiam
3151 2724 3343 2768 suam
3393 2708 3461 2766 in
3493 2705 3734 2765 eodem

627 2816 778 2889 igne
825 2810 1296 2887 puniebantur3
1347 2815 1416 2870 et
1463 2810 1549 2869 ob
1605 2810 2038 2871 inhumanum
2073 2812 2530 2888 homicidium,
2570 2815 2790 2890 ignem
2824 2815 3028 2875 istum
3063 2815 3130 2873 in
3163 2828 3236 2872 se
3271 2811 3625 2882 tollebant,
3661 2813 3730 2867 et

630 2916 1064 2976 eum’iterum
1097 2912 1518 2988 evomebant;
1553 2919 1621 2972 et
1654 2915 1739 2973 ob
1771 2914 2092 2974 duritiam
2126 2933 2327 2992 quam
2378 2918 2444 2976 in
2491 2918 2617 2977 hoc
2670 2918 2845 2978 facto
2894 2918 3291 2992 habuerant,
3341 2917 3517 2975 ictus
3566 2911 3739 2988 lapi-

627 3022 785 3082 dum
834 3036 873 3078 a
921 3017 1233 3093 malignis
1269 3016 1623 3093 spiritibus
1656 3018 2104 3093 patiebantur.
2143 3019 2267 3079 Sed
2300 3027 2366 3080 et
2401 3022 2718 3097 quoniam
2750 3021 2910 3098 quid
2955 3020 3250 3082 facerent
3297 3017 3733 3079 considerare

623 3124 1080 3200 neglexerunt,
1132 3120 1404 3181 easdem
1450 3137 1700 3197 poenas
1736 3122 2134 3197 tolerabant3
2180 3125 2248 3182 in
2280 3125 2585 3200 praefata
2617 3143 2815 3202 aqua,
2851 3143 2984 3186 non
3016 3131 3292 3202 propter
3322 3119 3733 3183 consolatio-

629 3245 805 3303 nem,
841 3224 959 3286 sed
993 3230 1065 3285 ut
1100 3225 1319 3301 magis
1351 3221 1500 3285 inde
1533 3225 1860 3300 dolerent,
1896 3227 2366 3303 inspiciebant.

2109 3437 2232 3498 CV.

1471 3642 1699 3703 Poena
1744 3661 1973 3703 eorum
2018 3647 2134 3722 qui
2182 3648 2424 3724 seipsos
2472 3649 2873 3709 occiderunt.

718 3852 868 3913 123.
918 3851 1194 3912 Animas
1244 3855 1467 3909 autem
1518 3852 1783 3911 illorum
1832 3854 1946 3930 qui
1986 3855 2249 3931 seipsos
2285 3856 2349 3915 in
2385 3862 2670 3916 mortem
2701 3856 3337 3933 praecipitaverunt,
3374 3859 3442 3914 et
3472 3867 3730 3929 poenas

617 3974 851 4017 earum
881 3972 1013 4015 non
1044 3955 1378 4028 videbam,
1416 3955 1533 4013 scd
1567 3970 1682 4013 eas
1717 3956 1782 4014 in
1814 3962 2014 4032 puteo
2049 3958 2388 4032 gehennae
2422 3976 2574 4019 esse
2601 3960 2917 4021 sciebam.
2945 3960 3113 4031 Quia
3137 3974 3426 4035 namque
3453 3958 3722 4033 seipsos

619 4061 1025 4135 occiderant,
1064 4059 1405 4118 cruciatus
1442 4059 1775 4118 latronum
1812 4060 2176 4137 habebant,
2228 4069 2294 4121 et
2344 4065 2659 4139 quoniam
2707 4063 2788 4124 de
2837 4064 2966 4124 hoc
3017 4064 3193 4124 facto
3243 4062 3725 4140 poenitentiam

622 4183 752 4226 non
787 4164 1194 4239 habuerunt,
1233 4163 1297 4223 in
1330 4168 1531 4239 puteo
1565 4163 1905 4240 gehennae
1939 4166 2330 4227 submersae
2367 4168 2655 4230 fuerunt.

2091 4374 2247 4433 CVI.

1516 4580 1610 4642 De
1651 4586 2071 4660 poenitentia
2110 4604 2235 4663 pro
2285 4589 2384 4648 his
2434 4585 2828 4648 excessibus.

714 4765 863 4846 124.
912 4786 992 4845 Et
1040 4801 1159 4862 per
1205 4785 1541 4847 viventem
1576 4790 1890 4865 spiritum
1921 4793 2084 4869 vidi,
2121 4800 2187 4852 et
2223 4794 2516 4855 intellexi
2566 4796 2748 4856 haec.
2800 4796 2880 4855 Et
2929 4794 3009 4855 de
3057 4793 3401 4872 praedicta
3447 4792 3719 4853 vivente

620 4895 767 4953 luce
803 4893 1044 4951 iterum
1077 4892 1302 4952 audivi
1350 4909 1582 4953 vocem
1630 4895 1960 4957 dicentem
2008 4899 2090 4957 ad
2142 4916 2264 4960 me:
2302 4901 2480 4959 Haec
2521 4916 2691 4976 quae
2725 4902 2936 4978 videS,
2972 4918 3132 4961 vera
3167 4907 3345 4977 sunt,
3398 4907 3466 4960 et
3516 4905 3587 4959 ut
3633 4915 3715 4958 ca

618 4996 832 5071 vicieS,
886 4997 979 5055 ita
1028 5002 1202 5056 sunt.
1254 4996 1673 5076 Quapropter
1721 5000 2025 5062 homines
2059 5004 2171 5079 qui
2207 5005 2393 5064 vitiis
2426 5006 2923 5080 praedictarum
2955 5023 3322 5084 poenarum
3357 5023 3429 5067 se
3463 5006 3718 5080 obliga-

692 5149 734 5216 ¹)
772 5153 1157 5208 immanitatem
1194 5150 1259 5207 A.
