4036 6117
1456 525 1950 578 Pnoomuuu
3087 522 3185 571 vn

209 684 376 766 teste,
443 672 650 770 probe
708 669 1169 762 intellectum,
1235 677 1687 762 caeterasque
1755 665 2123 737 monastici
2187 663 2395 735 officii
2450 663 2959 735 variatissimas
3012 688 3274 759 preces,

209 810 595 897 compertum
650 807 753 871 est
805 796 1202 869 memoriter
1254 817 1407 865 eam
1461 804 1531 865 et
1583 792 1920 864 familiari
1972 815 2101 862 usu
2156 790 2462 862 tenuisse
2514 794 2921 862 innumeras
2972 790 3276 886 paginas

208 953 422 1020 sacras,
480 951 608 1000 nec
670 949 895 1022 pauca
956 923 1233 996 cantica
1292 921 1719 993 commisisse
1777 918 2123 990 latinitati
2183 929 2565 1011 utcumque
2623 917 2956 1011 eleganti,
3027 918 3280 990 saltem

211 1054 455 1153 proprio
488 1077 613 1125 suo
665 1051 976 1123 imbutae
1027 1048 1331 1143 ingenio.
1385 1045 1571 1134 Quid
1622 1046 1831 1141 quod,
1887 1045 1998 1117 vel
2057 1047 2239 1117 inter
2288 1043 2698 1116 umbratilia
2743 1053 2811 1115 et
2844 1043 3071 1116 libera
3105 1045 3272 1135 otia,

214 1206 328 1255 non
357 1182 565 1254 solum
604 1180 902 1277 hymnos
935 1176 1440 1249 ecclesiasticos
1476 1175 1784 1247 recinere
1814 1173 2105 1262 solebat,
2137 1173 2256 1245 secl
2284 1172 2593 1244 scenicos
2621 1172 2912 1243 miscere
2942 1172 3155 1261 lusae,
3189 1172 3293 1245 la-

218 1315 341 1384 tine
371 1333 580 1405 usque
631 1307 720 1380 ad
754 1330 881 1379 nos
931 1305 1309 1396 traductos,
1364 1304 1622 1399 quibus
1672 1302 1999 1398 egregiae
2050 1300 2396 1374 moniales
2443 1301 2794 1372 acuebant
2845 1300 3161 1372 animum
3215 1308 3286 1373 et

216 1435 629 1511 recreabant?
691 1432 931 1505 Nolim
991 1431 1078 1503 de
1139 1430 1329 1502 hisce
1398 1429 1711 1526 proferre
1779 1429 1965 1524 quod
2035 1427 2495 1523 gravissimus
2567 1425 2867 1522 scriptor
2944 1426 3294 1499 Eusebius

222 1574 442 1642 Amort
476 1567 558 1638 de
591 1571 836 1636 sancta
873 1561 1227 1634 Gertrude
1277 1559 1594 1652 asseruit,
1650 1582 1802 1631 eam
1840 1581 1997 1631 cum
2053 1557 2315 1629 eximia
2368 1556 2763 1628 eruditione
2817 1558 2886 1627 in
2928 1558 3293 1653 scriptori-

220 1698 325 1768 bus
359 1695 587 1767 latinis
635 1704 780 1766 tam
836 1692 1150 1789 profanis
1200 1715 1412 1785 quam
1465 1690 1685 1761 sacris
1736 1689 2185 1784 conjunxisse
2239 1688 2684 1759 sanctitatem
2740 1712 3007 1761 morum
3063 1700 3134 1762 et
3184 1690 3292 1763 fa·

220 1823 663 1895 miliaritatem
699 1846 857 1894 cum
899 1822 1042 1893 Deo
1078 1820 1563 1892 admirandam
1594 1819 1734 1912 (De
1760 1819 2263 1891 revelationibus
2299 1842 2363 1913 p.
2410 1820 2567 1908 170,
2615 1821 2807 1914 171).
2838 1820 2972 1891 Sed
3004 1845 3144 1894 non
3181 1847 3296 1894 ur-

215 1958 412 2052 genda
444 1982 591 2030 esse
629 1982 781 2030 reor
815 1957 1168 2029 modestae
1205 1954 1527 2050 Virginis
1560 1955 1797 2044 verba,
1828 1953 2206 2025 ruditatem
2244 1952 2661 2043 affectantis,
2686 1953 3112 2051 ‚limatisque
3146 1980 3301 2029 ver-

222 2089 310 2160 bis
337 2113 403 2160 se
429 2091 524 2161 uti
561 2089 910 2185 negantis.
945 2086 1194 2182 Neque
1229 2084 1838 2177 dissimulaverim,
1882 2093 1960 2155 ut
1996 2085 2146 2180 ejus
2178 2085 2409 2156 verbis
2440 2093 2622 2178 utar,
2682 2119 2711 2152 «
2756 2112 2894 2160 non
2932 2113 3122 2161 more
3155 2090 3297 2164 leo·

228 2239 366 2286 num
401 2217 702 2288 locutam
734 2217 968 2309 fuisse,
1009 2238 1137 2288 nec
1170 2216 1303 2288 nisi
1342 2236 1647 2311 pennam
1680 2212 1925 2304 levem,
1958 2212 2033 2283 in
2074 2211 2342 2308 Spiritu
2381 2213 2758 2308 volantem,
2793 2218 3305 2293 aestimandam

229 2363 352 2411 esse
380 2341 820 2415 flammamve
854 2350 1357 2431 coruscantem,
1397 2349 1521 2413 aut
1556 2340 1810 2411 nubem
1849 2339 1922 2410 in
1960 2363 2122 2411 aere
2174 2362 2351 2435 puro
2388 2347 2672 2412 motam.
2723 2373 2752 2407 ι
2810 2341 2949 2437 (Of.
2990 2346 3308 2420 Bolland.

234 2495 392 2543 num.
429 2476 536 2560 18,
574 2478 687 2561 19,
724 2478 825 2544 20
857 2474 930 2544 in
964 2474 1220 2544 Patrol.
1263 2470 1670 2566 CXCVII).

314 2602 560 2675 Eodem
602 2602 870 2674 interea
904 2625 1092 2674 anno
1133 2602 1341 2694 1136,
1380 2599 1612 2672 obiere
1645 2598 1852 2671 simul
1899 2599 2110 2671 beata
2137 2597 2342 2671 Jutta
2376 2605 2446 2670 et
2482 2597 2881 2673 Richardus
2915 2601 3313 2677 Disibodia-

238 2752 348 2800 nus
376 2730 608 2822 abbas,
665 2730 776 2800 cui
828 2728 1157 2800 successit
1193 2728 1408 2820 Cono,
1447 2750 1529 2798 ac
1563 2725 1768 2799 simul
1807 2725 2125 2798 unanimi
2171 2748 2483 2798 sororum
2532 2750 2895 2820 consensu,
2933 2729 3314 2827 Hildegar-

240 2854 327 2925 dis
361 2888 386 2919 α
427 2857 512 2927 ad
564 2855 983 2952 disciplinae
1035 2878 1401 2927 censuram
1455 2859 1675 2949 super'
1715 2876 1833 2926 eas
1883 2853 2349 2925 exercendam
2413 2853 2730 2949 eligitur,
2792 2881 2874 2928 ac
2926 2856 3090 2931 licet
3144 2861 3310 2934 totis

239 2984 548 3056 obnititur
621 2984 906 3076 viribus,
962 2982 1238 3054 abbatis
1294 2990 1666 3077 praecepto
1719 2986 1787 3051 et
1838 2978 2186 3050 sodalium
2249 3002 2535 3050 suarum
2589 2979 2951 3075 instantia,
3009 2983 3316 3060 officium

247 3112 571 3205 prioratus
605 3113 840 3184 subire
876 3110 1320 3207 compellitur
1354 3110 1462 3205 (p.‘
1491 3112 1683 3201 411).
1734 3140 1761 3173 »

334 3238 463 3309 Vix
499 3250 733 3311 autem
771 3239 962 3311 oneri
998 3239 1325 3312 humeros
1376 3237 1763 3333 supposuit,
1818 3260 2038 3332 quum
2096 3237 2401 3332 pondere
2455 3238 2800 3312 visionum
2856 3244 3149 3336 gravius
3199 3272 3322 3344 op·

256 3368 574 3459 primitur.
616 3372 705 3440 A.
749 3371 954 3460 1141,
994 3369 1149 3463 ipsa
1183 3367 1528 3441 referente
1564 3367 1799 3461 (sicuti
1837 3367 1909 3438 in
1950 3368 2266 3464 praefixa
2314 3369 2481 3441 huic
2534 3381 2718 3442 tomo
2773 3375 3038 3469 pagina
3089 3377 3324 3473 pingi·

256 3511 351 3565 tur
381 3496 944 3591 elegantissime):
1008 3529 1035 3562 «
1082 3495 1439 3568 Maximae
1473 3496 1974 3568 coruscationis
2027 3497 2306 3592 igneum
2363 3497 2630 3586 lumen,
2688 3509 2932 3596 aperto
2976 3505 3170 3577 coelo
3206 3531 3325 3577 ve·
3400 3517 3403 3518 *

257 3621 446 3712 niens,
486 3634 710 3694 totum
744 3623 1103 3694 cerebrum
1142 3646 1370 3694 meum
1407 3622 1810 3717 transfudit,
1849 3631 1920 3695 et
1952 3630 2178 3695 totum
2215 3648 2357 3716 cor,
2397 3632 2765 3721 totumque
2816 3638 3062 3724 pectus
3103 3655 3335 3706 meum

261 3752 429 3822 velut
462 3752 766 3840 flamma,
805 3776 943 3823 non
983 3760 1219 3824 tamen
1256 3752 1531 3841 ardem,
1575 3751 1692 3823 sed
1730 3751 1988 3845 calens,
2046 3752 2146 3823 ita
2198 3752 2685 3848 inflammavit,
2742 3767 2821 3828 ut
2871 3759 2974 3831 sol
3022 3784 3164 3833 rem
3204 3764 3333 3835 ali·
3443 3815 3457 3821 -

258 3903 445 3971 quam
481 3880 827 3975 calefacit,
861 3904 1071 3976 super
1101 3905 1313 3975 quam
1349 3880 1582 3952 radios
1612 3903 1773 3952 suos
1821 3880 2037 3976 ponit.
2083 3880 2178 3952 Et
2229 3891 2514 3977 repente
2565 3884 2998 3958 intellectum
3054 3892 3330 3986 exposi-

261 4007 449 4077 tionis
483 4007 835 4088 librorum‚
874 4008 1201 4079 videlicet
1238 4007 1573 4101 psalterii,
1612 4008 1963 4103 evangelii
2000 4017 2069 4078 et
2105 4008 2401 4080 aliorum
2456 4011 2963 4085 catholicorum
3018 4025 3160 4088 tam
3219 4044 3334 4091 ve-

263 4135 409 4203 teris
442 4160 647 4229 quam
687 4139 851 4207 novi
886 4137 1320 4209 Testamenti
1358 4138 1794 4231 voluminum
1834 4138 2193 4233 sapiebam
2232 4142 2326 4232 (p.
2372 4141 2562 4227 504).
2616 4172 2642 4204 n
3371 4231 3374 4232 ⁷

345 4266 545 4336 Teste
580 4277 810 4339 autem
846 4267 1210 4361 Guiberto,
1268 4293 1407 4339 vox
1461 4268 1545 4338 de
1597 4269 1788 4340 coelo
1833 4240 2037 4364 jubet
2095 4301 2119 4332 α
2171 4293 2309 4340 non
2355 4270 2576 4342 solum
2632 4281 2708 4345 ut
2744 4275 3009 4371 audiat,
3066 4281 3184 4352 sed
3220 4306 3346 4355 au-

268 4394 397 4468 dita
446 4398 701 4494 scripto
756 4399 1029 4471 referat.
1086 4399 1310 4470 Pavet
1362 4422 1444 4469 ac
1494 4398 1651 4470 silet
1702 4399 2139 4494 aliquandiu;
2194 4401 2511 4494 virgineo
2548 4403 2778 4498 potius
2814 4406 3080 4501 pudore
3130 4435 3344 4506 quam

272 4523 715 4596 obstinatione
748 4525 1022 4620 silet-ac
1056 4526 1463 4616 reluctatur,
1501 4526 1618 4597 sed
1658 4525 1728 4596 in
1765 4525 1955 4598 lucta
1987 4527 2346 4619 sternitur,
2393 4528 2720 4625 doletque
2772 4531 2844 4603 in
2902 4535 3224 4610 medullis
3275 4549 3345 4614 et

274 4648 331 4717 in
376 4652 570 4722 venis
618 4654 830 4725 totius
880 4654 1133 4746 carnis,
1192 4654 1487 4727 multum
1544 4654 1888 4750 passionis
1938 4654 2248 4726 dolorem
2301 4656 2657 4750 sufferens,
2719 4662 2787 4732 in
2845 4663 3070 4736 ruinis
3121 4670 3351 4742 cordis

270 4775 400 4869 ejus
429 4779 910 4877 circumsepta,
969 4806 1055 4855 ne
1109 4806 1302 4855 mens
1348 4783 1567 4879 ipsius
1616 4782 2032 4878 superbiret3
2087 4784 2479 4880 ceciditque
2532 4787 2604 4858 in
2660 4787 2912 4862 lectum
2970 4795 3357 4889 aegritudi-

276 4903 369 4973 nis
399 4905 737 5003 depressa,
777 4910 995 4981 donec
1033 4933 1314 4981 manum
1353 4910 1444 4982 ad
1475 4910 1919 4983 scribendum
1958 4914 2384 5008 apposuerit,
2430 4940 2644 5010 quum
2675 4919 3149 5015 quadraginta
3186 4925 3358 5000 duo-

281 5056 415 5105 rum
450 5062 807 5127 anmrum,
849 5042 968 5129 ait,
1007 5049 1074 5111 et
1107 5048 1370 5136 septem
1412 5042 1750 5113 mensium
1788 5065 2003 5114 essem
2045 5045 2141 5138 (p.
2185 5046 2346 5132 413,
2389 5048 2583 5142 504).
2633 5078 2659 5110 n

370 5164 667 5242 Favente
703 5172 916 5266 igitur
952 5172 1168 5244 nobili
1204 5173 1547 5244 sociarum
1600 5172 1856 5270 puella,
1912 5174 2042 5270 ipsi
2083 5175 2382 5248 dictanti
2433 5185 2710 5250 astante
2751 5178 3125 5256 Wulmaro
3161 5208 3365 5282 prae-
