4036 6117
3219 500 3355 562 ,593

1817 634 1955 707 III.

1326 825 1785 886 GUIBERTUS
1833 828 2444 887 GEMBLACENSIS

1216 1004 1309 1064 De
1359 1003 1664 1062 laudibus
1719 1006 1793 1064 Β.
1847 1006 1922 1065 Ρ.
1979 1006 2056 1064 Ν.
2114 1001 2546 1080 Benedicti.¹)

427 1182 475 1243 1.
525 1181 848 1242 Juvenum
900 1178 1054 1254 fuge
1103 1182 1466 1254 consortia,
1518 1187 1584 1239 et
1639 1182 1861 1240 inhibe
1913 1183 2146 1257 pedem
2199 1191 2383 1242 tuum
2422 1201 2459 1241 a
2509 1183 2773 1240 semitis
2820 1198 3075 1253 eorum,
3129 1181 3433 1256 exemplo

333 1273 553 1332 sancti
603 1270 822 1329 Patris
861 1270 1064 1344 illius,
1104 1285 1258 1329 vere
1304 1286 1422 1346 per
1470 1272 1692 1329 omnia
1727 1270 2096 1346 Benedicti,
2137 1273 2219 1331 de
2253 1288 2384 1347 quo
2422 1272 2655 1331 beatus
2683 1271 2923 1330 scribit
2956 1272 3347 1345 Gregorius,
3381 1268 3431 1345 ²)

333 1361 515 1437 quod
564 1375 714 1419 cum
769 1360 1015 1418 multos
1053 1359 1117 1418 in
1161 1359 1406 1418 studiis
1458 1360 1835 1418 litterarum
1889 1361 1984 1419 ire
2022 1376 2141 1434 per
2189 1362 2474 1435 abrupta
2525 1360 2840 1419 vitiorum
2894 1366 3223 1432 cerneret,
3273 1374 3433 1419 eum

337 1466 538 1525 quem
572 1449 769 1524 quasi
806 1449 868 1506 in
902 1463 1141 1523 gressu
1178 1448 1400 1507 mundi
1438 1452 1778 1524 posuerat,
1819 1451 2102 1509 retraxit
2134 1450 2393 1525 pedem,
2433 1466 2510 1508 ne
2545 1451 2602 1507 si
2641 1450 2815 1523 quod
2851 1450 2931 1507 de
2967 1449 3251 1509 scientia
3287 1448 3434 1522 ejus

335 1541 722 1612 attingeret,
777 1538 919 1612 ipse
969 1554 1234 1612 quoque
1286 1539 1347 1596 in
1400 1538 1686 1596 immane
1739 1540 2207 1613 praecipitium
2247 1546 2425 1598 totus
2483 1542 2623 1597 iret.
2679 1538 2766 1596 De
2803 1555 2932 1613 quo
2982 1546 3051 1598 et
3086 1539 3153 1597 in
3202 1551 3436 1596 conse-

333 1628 700 1704 quentibus
750 1626 984 1685 doctor
1020 1627 1192 1685 idem
1231 1630 1435 1685 refert
1486 1627 1798 1702 quiddam
1836 1629 1917 1687 ad
1955 1628 2081 1688 hoc
2116 1621 2359 1712 [quod]
2398 1628 2519 1687 tibi
2561 1629 2966 1703 persuadere
3003 1629 3287 1687 multum
3324 1641 3437 1684 cu-
3472 1615 3483 1627 ’

337 1719 471 1791 pio,
523 1716 700 1791 quod
736 1715 998 1774 scilicet
1031 1717 1110 1774 ad
1151 1717 1369 1775 locum
1408 1716 1703 1775 dilectae
1738 1717 2125 1776 solitudinis
2173 1718 2258 1776 ab
2290 1718 2728 1792 occupatione
2768 1717 3089 1777 exteriori
3138 1714 3431 1788 redienS,

337 1807 523 1866 solus
576 1806 640 1862 in
675 1806 946 1879 superni
988 1806 1203 1864 oculis
1252 1806 1654 1878 inspectoris
1709 1806 2044 1866 habitaret
2079 1823 2331 1879 secum,
2359 1806 2518 1864 dum
2554 1806 2741 1878 vigili
2791 1806 3101 1864 custodia
3151 1804 3438 1863 circum-

337 1901 634 1970 spectuS,
687 1899 840 1952 ante
875 1894 1180 1953 obtutum
1219 1896 1431 1969 ipsius
1465 1896 1835 1954 conditoris
1869 1912 1943 1955 se
1979 1912 2246 1971 semper
2282 1896 2692 1969 examinans,
2743 1896 3012 1953 oculum
3052 1900 3295 1953 mentis
3327 1908 3439 1952 ex-

337 1985 552 2043 terius
604 1998 730 2041 non
779 1983 1173 2056 divulgavit.
1218 1984 1268 2042 Ο
1318 1990 1570 2058 quanta
1620 1985 1873 2059 requie,
1926 1992 2176 2059 quanta
2227 1985 2617 2056 securitate,
2671 1984 2956 2043 seclusis
3005 1982 3431 2053 tumultibuS,

341 2073 688 2132 fruebatur
739 2072 866 2130 iste
905 2073 964 2130 in
1003 2078 1241 2146 pacato
1278 2074 1729 2131 conscientiae
1765 2090 1974 2149 purae
2009 2073 2472 2133 tabernaculo!
2515 2073 2638 2143 Qui
2676 2074 2857 2131 nulla
2892 2072 3097 2131 animi
3134 2072 3436 2146 vagatio-

338 2179 421 2221 ne
453 2162 810 2233 distentus,
851 2162 965 2219 sed
1003 2162 1132 2220 sibi
1167 2177 1509 2236 praesenS,
1546 2169 1612 2219 et
1651 2164 1822 2221 inter
1854 2164 2079 2221 cordis
2114 2165 2413 2222 claustra
2449 2178 2521 2220 se
2558 2164 2778 2238 ipsum
2810 2162 3223 2233 custodienS,
3258 2160 3437 2218 dice-

342 2268 414 2309 re
450 2250 716 2308 valebat
752 2266 902 2308 cum
944 2252 1320 2325 psalmista:
1360 2252 1439 2309 In
1467 2269 1653 2327 pace,
1697 2255 1771 2310 in
1803 2254 2097 2329 idipsum
2131 2254 2455 2311 dormiam
2489 2259 2551 2310 et
2586 2254 3021 2327 requiescam,
3055 2245 3132 2328 ³);
3169 2255 3236 2308 et
3274 2248 3438 2308 illud

337 2342 420 2399 de
470 2340 766 2399 Canticis
801 2341 1250 2399 Canticorum:
1290 2342 1419 2416 qu
1467 2342 1741 2413 dormio,
1777 2348 1841 2399 et
1877 2360 1986 2401 cor
2018 2360 2242 2400 meum
2280 2342 2527 2417 viqilat.
2561 2337 2610 2417 ⁴)
2640 2341 2967 2399 Nimirum
3013 2339 3292 2399 sedebat
3328 2353 3436 2396 so-

340 2432 469 2499 luS,
521 2432 586 2487 et
621 2429 907 2501 tacebat,
959 2429 1118 2503 quia
1154 2430 1498 2488 levaverat
1547 2445 1619 2486 se
1655 2446 1859 2504 super
1893 2446 1987 2499 se,
2042 2439 2319 2507 portans
2360 2430 2593 2503 jugum
2644 2445 2775 2488 non
2810 2430 3027 2488 solum
3079 2429 3164 2487 ab
3212 2427 3436 2486 adole·-

336 2519 619 2590 scentia,
658 2517 773 2575 sed
806 2524 873 2576 et
906 2534 942 2574 a
979 2518 1269 2591 pueritia
1304 2535 1449 2591 sua,
1490 2521 2047 2595 praestolansque
2082 2536 2230 2579 cum
2269 2519 2538 2579 silentio
2574 2519 2873 2578 salutare
2906 2518 3049 2591 Dci;
3083 2523 3152 2577 et
3188 2517 3435 2576 iterum

336 2609 442 2666 vel
478 2608 701 2681 aliqua
734 2621 813 2664 ex
846 2610 1036 2681 parte
1075 2606 1448 2682 experienS,
1493 2624 1694 2682 quam
1729 2609 1944 2669 bonus
1980 2610 2069 2668 sit
2102 2609 2425 2667 Dominus
2460 2608 2891 2684 sperantibus
2935 2607 3004 2666 in
3036 2621 3136 2678 se,
3173 2607 3437 2665 animae

333 2696 687 2773 quaerenti
716 2696 927 2768 illum,
950 2704 1016 2754 et
1046 2697 1496 2754 meditabatur
1523 2697 1682 2755 illud
1704 2697 2051 2757 Jercmiae:
2078 2699 2247 2758 Pars
2273 2716 2418 2755 mea
2441 2699 2782 2767 Dominus,
2804 2697 2978 2755 dixit
3005 2698 3234 2753 anima
3260 2712 3431 2767 mea,

331 2793 690 2863 propterea
739 2784 1089 2859 expectabo
1122 2804 1296 2844 eum.
1329 2780 1377 2862 ⁵)
1414 2786 1483 2843 Id
1520 2802 1813 2861 quoque:
1853 2788 2127 2847 Factum
2164 2795 2258 2845 est
2293 2786 2559 2844 verbum
2612 2787 2877 2845 Domini
2911 2787 2982 2844 in
3017 2784 3339 2860 yaudium
3370 2790 3434 2841 et

335 2876 663 2933 laetitiam
710 2874 923 2933 cordis
957 2876 1111 2945 mei,
1147 2876 1461 2952 quoniam
1494 2877 1868 2935 invocatum
1902 2883 1997 2935 est
2034 2893 2275 2934 nomen
2311 2882 2501 2934 tuum
2536 2893 2737 2952 super
2767 2892 2900 2943 me,
2940 2874 3217 2933 Domine
3254 2873 3430 2932 Deus

331 2965 773 3022 exercituum.
807 2963 951 3021 Non
979 2964 1120 3021 sedi
1154 2967 1224 3021 in
1255 2964 1526 3021 consilio
1554 2965 1956 3035 ludentium,
1987 2974 2048 3023 et
2076 2966 2399 3040 gloriatus
2434 2982 2599 3023 sum.
2631 2965 2677 3023 Α
2709 2964 2884 3041 facie
2912 2969 3029 3021 tua
3055 2962 3230 3021 solus
3258 2961 3441 3020 sede-

336 3052 508 3126 bam,
537 3054 849 3129 quom'am
877 3052 1492 3112 comminationibus
1518 3054 1791 3130 replesti
1817 3074 1941 3114 me.
1962 3049 2014 3131 ⁶)
2045 3053 2354 3114 Profecto
2380 3054 2492 3130 qui
2522 3052 2606 3111 ab
2632 3052 2809 3111 omni
2841 3051 3213 3112 saecularis
3240 3067 3440 3126 nego-

339 3142 410 3201 tii
447 3147 901 3216 exoccupatus
929 3140 1429 3215 impediment0‚
1461 3144 1775 3202 universa
1810 3143 1978 3203 haec
2004 3145 2110 3202 vel
2149 3143 2460 3203 volvebat
2495 3147 2740 3214 mente,
2772 3141 2878 3200 vel
2914 3140 3182 3199 tenebat
3207 3155 3432 3214 opere,

339 3233 609 3290 constat
655 3230 857 3288 nimis
890 3231 1047 3305 quia
1097 3246 1219 3290 nec
1248 3230 1409 3305 juga
1443 3231 1643 3289 boum
1693 3235 1989 3308 quinque
2024 3232 2309 3306 probare
2346 3233 2412 3310 in
2440 3247 2536 3301 se,
2574 3245 2696 3288 nec
2728 3229 2996 3288 domum
3048 3228 3129 3288 ad
3164 3229 3436 3288 domum

337 3321 769 3395 conjungere,
817 3334 937 3377 nec
971 3335 1205 3394 agrum
1242 3334 1404 3394 agro
1439 3321 1779 3396 copulare,
1831 3337 1954 3381 nec
1987 3322 2220 3380 villam
2254 3326 2545 3396 emptam
2582 3319 2848 3378 curioso
2899 3318 3187 3377 circuitu
3223 3319 3304 3377 ad
3340 3319 3436 3379 vi·-

335 3409 624 3468 dendum
678 3408 1166 3482 perambulare,
1219 3423 1340 3466 nec
1378 3425 1647 3467 uxorem
1691 3411 1939 3470 ducere
1973 3410 2355 3486 appetebat,
2410 3409 2535 3467 hoc
2567 3410 2673 3466 est
2707 3423 2826 3466 nec
2861 3407 3292 3467 sensualitati
3342 3406 3437 3466 in-

339 3498 625 3569 servire,
662 3512 782 3556 nec
815 3498 1137 3572 augendis
1171 3497 1661 3570 saecularibuS,
1697 3515 1777 3558 ne
1813 3500 2059 3558 similis
2092 3505 2158 3558 et
2192 3499 2379 3557 curis
2413 3498 2759 3572 ligaretur,
2790 3497 3128 3570 insistere,
3168 3511 3288 3554 nec
3326 3512 3436 3555 vo-

344 3589 656 3661 luptuose
703 3587 931 3645 vivere
967 3587 1373 3646 intendebat:
1411 3589 1689 3647 territus
1736 3589 2040 3663 exemplo
2076 3588 2282 3657 illiuS,
2316 3587 2432 3662 qui
2466 3601 2619 3645 cum
2654 3585 3077 3661 spiritualem
3127 3585 3439 3644 substan-

342 3678 502 3735 tiam
558 3691 743 3733 suam
781 3693 819 3734 a
856 3677 1139 3750 benigno
1190 3679 1378 3751 patre
1415 3676 1543 3734 sibi
1594 3677 1879 3736 divisam
1926 3677 2357 3752 dissipasset,
2407 3674 2692 3734 vivendo
2729 3675 3069 3735 luxuriose
3117 3690 3268 3733 cum
3303 3688 3441 3733 me-

343 3765 733 3832 retricibuS,
786 3766 866 3823 ad
905 3769 1153 3824 tantam
1208 3764 1522 3824 redactus
1553 3773 1658 3824 est
1695 3767 2008 3842 inopiam,
2049 3772 2120 3824 ut
2154 3767 2441 3840 siliquas
2476 3779 2835 3840 porcorum
2870 3780 3040 3839 quos
3089 3763 3434 3838 pascebat,

343 3856 404 3914 in
454 3854 678 3913 cibum
729 3853 1178 3927 desideraret,
1231 3869 1352 3912 nec
1400 3854 1760 3927 acciperet.
1811 3855 2078 3915 Sciebat
2124 3857 2298 3914 enim
2353 3867 2594 3913 sensus
2642 3853 2868 3912 carnis
2916 3867 2996 3910 cx
3048 3852 3437 3911 infirmitate

338 3959 589 4018 pronos
623 3959 772 4002 esse
800 3943 881 4002 ad
911 3943 1181 4016 malum,
1210 3946 1277 4002 et
1303 3949 1670 4015 spontanea
1705 3946 2104 4004 remissione
2138 3944 2541 4019 praecipites
2571 3942 2729 4002 ferri
2762 3943 2824 4000 in
2853 3942 3040 4008 vitia,
3069 3947 3137 4001 et
3169 3956 3288 4000 eos
3321 3942 3437 4016 qui

337 4032 590 4091 divites
641 4033 870 4091 volunt
918 4032 1087 4106 fieri,
1137 4033 1204 4090 in
1239 4033 1554 4107 laqueum
1601 4032 1861 4093 Diaboli
1908 4033 2200 4092 incidere
2238 4033 2409 4092 etin
2455 4031 2792 4091 desideria
2830 4030 3038 4090 multa
3071 4036 3140 4089 et
3171 4030 3433 4103 nociva,

338 4137 512 4197 quae
550 4127 858 4194 mergunt
891 4120 1224 4180 hominem
1262 4121 1327 4181 in
1359 4121 1732 4196 interitum;
1767 4125 1836 4182 et
1871 4128 2192 4182 uxoratos
2226 4121 2729 4181 tribulationem
2767 4119 2992 4178 carnis
3042 4120 3206 4195 pati,
3242 4122 3313 4179 et
3345 4119 3439 4178 in-

337 4211 477 4270 seri
509 4210 860 4268 doloribus
913 4211 1168 4274 multis,
1219 4216 1288 4268 et
1320 4209 1581 4270 divisos
1617 4226 1735 4285 per
1771 4212 2001 4286 multa,
2039 4211 2339 4286 cogitare
2374 4224 2545 4286 quae
2594 4215 2754 4268 sunt
2787 4208 3045 4276 mundi,
3098 4209 3434 4284 quomodo

344 4301 652 4375 placeant
699 4299 1043 4358 uxoribus,
1102 4297 1368 4359 Sciebat
1415 4300 1620 4358 etiam
1669 4301 2088 4376 complures,
2148 4298 2528 4358 abundante
2577 4297 2969 4373 iniquitate,
3016 4313 3058 4357 a
3106 4296 3441 4357 charitate

341 4396 687 4463 tepescere
711 4435 727 4460 ,
786 4392 854 4447 et
902 4387 1043 4447 sieri
1105 4389 1321 4461 magis
1378 4395 1716 4448 amatores
1773 4390 2145 4465 voluptatis
2201 4404 2400 4464 quam
2451 4387 2607 4461 Dei;
2666 4391 2733 4447 et
2781 4388 2848 4446 in
2897 4385 3265 4462 scripturis
3320 4384 3442 4445 hu-

334 4477 628 4551 J'usmodi
684 4477 985 4537 homines
1035 4478 1262 4537 vocari
1317 4477 1761 4538 fornicatores
1809 4485 1876 4537 et
1909 4479 2278 4550 adulteros,
2330 4485 2399 4537 et
2431 4480 2703 4553 propter
2753 4476 2877 4536 hos
2920 4475 3026 4535 vel
3059 4476 3143 4535 de
3179 4475 3285 4535 his
3318 4474 3443 4534 Da-

346 4567 459 4626 vid
509 4566 734 4625 dicere
769 4566 847 4625 ad
886 4565 1114 4626 Deum:
1155 4567 1525 4627 Perdidisti
1574 4584 1798 4626 omnes
1829 4571 1943 4645 qui
1973 4570 2401 4646 fornicantur
2433 4565 2542 4625 abs
2577 4574 2663 4638 te;
2697 4563 2746 4638 ⁷)
2797 4573 2864 4624 et
2897 4564 3172 4626 Paulum
3209 4563 3292 4624 de
3327 4561 3447 4623 hu-

340 4655 632 4731 jusmodi
685 4655 987 4731 proferre
1023 4657 1448 4715 sententiam:
1488 4657 1837 4716 Adulteros
1874 4665 1934 4714 et
1968 4660 2407 4735 fornicatores
2445 4652 2765 4729 judicabit
2822 4656 3021 4728 Deus;
3055 4648 3106 4730 ⁸)
3147 4655 3447 4729 increpa-

345 4746 589 4805 tionem
628 4760 893 4820 quoque
924 4744 1151 4803 Jacobi
1203 4745 1666 4804 vehementem
1709 4747 1769 4804 in
1808 4748 1979 4804 tales
2024 4746 2308 4820 jaculari
2345 4759 2573 4805 vocem
2614 4744 2921 4804 dicentis:
2961 4743 3275 4803 Adultera·
3309 4760 3425 4800 ne-

341 4837 521 4895 scitis
555 4835 867 4912 quoniam
901 4834 1200 4893 amicitia
1233 4833 1428 4910 hujus
1464 4837 1697 4894 mundi
1735 4838 2092 4896 inimicitia
2124 4842 2216 4895 est
2256 4836 2404 4895 Deo.
2436 4827 2481 4911 ⁹)
2512 4833 2787 4892 Videbat
2834 4849 2962 4891 non
3000 4832 3218 4890 solum
3261 4846 3448 4890 mun-

419 5083 460 5142 ¹)
489 5083 568 5136 Ex
597 5082 720 5137 cod.
754 5081 1004 5137 Bruxell.
1037 5086 1196 5137 5535.
1225 5083 1544 5137 Balantum
1570 5084 1849 5157 descripta
1939 5086 2039 5146 tv.
2069 5090 2119 5140 9.
2155 5118 2211 5126 -
2246 5087 2289 5143 ⁴)
2317 5086 2476 5140 Cant.
2520 5085 2592 5146 V,
2621 5089 2673 5139 2.
2719 5114 2782 5123 -
2812 5088 2853 5136 ³)
2879 5082 3086 5136 Thrrn.
3124 5080 3227 5141 ΙΙΙ,
3256 5083 3341 5135 24.
3378 5109 3444 5119 -—-

345 5160 501 5214 sunt,
542 5169 686 5222 quae
726 5153 791 5205 ad
835 5153 1010 5207 vitam
1051 5153 1107 5209 S.
1155 5154 1512 5209 patriarchae
1554 5156 1612 5209 in
1659 5158 1851 5213 codice
1938 5159 1982 5216 ⁶)
2021 5159 2224 5211 Jerrm.
2271 5156 2398 5216 XV,
2445 5160 2529 5216 16.
2577 5161 2660 5211 17.
2705 5185 2769 5194 —
2797 5150 3228 5214 ⁷1Ps.Lxxn,
3254 5155 3341 5205 27.
3375 5179 3441 5190 -

308 5224 650 5311 ‘pertinent
685 5225 808 5286 —²)
834 5224 890 5280 S.
927 5225 1208 5281 Benedicti
1227 5228 1344 5280 vita
1367 5242 1487 5297 cap.
1527 5233 1571 5282 ί.
1601 5258 1658 5266 —
1686 5227 1729 5292 ³)
1756 5229 1844 5283 Ps.
1939 5229 1982 5295 ⁸)
2015 5229 2193 5283 lit-br.
2231 5227 2390 5290 xm,
2430 5230 2507 5282 Μ.
2544 5257 2607 5265 -·
2634 5226 2679 5290 ⁹)
2708 5223 2898 5280 Jacob.
2935 5223 3035 5286 tv,
3061 5225 3112 5276 4.

523 5333 870 5391 ANALECT.
926 5334 992 5391 T.
1045 5333 1207 5392 vlu.
1258 5333 1343 5391 39
