4036 6117
750 519 849 565 :xlc

1954 522 2452 570 PROOEMIUM

644 660 941 747 captans
975 653 1382 726 Tusculana
1417 656 1581 737 otia,
1620 680 1803 750 quae
1838 657 2157 751 Angelus
2197 657 2429 728 Maius
2478 657 2740 728 frustra
2774 657 3144 751 quaesivit,
3182 663 3262 730 ut
3298 658 3479 729 inter
3515 680 3748 727 amoe-

641 804 735 850 na
774 781 1019 869 vireta,
1061 782 1347 877 perinde
1385 807 1463 853 ac
1502 782 1663 854 olim
1701 783 1979 854 Tullius
2011 785 2098 854 de
2137 784 2477 875 Romana,
2514 783 2612 855 sic
2648 783 2733 854 de
2767 782 3177 855 Christiana
3211 782 3595 879 republica,
3628 781 3749 851 lit-

643 906 811 976 teris
838 906 1255 996 valedicens,
1300 908 1368 979 in
1407 933 1579 1004 pace
1614 917 2222 980 cominentaretur.
2260 908 2306 980 J
2312 909 2675 981 unioribus
2701 916 2936 980 tamen
2966 909 3153 980 haud
3185 909 3561 994 invideam,
3600 908 3749 978 exi-

646 1032 742 1103 lia
793 1036 1249 1127 quantumvis
1285 1036 1445 1125 sint,
1485 1036 1730 1107 relicta
1768 1036 1936 1106 mihi
1992 1036 2078 1107 de
2132 1045 2446 1107 veterum
2500 1043 2567 1106 et
2613 1036 3074 1106 recentiorum
3116 1034 3311 1105 libris
3362 1032 3747 1126 Hildegar-

643 1160 875 1232 dianis
908 1162 1240 1233 subsidia.

2133 1276 2226 1331 Ex
2253 1282 2384 1330 Arce
2414 1275 2745 1337 Tusculana,
2775 1280 2988 1330 ineunte
3012 1292 3158 1329 anno
3185 1269 3737 1328 MDFCCLXXXII.

1783 1738 2144 1794 NONNULLI
2184 1739 2390 1793 CODD.
2434 1739 2592 1794 MSS.

717 2015 963 2075 Vatican.
1014 2021 1261 2077 Palatin.
1308 2027 1435 2083 311,
1479 2022 1790 2075 membran.
1836 2035 1979 2073 saec.
2032 2017 2141 2072 xit

637 2102 692 2156 in
724 2104 900 2160 forma
938 2107 1166 2178 maiori,
1195 2107 1417 2161 duabus
1446 2108 1552 2161 col.
1594 2107 1754 2161 Liber
1780 2105 2012 2159 Scivias.
2046 2100 2134 2154 Ca-

635 2189 819 2258 pitula
860 2192 931 2246 ab
971 2192 1093 2248 edd.
1137 2191 1449 2254 differunt,
1501 2190 1909 2259 abundantque
1956 2187 2142 2241 variae

633 2276 1149 2338 l‹·etiones.Manus
1171 2278 1415 2335 secunda
1442 2283 1602 2333 vetus
1630 2277 1788 2348 plura
1815 2274 2142 2330 emendavit

627 2367 681 2413 et
708 2363 998 2433 supplevit
1022 2363 1079 2418 in
1105 2379 1277 2432 marg.
1303 2363 1565 2433 interque
1583 2362 1778 2417 lineas.
1802 2361 2050 2415 Litterae
2071 2360 2140 2413 ab

630 2446 803 2502 initio
829 2454 1061 2505 ornatae
1081 2448 1493 2504 desiderantur.
1518 2445 1600 2503 Cf.
1632 2446 1777 2502 infra
1802 2464 1852 2517 p.
1881 2451 2133 2499 503-517.

713 2531 956 2589 Vatican.
1004 2535 1252 2590 Palatin.
1303 2537 1408 2587 859
1445 2534 1693 2588 chartac.
1739 2549 1881 2588 saec.
1925 2532 2050 2587 XV.
2098 2532 2134 2586 s.

637 2624 756 2675 119.
790 2619 1068 2692 Excerpta
1104 2620 1504 2687 (Gebenonist')

700 2703 1057 2760 Florentinus
1096 2704 1360 2761 Laurent.
1406 2705 1464 2760 S.
1512 2706 1703 2760 Crucis
1743 2705 1894 2759 Plut.
1948 2705 2138 2767 xxn.

630 2792 682 2850 4,
727 2792 1039 2847 membran.
1083 2792 1223 2846 xm
1261 2792 1417 2849 Sacc.
1462 2793 1498 2846 t'.
1550 2797 1669 2853 142,
1717 2796 1833 2848 143.
1888 2794 2142 2866 Epistola

625 2878 700 2929 ad
753 2877 987 2933 Odonem
1040 2876 1371 2949 Magistrum
1415 2879 1777 2934 parisiensem
1811 2880 2138 2944 (Tusculan.

627 2961 847 3031 episc.).
893 2962 1149 3034 Epistola
1188 2962 1436 3033 Sibyllae
1467 2971 1621 3019 trans
1648 2964 1821 3037 Alpes.
1866 2965 1949 3021 Cf.
1993 2966 2138 3020 infra

633 3068 681 3120 p.
718 3054 843 3112 521,
872 3052 995 3105 539.

712 3139 1138 3194 Vindobonensis
1171 3139 1416 3193 Palatin.
1463 3138 1584 3194 cod.
1618 3145 1739 3194 628.
1779 3138 1974 3206 (Mich.
2014 3140 2140 3194 Dio-

628 3246 748 3299 nys.
780 3227 946 3282 catal.
982 3231 1021 3280 t.
1056 3225 1099 3280 t.
1135 3242 1188 3296 p.
1230 3221 1278 3287 1,
1308 3228 1414 3281 col.
1447 3229 1778 3287 2393-2399)
1821 3227 2135 3281 membran.

626 3331 772 3375 saec,
820 3312 983 3367 xm.
1034 3310 1074 3366 f.
1131 3315 1270 3365 1-41
1314 3311 1638 3367 Gebeuonis
1690 3311 1979 3384 Speculum
2017 3311 2139 3366 sive

633 3401 1062 3455 l'entachronon.
1108 3396 1145 3452 f.
1191 3401 1410 3450 42-167
1452 3396 1754 3469 Epistolae.
1802 3397 1950 3451 inter
1994 3413 2137 3467 quas

637 3486 756 3544 Vita
780 3487 838 3542 S.
863 3485 1110 3557 Ruperti.
1143 3483 1268 3539 Vita
1296 3482 1354 3538 S.
1375 3483 1654 3544 Disibocli,
1673 3483 1968 3555 Expositio
1984 3484 2135 3554 Sym-

621 3575 735 3627 boli
763 3572 1080 3633 Athanasii,
1121 3569 1362 3641 Regulae
1388 3568 1445 3623 S.
1485 3569 1780 3627 Benedicti.
1814 3570 1879 3622 ad
1921 3572 2133 3625 calcem

619 3664 765 3717 duae
802 3660 1125 3717 Cantilenae
1161 3657 1229 3710 de
1260 3655 1318 3711 B.
1355 3656 1423 3711 V.
1466 3654 1548 3711 Cf.
1587 3654 1733 3709 infra
1763 3673 1816 3726 p.
1852 3659 1976 3718 466,
2009 3661 2130 3713 467.

621 3752 749 3809 433,
779 3751 905 3807 495,
935 3746 1187 3799 601-605.
1227 3743 1462 3797 Prooem.
1493 3760 1546 3814 p.
1580 3742 1678 3798 JV.

696 3832 994 3887 Vindobon.
1050 3827 1172 3885 cod.
1232 3831 1334 3881 629
1386 3829 1579 3890 (catal.
1634 3829 1669 3884 l.
1727 3829 1764 3884 l.
1810 3831 1918 3884 col.
1971 3835 2134 3890 2399)

616 3920 929 3974 membran.
972 3932 1116 3972 saec.
1152 3912 1311 3975 ΧΙΙΙ,
1353 3915 1616 3986 epistolae
1660 3919 1782 3976 171,
1821 3916 2135 3971 recensitae

615 4014 716 4060 aut
745 4004 1055 4075 rescriptae
1095 4000 1242 4055 intra
1284 4015 1335 4070 p.
1370 4005 1473 4053 519
1502 4002 1626 4059 574,
1666 4003 1790 4062 605,
1834 4006 1955 4059 606.
2001 4004 2134 4060 Pro-

618 4108 763 4145 (ιε-111.
799 4109 850 4163 p.
889 4089 986 4146 IV.

703 4176 999 4233 Vindobon.
1052 4179 1155 4230 630
1198 4172 1397 4239 (Catal.
1454 4173 1488 4227 l.
1536 4173 1571 4227 l.
1632 4174 1738 4229 col.
1783 4179 2132 4238 2408-2411)

619 4264 932 4320 membran.
977 4277 1120 4317 saec.
1165 4258 1328 4320 xm.
1372 4257 1408 4314 s.
1447 4263 1605 4314 1-107
1642 4261 1781 4316 liber
1821 4262 2058 4325 Scivias.
2092 4264 2128 4319 s.

623 4359 722 4407 108
756 4353 908 4423 Hesp.
939 4350 1016 4405 ad
1039 4350 1382 4421 quaestiones
1420 4345 1746 4402 XXXVIII.
1779 4345 1861 4401 Cf.
1899 4347 2043 4402 intra
2074 4367 2126 4420 p.

615 4441 869 4493 390392.
903 4437 1238 4504 Fragmenta
1266 4436 1324 4485 et
1357 4436 1622 4502 excerpta
1660 4432 1994 4503 plerumque
2027 4435 2129 4490 Ge-

616 4523 855 4580 benonis
899 4524 1208 4577 occurrunt
1251 4518 1307 4571 in
1345 4517 1505 4573 codd.
1540 4518 1959 4574 recentioribus
1998 4526 2125 4582 297.

613 4616 741 4671 6¹5,
772 4614 899 4669 631,
929 4611 1053 4668 6:32,
1085 4607 1209 4666 674,
1242 4608 1346 4657 937
1368 4602 1463 4668 (cs.
1490 4602 1670 4658 eatan.
1700 4604 1735 4658 1.
1766 4605 1800 4661 ι.
1829 4607 1935 4660 cot.
1969 4612 2124 4668 ¹¹40.

684 4853 760 4908 (t)
804 4843 970 4897 Haud
1012 4840 1390 4896 omittendum
1432 4838 1722 4910 Dionysio.
1752 4843 2127 4910 quantumvis

611 4934 801 4993 docto.
834 4931 1058 4999 ignotas
1089 4937 1274 4982 tamen
1308 4926 1505 4986 fuisse,
1532 4933 1629 4979 aut
1655 4927 1895 4996 quadam
1929 4929 2128 4997 ἀβλεψίᾳ

615 5020 902 5087 neglectas
945 5014 1151 5069 [xxx
1195 5013 1416 5066 litteras
1454 5029 1481 5064 a
1522 5012 1803 5066 Martenio
1846 5014 2119 5080 vulgatas.

616 5109 852 5164 interim
875 5122 1003 5162 eum
1028 5105 1251 5158 favente
1282 5103 1705 5158 merentissimo
1727 5104 1982 5174 praeside
2005 5104 2124 5158 Bir-

616 5195 702 5258 ke,
747 5193 1074 5248 resciverim
1105 5192 1362 5244 eumden}
1393 5191 1643 5245 codicem
1685 5198 1844 5244 antea
1890 5190 2063 5243 fnisse
2093 5208 2119 5242 a

2229 2020 2391 2078 2348,
2423 2021 2585 2081 2408,
2615 2023 2776 2080 2411,
2818 2021 2978 2080 2414,
3007 2022 3171 2081 2562,
3201 2017 3258 2070 in
3288 2022 3447 2086 parte
3474 2014 3575 2067 alt.
3608 2011 3734 2067 cod.

2231 2107 2419 2165 2269)

2302 2188 2491 2243 Etiam
2533 2195 2922 2244 memorantur
2963 2187 3020 2243 in
3047 2190 3225 2242 altera
3265 2187 3411 2242 serie
3450 2184 3612 2240 codd.
3651 2200 3744 2239 ae·

2227 2288 2337 2342 que
2366 2274 2707 2329 recentiores
2733 2281 2789 2328 et
2815 2275 3055 2329 minoris
3081 2273 3354 2328 momenti
3383 2276 3546 2333 2739,
3571 2275 3739 2331 3702,

2230 2359 2368 2410 4224
2405 2360 2565 2422 4500,
2606 2362 2769 2421 4613,
2810 2363 2972 2421 4919,
3016 2362 3176 2423 4948,
3205 2362 3366 2419 4954,
3399 2362 3560 2419 4971,
3602 2356 3742 2411 Phi-

2230 2441 2324 2497 lol.
2357 2448 2460 2497 206
2487 2444 2835 2511 (Endlicher.
2869 2444 3045 2500 Catal.
3079 2461 3131 2516 p.
3168 2449 3290 2507 106,
3333 2447 3472 2501 107).

2299 2529 2405 2583 Sed
2436 2535 2687 2601 praestat
2713 2531 2985 2585 amissum
3013 2529 3135 2585 cod.
3169 2533 3294 2591 721,
3334 2528 3402 2582 de
3426 2543 3542 2597 quo
3567 2542 3743 2597 supra

2235 2618 2476 2673 Prooem.
2505 2635 2557 2690 p.
2594 2618 2782 2681 tv,V.
2805 2618 3129 2674 describere
3149 2635 3217 2673 ex
3238 2617 3502 2689 Dionysii
3529 2624 3569 2674 t.
3602 2617 3654 2671 n
3685 2635 3739 2689 p.

2228 2703 2303 2765 ll,
2331 2706 2439 2760 coi.
2480 2710 2632 2761 1723.
2664 2706 2977 2762 Membran.
3024 2705 3159 2760 xtn
3201 2719 3344 2760 saec.
3379 2702 3417 2759 s.
3457 2706 3615 2758 1·146
3647 2705 3744 2760 Li·

2228 2796 2320 2848 ber
2347 2794 2582 2850 Scivias.
2617 2792 2654 2850 s.
2695 2798 2926 2850 147-210
2957 2794 3124 2849 Liber
3148 2796 3297 2846 vitae
3326 2794 3664 2845 meritorum.
3701 2788 3740 2843 s.

2232 2882 2469 2934 2tt·3⁴0
2529 2882 2687 2937 Liber
2737 2884 3054 2936 divinorum
3110 2895 3347 2950 operum.
3407 2877 3444 2934 s.
3501 2880 3746 2931 341-357

2240 2963 2385 3025 Vita,
2426 2971 2657 3022 auctore
2682 2966 3050 3022 Theoderico,
3085 2965 3123 3021 s.
3158 2967 3413 3020 358-457
3453 2964 3747 3035 Epistulae

2229 3050 2637 3117 ccmtxxnt,
2682 3071 2922 3125 quarum
2968 3055 3156 3111 editae
3194 3054 3467 3109 dicuntur
3509 3057 3740 3107 tantum

2229 3139 2486 3195 LXth.
2519 3141 2877 3197 Caeterarum
2924 3158 2990 3196 ne
3019 3142 3272 3212 syllabus
3309 3139 3542 3209 quidem
3572 3156 3742 3211 supe-

2229 3230 2344 3279 rest
2387 3233 2483 3292 (1).
2531 3225 2569 3281 s.
2615 3230 2866 3280 458·498
2903 3227 3290 3299 Eaepositiones
3326 3227 3743 3298 evanqeliorum

2229 3313 2323 3373 (ab
2353 3312 2523 3366 initio
2551 3313 2617 3366 ad
2647 3312 2811 3366 finem
2843 3312 3076 3366 omnino
3104 3319 3166 3366 ut
3205 3312 3327 3367 cod.
3362 3311 3734 3368 wiesbaden.

2226 3405 2282 3452 et
2327 3396 2470 3451 infra
2516 3415 2564 3468 p.
2609 3401 2910 3457 245-327).
2956 3395 2995 3452 f.
3032 3401 3266 3450 499-502
3295 3398 3491 3469 anota
3530 3399 3739 3470 linqua

2223 3499 2351 3539 cum
2393 3484 2730 3555 Atphabeto.
2777 3483 2816 3538 s.
2862 3486 3118 3537 503-528
3158 3483 3416 3538 Caelestis
3441 3484 3740 3539 harmonia

2227 3576 2314 3635 (ut
2345 3570 2489 3625 infra
2518 3588 2571 3641 p.
2605 3574 2709 3623 440
2739 3573 2888 3631 466.)

2297 3657 2433 3712 Cocl.
2467 3656 2805 3712 Monacensis
2830 3659 2932 3708 935
2968 3656 3155 3721 (catal.
3200 3655 3258 3719 C.
3290 3654 3483 3710 Hahn.
3521 3660 3656 3710 1873
3692 3661 3733 3712 t.

2227 3744 2310 3798 nt
2340 3761 2390 3814 p.
2430 3747 2502 3805 1.)
2527 3765 2546 3790 ι
2580 3741 2892 3797 Membran.
2938 3758 3082 3797 saec.
3113 3740 3394 3797 xit-xm
3424 3740 3461 3796 s.
3496 3747 3564 3794 72
3602 3757 3732 3813 sqq.

2227 3853 2246 3878 ι
2287 3831 2465 3885 Series
2487 3848 2700 3902 precum
2728 3828 2794 3882 ad
2823 3828 3050 3897 singula
3077 3827 3178 3883 Dei
3205 3834 3264 3883 et
3287 3828 3500 3884 Christi
3536 3846 3735 3900 opera,

2221 3916 2420 3982 tiguris
2450 3915 2620 3986 pictis
2646 3930 2905 3985 expressa
2936 3931 2993 3969 se
3021 3913 3412 3971 referentium.
3440 3916 3738 3972 Adscribi-

2226 4012 2318 4060 tur
2349 4005 2491 4058 liber
2519 4004 2574 4058 S.
2612 4002 2964 4071 Hitdegardi.
3001 4003 3219 4057 Latinis
3246 4003 3598 4072 picturarum
3642 4003 3734 4059 in-

2222 4090 2636 4161 scriptionibus
2687 4088 2796 4143 alia
2848 4088 3134 4142 theodisca
3185 4086 3377 4142 addita
3427 4096 3536 4150 est,
3581 4106 3736 4160 quae

2222 4177 2408 4233 Rheni
2459 4174 2747 4230 interioris
2785 4191 2929 4228 saec.
2975 4173 3085 4227 xit
3123 4171 3430 4228 dialectum
3461 4174 3629 4245 sapit.
3663 4207 3732 4216 —-

2226 4264 2259 4319 t'.
2287 4269 2355 4317 23
2383 4279 2503 4333 sqq.
2529 4266 2861 4335 precationes
2883 4263 3225 4330 qermanicae
3250 4275 3392 4314 saec.
3426 4258 3560 4323 ΧΠ,
3578 4276 3731 4331 quae

2222 4352 2392 4407 lineis
2431 4349 2722 4421 perductis
2764 4347 2840 4400 ita
2879 4347 3098 4400 deletae
3137 4351 3271 4399 sunt
3314 4351 3379 4401 ut
3407 4362 3516 4401 non
3557 4344 3731 4403 facile

2219 4438 2326 4506 legi
2374 4436 2610 4508 possint.
2656 4459 2675 4482 ι
2704 4435 2849 4490 Sane
2892 4436 3047 4486 totus
3074 4431 3247 4486 codex
3290 4437 3540 4486 meretur
3564 4433 3665 4501 qui
3697 4452 3725 4487 a

2217 4523 2402 4594 perito
2442 4519 2849 4589 palaeographo
2877 4523 2933 4571 et
2962 4517 3252 4588 philologo
3277 4516 3728 4587 diligentissime

2221 4615 2494 4663 versetur.

2222 4843 2664 4900 bibliothecario
2684 4845 2934 4900 Torlosia
2958 4846 3327 4918 descriptum,
3359 4864 3510 4919 spem
3542 4852 3724 4904 uuirt

2220 4946 2276 4983 re
2307 4932 2461 4986 lubet
2492 4932 2607 4986 sore
2637 4937 2699 4985 ut
2727 4933 2845 4986 sive
2871 4949 2939 4986 ex
2964 4933 3135 5002 hujus
3165 4932 3269 4987 viri
3293 4935 3569 5002 catalogo.
3600 4937 3723 4990 sive

2216 5034 2281 5073 ex
2307 5019 2436 5073 aliis
2461 5018 2846 5073 bibliothecae
2873 5018 3119 5080 schedis,
3148 5018 3359 5088 aliquis
3386 5020 3584 5075 saltem
3614 5023 3722 5091 syl-

2217 5106 2377 5159 labus
2417 5104 2798 5159 cctxxxm
2840 5105 3208 5175 epistolarum
3258 5106 3502 5173 supersit
3542 5113 3595 5158 et
3642 5107 3717 5159 iu-

2214 5196 2485 5244 neti-scat.
2803 5206 2808 5213 '
