4036 6117
1223 479 1466 525 mann
1516 478 1721 524 vrrs-3
1769 477 2268 523 namronum.
2320 478 2377 521 P.
2428 475 2517 521 tv,
3231 444 3356 519 17'7

1816 696 1939 757 LX.

1196 905 1289 965 De
1338 903 1800 966 obstinationis
1842 908 2077 984 poenis
2119 906 2545 983 puryatoriiS.

413 1110 517 1172 78.
554 1110 633 1173 Et
661 1110 801 1171 vidi
834 1111 1169 1187 tenebraS,
1219 1113 1368 1188 pice
1400 1120 1469 1173 et
1502 1114 1825 1190 sulphure
1858 1115 2194 1190 ardentes,
2248 1115 2315 1174 in
2348 1113 2595 1191 quibus
2644 1113 2906 1174 animae
2957 1113 3228 1174 illorum
3277 1129 3415 1177 ma-

325 1230 528 1293 gnum
552 1215 895 1292 planctum
928 1215 1251 1276 habentes
1283 1217 1752 1294 puniebantur,
1789 1220 1904 1295 qui
1938 1218 2097 1279 dum
2133 1219 2199 1279 in
2231 1217 2631 1293 corporibus
2664 1218 2810 1278 suis
2843 1219 3087 1292 essent,
3122 1217 3420 1278 obstina-

325 1318 572 1379 tionem
609 1318 850 1381 mentis
886 1319 1017 1381 sibi
1044 1319 1521 1397 imposuerant.
1555 1322 1721 1383 Nam
1746 1323 2063 1402 quoniam
2097 1325 2331 1384 contra
2363 1321 2570 1382 Deum
2605 1321 2925 1383 duritiam
2957 1322 3026 1381 in
3062 1336 3133 1382 se
3166 1320 3418 1382 habue-

327 1427 496 1497 rant,
534 1422 602 1482 in
634 1420 742 1482 his
774 1422 1068 1484 tenebris
1101 1424 1445 1500 ardebant;
1481 1431 1551 1486 et
1581 1426 1897 1503 quoniam
1929 1426 2298 1488 virtutibus
2333 1442 2465 1486 non
2490 1425 3168 1499 communicaverant,
3202 1424 3421 1499 picem

326 1524 765 1602 sustinebant3
795 1530 864 1586 et
887 1528 1203 1603 quoniam
1228 1527 1764 1590 benevolentiam
1796 1546 1838 1591 a
1862 1546 1936 1592 se
1965 1530 2409 1608 projecerant,
2444 1545 2656 1606 poena
2683 1527 3028 1603 sulphuris
3055 1543 3172 1588 eos
3198 1526 3419 1595 laede-

323 1627 456 1703 bat3
492 1630 561 1689 et
590 1630 903 1705 quoniam
954 1631 1243 1706 suspiria
1290 1631 1372 1691 de
1406 1633 1720 1694 cordibus
1770 1634 1910 1695 suis
1945 1635 2029 1696 ad
2061 1635 2271 1694 Deum
2318 1649 2450 1694 non
2484 1634 2846 1708 traxerant,
2900 1632 3241 1707 planctum
3279 1646 3417 1690 ma-

323 1748 523 1808 gnum
557 1733 974 1796 emittebant.
1009 1734 1088 1797 Et
1118 1735 1259 1796 vidi
1292 1742 1360 1797 et
1392 1736 1690 1798 intellexi
1723 1736 1910 1800 haec.

1791 1962 1946 2024 LXI.

1252 2153 1345 2214 De
1387 2156 1807 2231 poenitentia
1845 2171 1970 2244 pro
1992 2154 2471 2216 obstinatione.

408 2354 511 2417 79.
559 2355 641 2417 Et
669 2355 752 2416 de
797 2357 1101 2434 praefata
1147 2359 1413 2421 vivente
1462 2360 1611 2421 luce
1660 2361 1903 2422 iterum
1950 2359 2179 2422 audivi
2226 2375 2462 2421 vocem
2508 2359 2842 2421 dicentem
2890 2358 2973 2419 ad
3022 2374 3165 2419 me:
3219 2357 3400 2419 Haec

315 2476 486 2539 quae
515 2461 731 2537 vides,
765 2478 927 2523 vera
961 2469 1136 2525 sunt.
1173 2463 1298 2525 Sed
1346 2464 1652 2526 homines
1683 2466 1800 2543 qui
1849 2465 2367 2527 obstinationem
2414 2465 2660 2526 mentis
2696 2464 2763 2524 in
2794 2480 2867 2525 se
2899 2464 3170 2539 habent,
3210 2464 3394 2524 illam

303 2561 396 2623 de
442 2579 518 2625 se
565 2563 905 2640 abjiciant,
964 2581 1043 2626 ac
1090 2568 1421 2644 malignos
1470 2570 1748 2644 spiritus
1796 2569 1912 2645 qui
1961 2569 2146 2629 illam
2195 2569 2322 2629 sibi
2372 2573 2773 2646 proponunt,
2809 2566 3177 2643 negligant;
3214 2572 3282 2627 et
3312 2583 3399 2627 ne

316 2668 546 2744 poenis
593 2669 742 2745 eJus
792 2669 1197 2747 affligantur,
1229 2671 1504 2748 jeJuniis
1550 2675 1620 2734 et
1665 2673 1949 2749 flagellis
1998 2689 2073 2734 se
2122 2674 2492 2748 castigent,
2543 2689 2622 2734 ac
2670 2687 2959 2748 genuum
3009 2671 3403 2732 flexionibus

315 2772 520 2834 Deum
555 2774 686 2836 sibi
719 2775 1085 2852 propitium
1121 2775 1385 2839 faciant.

1758 2881 1945 2942 LXII.

1436 3091 1532 3151 De
1577 3092 1743 3150 vitio
1790 3089 2267 3152 obstinationis

400 3293 506 3357 80.
531 3293 668 3384 ‚Qui
700 3295 878 3358 enim
902 3295 1421 3358 obstinationem
1449 3296 1516 3356 in
1548 3312 1619 3358 se
1646 3297 1989 3374 colligunt,
2018 3296 2307 3359 mortuis
2334 3295 2817 3371 assimilantur,
2846 3295 2962 3373 qui
2988 3309 3110 3354 nec
3142 3292 3395 3368 vident,

305 3415 429 3461 nec
460 3398 764 3476 audiunt,
793 3415 1013 3477 ›neque
1045 3396 1093 3480 ¹)
1128 3416 1249 3476 per
1281 3401 1760 3478 aspirationem
1794 3399 1913 3461 Dei
1945 3402 2319 3462 moventur.
2356 3399 2731 3462 obstinatio
2766 3413 3057 3476 namque
3088 3413 3298 3475 prava
3328 3403 3400 3458 et

309 3519 598 3582 nequam
620 3509 746 3580 est,
782 3520 906 3567 nec
929 3522 969 3567 a
1001 3505 1249 3567 duritia
1274 3506 1391 3567 illa
1423 3522 1626 3584 quam
1670 3506 1735 3566 in
1769 3521 1842 3566 se
1876 3505 2101 3582 habet,
2138 3506 2387 3567 molliri
2422 3510 2541 3566 aut
2573 3506 2830 3567 moveri
2863 3505 3032 3579 vult,
3070 3503 3188 3565 sed
3221 3505 3396 3566 sicut

309 3608 488 3685 talpa
538 3609 788 3668 terram
833 3608 1041 3684 eiicit,
1092 3610 1191 3670 sic
1222 3610 1371 3686 ipsa
1418 3625 1684 3688 quoque
1717 3610 1891 3670 bona
1926 3610 2195 3686 evertit,
2247 3609 2405 3686 quia
2437 3609 2605 3669 nihil
2638 3609 2767 3671 sibi
2798 3609 3019 3686 placet
3048 3609 3180 3670 nisi
3214 3607 3393 3687 quod

310 3711 457 3788 ipsa
487 3711 697 3788 eligit;
731 3712 801 3772 et
829 3712 1015 3773 velut
1048 3712 1279 3775 favilla
1308 3719 1437 3789 est,
1473 3728 1647 3790 quae
1678 3713 1836 3774 dum
1869 3714 2270 3789 extenditur,
2307 3718 2376 3774 et
2411 3713 2478 3773 in
2509 3714 2721 3773 altum
2749 3713 3114 3789 spargitur,
3152 3727 3391 3774 evane-

307 3816 460 3891 scit,
495 3817 809 3894 quoniam
842 3815 1002 3878 dum
1034 3818 1178 3893 ipsa
1212 3834 1341 3879 non
1372 3819 1745 3879 virtuosam
1777 3819 2154 3895 scientiam,
2190 3818 2308 3879 sed
2340 3817 2751 3879 immobilem
2777 3817 3150 3893 nequitiam
3184 3816 3387 3893 inspi-

305 3919 418 3996 cit,
455 3919 539 3980 ad
572 3917 856 3980 nihilum
888 3918 1235 3997 redigitur.

1734 4025 1951 4087 LXIII.

1121 4217 1253 4279 Cur
1299 4218 1372 4277 in
1422 4216 1530 4277 Iob
1579 4218 1756 4278 Deus
1797 4220 2022 4295 posuit
2070 4216 2554 4278 tribulationes.

389 4427 495 4490 81.
530 4426 694 4492 Nam
720 4427 1031 4492 timorem
1056 4427 1231 4490 hunc
1264 4442 1394 4488 non
1419 4426 1643 4503 habet,
1673 4442 1871 4504 quem
1895 4426 2011 4488 Iob
2035 4423 2086 4506 ²)
2115 4441 2354 4487 servus
2381 4441 2569 4486 meus
2596 4424 2851 4500 babuit,
2880 4424 2996 4500 qui
3023 4424 3246 4486 omnia
3271 4440 3387 4500 pa·-

285 4533 543 4600 .tienter
590 4530 933 4606 sustinuit,
983 4545 1157 4607 quae
1190 4532 1257 4591 in
1288 4545 1369 4591 eo
1410 4530 1556 4592 fieri
1588 4531 1884 4607 permisi.
1920 4530 2000 4590 Et
2035 4531 2351 4607 quoniam
2385 4527 2561 4590 hunc
2603 4528 2797 4589 valde
2848 4528 3091 4603 amavi,
3140 4528 3384 4589 multas

299 4634 767 4702 tribulationes
815 4650 1018 4711 super
1049 4635 1270 4711 ipsum
1315 4635 1533 4710 posui,
1571 4635 1730 4712 quia
1759 4634 2155 4711 patientiam
2188 4640 2256 4693 et
2288 4649 2596 4710 magnam
2632 4632 3165 4693 benevolentiam
3202 4632 3380 4718 ineo

289 4739 600 4814 cognovi.
647 4739 983 4800 Patientia
1014 4740 1259 4816 quippe
1289 4739 1435 4815 eJ'us
1469 4740 1714 4808 floruit,
1750 4745 1818 4799 et
1850 4739 2313 4800 benevolentia
2347 4739 2563 4814 ipsius
2597 4738 2680 4799 ad
2715 4754 2819 4798 me
2854 4736 3175 4810 ascendit,
3212 4737 3373 4813 quia

291 4846 518 4910 omnia
561 4861 684 4906 sua
717 4845 880 4906 mihi
929 4845 1226 4921 tradidit,
1262 4851 1330 4906 et
1361 4848 1519 4923 quia
1553 4853 1788 4907 contra
1822 4861 1927 4906 me
1957 4862 2089 4906 non
2139 4845 2452 4906 frenduit.
2498 4844 2623 4904 Sed
2679 4845 2805 4905 ista
2838 4843 3199 4903 obstinatio
3248 4858 3381 4901 non

299 4950 518 5025 habet,
555 4950 732 5027 quod
761 4945 811 5030 ³)
845 4951 1015 5011 dura
1038 4958 1113 5011 ut
1144 4952 1317 5029 lapis
1351 4957 1478 5026 est,
1514 4954 1580 5013 et
1605 4951 1791 5013 arida
1824 4953 2009 5012 velut
2045 4958 2249 5027 terra,
2279 4967 2450 5032 quae
2478 4951 2618 5012 sine
2654 4950 2875 5011 fructu
2911 4955 3031 5009 est.
3062 4948 3243 5021 Quod
3280 4948 3380 5008 illi

372 5121 413 5186 1)
440 5140 532 5178 neo
556 5125 657 5194 qui
679 5121 749 5184 A,
777 5121 870 5176 W.
901 5152 970 5162 —-
994 5122 1039 5187 2)
1066 5139 1207 5195 quae
1229 5122 1327 5180 Iob
1350 5121 1417 5180 Α.
1449 5156 1515 5165 —-
1540 5122 1585 5190 ³)
1613 5127 1750 5197 quia
1775 5124 1920 5180 dura
1944 5123 2036 5178 W.

495 5233 842 5294 ANALECT.
896 5234 963 5292 T.
1015 5233 1174 5294 VIII.
1230 5233 1314 5294 12
