4036 6117
1510 515 1751 564 mni-:n
1807 513 2008 561 wrm:
2062 511 2473 559 usnironu
3381 491 3466 554 19

420 636 664 699 ritatis
709 635 917 699 novit.
966 634 1133 696 Nam
1177 632 1354 695 Deus
1390 648 1593 711 super
1625 632 1850 694 omnia
1882 637 1950 691 et
1983 631 2052 690 in
2084 629 2395 690 omnibus
2425 624 3030 687 excellentissimus
3061 628 3189 700 est,
3225 623 3320 685 ita
3353 628 3530 702 quod

418 756 560 802 nec
608 742 847 818 angeli,
899 756 1020 800 nec
1067 738 1327 799 animae
1369 738 1708 814 justorum
1754 750 1908 795 eum
1955 733 2041 794 ad
2087 732 2284 807 finem
2316 730 2681 808 perducere
2712 734 3014 807 possunt.
3047 728 3140 788 Ex
3174 729 3319 806 ipso
3352 731 3530 790 enim

418 844 658 903 omnia
712 842 1007 903 viventia
1055 840 1457 916 procedunt,
1515 853 1639 900 nec
1687 838 1832 914 ipse
1879 836 2324 913 inceptionem
2370 833 2682 911 principii
2725 832 2950 905 habet,
2985 832 3104 891 sed
3136 831 3323 892 solus
3357 833 3424 892 in
3455 849 3529 893 se

418 950 802 1021 permanet3
851 960 1007 1004 nam
1056 943 1123 1003 in
1170 958 1243 1003 se
1290 943 1482 1017 vivit,
1534 943 1602 1002 in
1649 956 1723 1000 se
1769 944 2017 1016 potest,
2058 939 2126 999 in
2158 953 2231 999 se
2263 942 2330 997 et
2363 937 2512 996 scit.
2548 935 2673 1007 Qui
2706 935 2898 1009 vivit,
2935 940 3002 994 et
3033 934 3149 1010 qui
3178 939 3425 1010 potest,
3461 940 3530 994 et

414 1050 553 1125 qui
603 1050 753 1124 scit,
801 1047 979 1108 Deus
1025 1053 1153 1122 est;
1204 1061 1284 1107 ac
1332 1046 1400 1106 in
1447 1044 1555 1105 his
1598 1045 1816 1105 tribus
1849 1043 2109 1103 viribus
2139 1037 2185 1121 ¹)
2223 1040 2447 1101 omnia
2479 1054 2682 1115 opera
2711 1037 2831 1098 Dei
2863 1037 3183 1098 distincta
3215 1043 3283 1097 et
3314 1035 3529 1114 perse-

410 1158 541 1214 cta
573 1157 753 1229 sunt,
787 1158 856 1213 et
888 1151 956 1212 in
989 1151 1135 1228 ipso
1170 1165 1373 1228 opera
1406 1150 1553 1227 eJus
1592 1147 2119 1226 possibilitatem
2152 1143 2470 1221 operandi
2502 1142 2769 1204 habent.

1888 1353 2074 1414 XXV.

1532 1563 1709 1624 Deus
1757 1563 1928 1639 iqui-⁴3
1976 1578 2258 1639 operans
2306 1565 2424 1619 est.

510 1769 621 1831 37.
655 1769 737 1830 Et
767 1770 943 1831 Deus
976 1775 1289 1831 aeternus
1322 1775 1451 1845 est,
1479 1774 1547 1830 et
1578 1768 1945 1829 aeternitas
1980 1767 2155 1843 ignis
2186 1772 2315 1843 est,
2344 1772 2411 1827 et
2444 1766 2553 1826 hic
2578 1765 2755 1827 Deus
2787 1775 2912 1829 est.
2939 1768 3021 1830 Et
3049 1768 3226 1831 Deus
3259 1789 3390 1833 non
3421 1780 3527 1834 est

406 1872 598 1950 ignis
647 1874 1043 1951 absconsus,
1093 1890 1216 1936 nec
1264 1874 1437 1950 ignis
1486 1879 1742 1947 tacens,
1793 1871 1911 1933 sed
1947 1872 2122 1949 ignis
2156 1887 2441 1948 operans
2473 1877 2601 1947 est,
2640 1873 2797 1948 quia
2829 1879 3134 1950 potestas
3167 1874 3284 1936 Dei
3319 1893 3524 1954 supra

418 1990 699 2035 omnem
733 1976 1145 2037 intellectum
1176 1982 1244 2036 et
1290 1977 1765 2053 cogitationem
1811 1979 2298 2049 creaturarum,
2351 1975 2419 2034 in
2464 1975 2775 2035 claritate
2808 1978 3285 2052 mysteriorum
3317 1986 3386 2041 et
3419 1996 3522 2041 se-

406 2086 760 2142 cretorum
786 2097 1085 2157 suorum,
1114 2082 1337 2141 omnia
1362 2080 1724 2158 disponens
1757 2084 1824 2139 et
1858 2078 2081 2139 omnia
2116 2094 2356 2154 regens
2389 2084 2517 2153 est,
2553 2084 2628 2138 ut
2660 2085 2862 2155 caput
2895 2085 3110 2141 totum
3140 2097 3388 2158 corpus
3421 2099 3522 2143 re-

407 2182 540 2259 git:
591 2183 906 2260 quoniam
952 2183 1422 2244 rationabilem
1467 2184 1679 2243 vitam
1727 2181 1909 2255 facit,
1961 2180 2244 2255 scilicet,
2290 2195 2444 2239 cum
2487 2182 2665 2241 oculi
2698 2182 2946 2258 vident,
2983 2199 3182 2243 aures
3216 2185 3517 2261 audiunt,

408 2304 619 2349 nares
650 2288 952 2366 odorant,
987 2295 1056 2350 et
1086 2288 1233 2365 ejns
1264 2305 1342 2349 os
1374 2287 1580 2348 verba
1617 2288 1683 2347 in
1715 2285 2240 2347 rationabilitate
2273 2283 2548 2362 profert.
2585 2285 2762 2346 Deus
2794 2301 2954 2363 ergo
2986 2294 3188 2365 caput
3220 2289 3519 2350 omnium

405 2391 713 2453 fidelium
744 2399 870 2470 est,
906 2393 1024 2454 sed
1074 2400 1297 2454 tamen
1344 2393 1564 2453 omnia
1598 2408 1729 2451 non
1764 2390 2083 2464 ostendit,
2121 2405 2294 2466 quae
2330 2390 2395 2448 in
2430 2397 2692 2451 secreto
2723 2392 3108 2454 Divinitatis
3142 2400 3320 2470 sunt,
3357 2413 3521 2473 quo-

404 2498 600 2557 niam
645 2499 712 2557 in
758 2513 836 2557 eo
886 2514 1130 2558 arcana
1176 2498 1317 2557 vita
1365 2496 1795 2556 absconditae
1843 2495 2023 2554 vitae
2071 2499 2198 2566 est,
2237 2496 2413 2554 sicut
2444 2495 2650 2555 etiam
2687 2514 2720 2555 t
2757 2497 3106 2558 ministros
3140 2515 3300 2559 suos
3336 2499 3520 2560 flam-

416 2616 604 2661 mam
653 2602 824 2677 ignis
867 2598 919 2680 ²)
969 2616 1122 2661 cum
1165 2601 1417 2677 jndicio
1469 2599 1647 2661 facit.
1689 2617 1720 2657 »
1773 2598 1938 2658 Nam
1981 2598 2308 2673 jndicium
2355 2599 2545 2675 prius
2589 2600 2859 2660 auditur
2903 2617 3105 2677 quam
3138 2602 3275 2679 fiat,
3313 2606 3513 2665 sicin

400 2703 552 2765 Deo
597 2711 720 2766 est.
771 2706 922 2781 Ipse
972 2706 1178 2766 etiam
1223 2710 1379 2765 ante
1424 2704 1689 2779 Legem,
1737 2703 1924 2762 velut
1967 2708 2123 2762 ante
2155 2701 2469 2763 humeros
2503 2701 2689 2779 auOS,
2727 2703 3031 2764 homines
3064 2706 3365 2783 quiante
3397 2708 3516 2768 Le-

401 2824 568 2885 gem
598 2814 809 2884 erant,
848 2825 1025 2885 aqua
1071 2815 1140 2869 et
1186 2810 1337 2885 igne
1383 2808 1813 2883 examinavit,
1859 2808 2176 2883 quoniam
2210 2807 2342 2867 alia
2375 2808 2520 2883 lege
2552 2809 2915 2869 examinati
2946 2826 3078 2870 non
3111 2817 3287 2872 sunt.
3320 2810 3514 2874 Dein-

400 2911 496 2972 de
530 2918 752 2972 autem
788 2915 856 2972 in
901 2913 1096 2989 Lege,
1146 2913 1357 2973 variis
1406 2918 1474 2972 et
1520 2912 1708 2973 duris
1755 2910 2314 2988 castigationibus
2348 2926 2466 2970 eos
2498 2913 2836 2988 purgavit,
2873 2914 3049 2988 quod
3082 2916 3513 2990 postmodum

398 3017 616 3079 etiam
664 3022 878 3078 totum
927 3018 1320 3094 complevit,
1373 3031 1526 3077 cum
1575 3016 1718 3094 ipse
1767 3014 1965 3077 homo
2016 3013 2259 3090 factuS,
2307 3012 2661 3076 Diabolum
2708 3016 2774 3076 in
2823 3015 3212 3080 fortitudine
3246 3036 3369 3082 sua
3401 3021 3514 3083 de-

396 3122 676 3196 struxit,
726 3128 794 3182 et
842 3121 1180 3182 hominem
1229 3139 1267 3182 a
1316 3120 1633 3181 sordibus
1679 3124 2112 3197 peccatorum
2161 3135 2436 3179 suorum
2483 3121 2847 3182 clementer
2892 3139 3011 3199 per
3053 3139 3286 3190 veram
3311 3126 3510 3203 ,iusti-

398 3223 574 3285 tiam
604 3224 1014 3301 emundavit,
1051 3231 1124 3286 ut
1154 3223 1484 3304 propheta
1514 3222 1700 3284 dicit:
1741 3241 1774 3282 t
1813 3223 2021 3299 CuJus
2053 3228 2355 3299 potestas
2390 3239 2595 3300 super
2627 3223 2978 3284 humerum
3010 3226 3177 3302 eJuS.
3218 3245 3250 3284 »
3289 3222 3339 3307 ³)

1844 3431 2057 3492 XXVI.

1710 3635 1911 3698 Verba
1956 3637 2192 3699 Isaiae.

478 3844 589 3909 38.
627 3848 832 3925 Cujus
866 3863 1107 3909 sensus
1133 3847 1291 3908 talis
1322 3851 1448 3907 est.
1480 3844 1753 3907 Justitia
1786 3846 1854 3906 in
1884 3851 2221 3921 potestate
2245 3845 2363 3906 Dei
2395 3863 2518 3923 per
2548 3848 2884 3914 hominem
2918 3831 3252 3941 apparuit,
3282 3883 3490 3945 quan·

392 3947 485 4012 do
516 3950 690 4011 Deus
725 3951 923 4013 homo
969 3953 1325 4028 processit,
1373 3951 1511 4026 ubi,
1547 3950 1733 4011 velut
1767 3950 1834 4010 in
1866 3949 2146 4011 humero
2180 3949 2594 4014 fortitudinis
2629 3972 2813 4032 suae,
2851 3976 3055 4036 opera
3085 3965 3347 4034 Diaboli
3379 3977 3491 4039 de..

389 4058 663 4132 struxit,
715 4074 793 4118 ac
840 4057 1173 4119 infernum
1219 4057 1654 4134 despoliavit;
1705 4061 1773 4116 et
1818 4057 1935 4117 ubi
1967 4074 2088 4135 per
2120 4059 2466 4135 apostolos
2499 4077 2659 4122 suos
2693 4063 3090 4140 baptizando
3125 4075 3190 4135 in
3225 4093 3490 4148 omnem

390 4163 645 4219 terram
679 4162 923 4220 sonuit.
958 4161 1136 4221 Deus
1167 4162 1346 4220 enim
1376 4159 1713 4235 justitiam
1745 4166 2024 4238 propter
2058 4161 2394 4223 hominem
2429 4163 2494 4222 in
2527 4168 2890 4244 semetipso
2921 4173 3224 4255 perfecit,
3262 4186 3377 4260 qui
3408 4189 3492 4251 de

387 4265 552 4328 limo
603 4266 927 4330 formatus
962 4271 1029 4329 in
1060 4270 1545 4330 mortalitatem
1576 4269 1840 4331 cecidit.
1876 4270 2028 4348 Ipse
2061 4289 2350 4348 namque
2383 4272 2582 4333 homo
2618 4275 2684 4334 in
2724 4278 2941 4353 primo
2975 4282 3138 4345 flore
3169 4296 3493 4364 germinis

388 4384 514 4444 per
535 4369 884 4432 Diabolum
909 4372 1227 4433 seductus
1251 4379 1378 4448 est;
1406 4373 1522 4450 qui
1553 4374 1826 4434 vulvam
1853 4390 2048 4433 suam
2072 4376 2402 4450 aperienS‚
2438 4392 2669 4438 omnes
2703 4384 3068 4456 spurcitias
3102 4390 3170 4450 in
3203 4401 3485 4466 materia

386 4489 515 4534 sua
557 4479 910 4554 eructavit;
961 4479 1132 4540 unde
1179 4481 1385 4541 etiam
1417 4498 1648 4542 omnes
1682 4482 1856 4543 filios
1890 4481 2233 4542 hominum
2267 4483 2560 4561 denotat,
2597 4492 2914 4564 quoniam
2950 4496 3294 4566 luxurioso
3332 4510 3481 4587 igne

389 4593 723 4641 venenose
770 4583 1205 4645 seminantur.
1253 4584 1430 4645 Deus
1473 4591 1697 4646 autem
1740 4587 1809 4645 in
1840 4586 2100 4662 integra
2132 4587 2447 4663 virginali
2482 4606 2682 4651 carne
2715 4610 2836 4670 per
2868 4599 3163 4663 calorem
3196 4605 3484 4685 Spiritus

459 4813 507 4882 ¹)
529 4814 898 4888 satjai-ibus
916 4821 982 4877 Α.
1002 4823 1128 4889 —²)
1150 4824 1238 4878 Ps.
1259 4822 1407 4886 0111,
1426 4827 1491 4879 ut
1509 4840 1599 4896 ep.
1623 4822 1693 4877 ad
1714 4821 1892 4880 Hebr.
1972 4818 2176 4890 logiam
2205 4821 2550 4893 aggreditur,
2568 4839 2875 4900 gravesque
2896 4835 3236 4901 pronunciat
3255 4840 3480 4912 dogma-

390 4903 447 5000 ,¹⁹
475 4905 526 4957 7.
556 4933 625 4942 —
649 4901 696 4969 ⁸)
722 4903 794 4959 1³.
826 4905 932 4968 lx.
961 4911 1011 4962 6.
1043 4938 1109 4947 -
1132 4907 1365 4977 Tragica
1402 4914 1528 4980 post
1555 4909 1895 4980 spectacula,
1974 4909 2115 4967 ticas
2142 4912 2472 4977 sententias,
2503 4917 2713 4985 quibus
2751 4925 2998 4977 caeteros
3039 4922 3189 4980 inter
3226 4928 3479 5006 Scriptu-

388 5002 452 5042 m
490 4988 700 5057 quibus
728 4995 882 5046 vates
909 4996 1101 5048 nostra
1127 4994 1271 5049 nulli
1300 4999 1498 5064 poetae
1524 4994 1706 5066 impar
1732 4992 1899 5050 facile
1972 5014 2067 5053 rae
2100 4999 2438 5073 interpretes
2477 5003 2626 5058 haud
2665 5003 2925 5058 ultimam
2977 5007 3160 5063 sedem
3203 5018 3478 5077 nancisci-

380 5073 798 5170 ostenderetur,
822 5075 870 5131 si
890 5077 1020 5148 quis
1039 5078 1196 5134 locus
1222 5085 1369 5136 esset
1394 5079 1731 5136 academicis
1755 5094 1899 5150 quae
1976 5089 2086 5141 tur.
2116 5085 2226 5141 Sed
2253 5102 2433 5158 neque
2470 5088 2644 5143 etiam
2670 5089 2850 5144 nostri
2876 5096 2961 5146 est
2992 5092 3246 5152 instituti
3274 5116 3474 5163 arcana

381 5156 658 5217 dicuntur
690 5163 1001 5236 parallelis,
1043 5180 1197 5223 nunc
1234 5167 1448 5240 maiora
1473 5182 1701 5234 canens,
1742 5169 1900 5227 tbeo-
1974 5170 2112 5228 baec
2138 5170 2333 5229 rimari
2359 5172 2693 5244 dogmatica.
2726 5172 2898 5229 Caute
2925 5178 3195 5234 nonnulla
3223 5180 3361 5253 lege.
