4036 6117
1172 501 1407 551 Lmen
1456 503 1654 550 VITAE
1703 502 2190 549 nant-ronna.
2245 505 2300 548 p.
2352 504 2460 549 111.
2814 559 2822 566 ‚
3166 492 3293 552 119

279 635 382 676 sus
414 619 563 678 talis
598 625 720 678 est.
768 618 1117 694 Fulgorem
1145 622 1564 680 aeternitatis
1590 627 1658 680 et
1685 627 2045 696 perpetuae
2075 620 2417 681 felicitatis
2453 622 2548 681 illi
2584 623 2697 697 qui
2733 638 2852 698 per
2885 629 3115 683 sancta
3153 640 3356 698 opera

275 718 419 791 justi
457 729 634 796 sunt,
673 723 1026 797 accipient,
1055 738 1227 798 quae
1253 738 1371 798 per
1390 723 1585 782 fidem
1622 732 1888 783 sanctae
1923 725 2293 799 TrinitatiS‚
2331 726 2395 784 in
2432 730 2576 784 rota
2603 742 2803 800 quam
2829 727 3131 786 Ezechiel
3159 728 3353 800 vidit,

278 824 515 896 operati
550 831 730 900 sunt,
763 827 826 885 in
859 825 1104 901 quihus
1137 828 1339 886 etiam
1375 827 1551 886 Deus
1587 829 1794 903 ipsos,
1825 835 1891 887 et
1928 829 2057 903 ipsi
2090 828 2298 888 Deum
2331 829 2667 889 videbunt.
2703 830 2780 889 Et
2817 831 2915 889 sic
2951 833 3017 890 in
3062 832 3362 891 altitudi-

278 941 408 984 nem
442 934 508 986 et
542 929 611 987 in
644 930 1065 991 latitudinem
1101 929 1506 1006 fulgurantis
1542 931 1976 991 beatitudinis
2010 949 2162 991 curn
2197 932 2439 1007 gaudio
2474 939 2540 993 et
2584 934 2865 1008 laetitia,
2917 935 3172 1011 absque
3221 954 3360 996 om-

277 1032 334 1089 ni
365 1032 530 1091 mole
568 1032 831 1108 fragilis
866 1035 1111 1107 carnis,
1165 1033 1716 1106 sublevabuntur3
1769 1042 1835 1094 et
1886 1036 1975 1095 ibi
2013 1036 2079 1094 in
2128 1037 2381 1095 sanctis
2432 1037 2746 1112 operibus
2795 1038 2938 1095 suis
2988 1039 3358 1098 scintillan-

280 1137 389 1207 tes,
423 1151 543 1195 nec
577 1138 786 1197 ullam
822 1137 1252 1213 gravedinem
1287 1139 1590 1214 corporis
1627 1139 2011 1213 sentientes,
2067 1141 2130 1198 in
2181 1140 2538 1199 sanctitate
2572 1140 3052 1214 dilatabuntur,
3105 1158 3226 1200 nec
3262 1143 3360 1201 ul-

279 1247 369 1300 tra
400 1240 533 1299 ullo
570 1241 1044 1316 impedimento
1079 1242 1487 1301 irretientur.
1539 1242 1718 1302 Unde
1768 1244 1971 1302 etiarn
2014 1243 2319 1318 judiciali
2363 1244 2613 1318 judicio
2655 1244 2911 1304 Domini
2958 1245 3354 1320 judicabunt

276 1344 411 1405 illos
441 1346 693 1420 quibus
726 1350 1001 1420 peccata
1049 1344 1520 1419 adhaeserunt,
1556 1350 1829 1420 peccata
1880 1348 2149 1406 illorum
2197 1348 2692 1423 conculcanteS‚
2745 1366 2914 1424 quae
2967 1351 3033 1409 in
3078 1366 3358 1410 consue-

276 1448 485 1507 tudine
519 1465 652 1507 non
686 1449 1059 1523 coluerunt3
1097 1455 1164 1509 et
1200 1451 1299 1509 sic
1336 1456 1518 1538 recto
1555 1448 1632 1509 a'c
1661 1451 1844 1526 justo
1873 1451 2126 1525 judicio
2155 1450 2675 1511 dominabuntur
2707 1454 2997 1529 populis,
3029 1454 3142 1529 qui
3188 1470 3259 1514 se
3297 1455 3364 1514 in

277 1552 546 1611 terrenis
581 1553 768 1612 curis
801 1557 869 1611 et
900 1552 1257 1612 desideriis
1290 1553 1610 1628 populum
1644 1554 1896 1613 saeculi
1933 1553 2146 1614 fuisse
2181 1557 2497 1615 sentiunt.
2547 1557 2627 1615 Et
2675 1563 2832 1615 tunc
2875 1558 3058 1632 regio
3107 1557 3361 1617 honore

277 1669 346 1713 ac
389 1655 755 1714 immortali
803 1655 1251 1715 dominatione
1302 1656 1608 1731 regnabit
1657 1656 1891 1716 videns
1939 1657 2318 1717 dominator
2363 1659 2656 1733 illorum3
2721 1662 2834 1735 qui
2886 1661 3085 1721 vitam
3141 1661 3364 1736 adepti

278 1763 418 1817 sunt
452 1758 518 1816 in
554 1758 812 1817 sanctis
848 1758 1164 1834 operibus
1198 1773 1276 1816 ac
1311 1759 1376 1817 in
1409 1760 1662 1817 sanctis
1698 1760 1955 1818 meritis
1992 1759 2314 1834 ipsorum,
2359 1766 2424 1819 et
2461 1760 2583 1820 hoc
2622 1760 2821 1820 faciet
2858 1763 2921 1821 in
2954 1764 3365 1838 perpetuita-

278 1870 334 1922 te
366 1863 495 1932 illa‚
534 1879 711 1940 quae
747 1863 938 1922 finem
976 1878 1104 1921 non
1144 1862 1435 1922 habebit.

1659 2073 1966 2139 XXXIII.

802 2286 1068 2360 Septem
1113 2287 1278 2344 vitia
1326 2291 1575 2362 septem
1624 2286 1812 2344 donis
1876 2287 2170 2363 Spiritus
2222 2288 2448 2349 Sancti
2497 2293 2808 2367 opposita.

353 2490 454 2550 41.
490 2491 683 2562 Quod
718 2497 942 2551 autem
993 2492 1059 2549 in
1095 2490 1398 2565 praefata
1432 2492 1695 2566 nebula,
1746 2493 1809 2551 in
1843 2510 1975 2568 qua
2010 2494 2402 2555 multimoda
2437 2511 2680 2570 genera
2714 2498 3033 2557 vitiorum
3070 2507 3247 2575 sunt,
3286 2509 3360 2560 ut

277 2599 688 2672 praedictum
720 2603 847 2672 est,
885 2598 1090 2657 etiam
1124 2603 1380 2671 septem
1411 2599 1576 2657 vitia
1611 2615 1784 2657 nunc
1835 2599 1901 2658 in
1950 2599 2332 2676 hujusmodi
2385 2601 2786 2677 imaginibus
2836 2602 3049 2677 videS,
3097 2603 3222 2664 hoc
3257 2612 3362 2665 est

274 2701 435 2776 quod
470 2703 541 2761 in
578 2701 911 2760 densitate
944 2701 1280 2777 nequitiae
1319 2701 1754 2776 infidelitatiS‚
1793 2703 1859 2761 in
1892 2719 2024 2778 qua
2061 2705 2309 2763 multae
2354 2704 2604 2764 formae
2653 2711 2720 2765 et
2766 2705 3109 2766 diversum
3143 2725 3356 2785 genus

277 2804 719 2875 pessimorum
752 2808 820 2861 et
853 2801 1343 2861 immundorum
1376 2802 1694 2862 vitiorum
1731 2809 1857 2877 est,
1897 2810 1969 2863 ut
2004 2806 2317 2881 superius
2343 2805 2720 2881 praefatum
2750 2813 2876 2880 est,
2906 2809 3108 2867 etiam
3136 2817 3233 2869 tot
3262 2811 3359 2868 vi-

278 2909 360 2967 tia
406 2909 472 2967 in
523 2907 967 2982 nequissimis
1016 2906 1277 2966 artibus
1326 2907 1468 2967 suis
1519 2914 1866 2983 apparent,
1919 2915 2085 2985 quot
2117 2909 2288 2969 dona
2320 2909 2541 2968 Sancti
2577 2910 2863 2985 Spiritus
2897 2914 3346 2989 nominantur,

277 3027 435 3090 quae
467 3000 731 3073 eisdem
763 3011 955 3072 donis
989 3013 1298 3073 omnibus
1326 3011 1543 3072 modis
1572 3015 1888 3074 resistere
1916 3020 2268 3089 attentant3
2301 3014 2416 3075 sed
2446 3022 2668 3075 tamen
2694 3033 2823 3077 non
2851 3020 3355 3095 praevalebunt,

279 3118 422 3190 quia
458 3118 687 3176 virtus
720 3115 838 3174 Dei
872 3117 1382 3191 perversitatem
1415 3116 1674 3176 Diaboli
1709 3119 1974 3177 omnino
2008 3124 2386 3194 exsuperat.

1665 3342 1968 3402 XXXIIII.

1577 3536 1668 3595 De
1722 3535 2061 3612 Superbia.

359 3743 472 3807 42.
512 3746 737 3806 Prima
770 3746 945 3805 enim
998 3747 1214 3821 imago
1266 3745 1650 3821 superbiam
1699 3745 2020 3819 declarat,
2073 3761 2245 3821 quae
2280 3745 2544 3805 initium
2580 3729 3251 3823 omnium'vitiorum,
3304 3755 3369 3807 et

279 3853 568 3912 materia
598 3857 667 3911 et
699 3851 943 3910 matrix
977 3852 1274 3910 omnium
1308 3851 1637 3911 malorum
1685 3857 1812 3925 est,
1849 3852 2163 3927 quoniam
2213 3852 2522 3927 angelum
2570 3852 2651 3911 de
2702 3853 2885 3913 coelo
2928 3855 3234 3930 proJecit‚
3287 3872 3365 3914 ac

279 3958 612 4019 bominem
647 3957 729 4017 de
762 3957 1080 4017 Paradiso
1113 3958 1388 4032 expulit,
1424 3963 1493 4015 et
1524 3972 1696 4032 quae
1728 3957 1932 4016 etiam
1981 3957 2357 4030 animabuS,
2411 3955 2493 4016 ad
2542 3957 2753 4017 vitam
2793 3973 2912 4034 per
2952 3958 3124 4018 bona
3160 3977 3363 4035 opera

284 4060 502 4119 redire
538 4059 985 4135 cupientibuS,
1039 4060 1106 4119 in
1139 4059 1262 4120 fine
1296 4058 1681 4118 eorumdem
1716 4075 2012 4134 operum,
2063 4058 2343 4119 insidias
2376 4059 2582 4134 ponit,
2637 4065 2969 4134 quatenus
3005 4063 3105 4120 eis
3141 4078 3371 4138 super-

282 4182 426 4225 nam
468 4164 1075 4224 remunerationem
1109 4163 1388 4223 auferat.
1428 4164 1591 4223 Nam
1627 4163 1821 4223 homo
1873 4164 2221 4223 multoties
2270 4163 2350 4221 de
2399 4162 2590 4222 bonis
2627 4163 2889 4221 actibus
2926 4164 3068 4222 suis
3112 4166 3375 4225 extolli-

285 4277 409 4343 tur,
453 4274 522 4328 et
558 4270 653 4327 ita
685 4269 882 4327 beata
917 4267 1220 4327 mercede
1254 4284 1372 4344 per
1408 4267 1788 4343 superbiam
1825 4270 2212 4326 evacuatur.
2250 4267 2429 4337 Quae
2465 4268 2660 4342 quasi
2700 4266 2934 4327 faciem
2980 4269 3373 4329 muliebrem

286 4371 507 4443 habet,
562 4371 723 4446 quia
768 4385 1027 4430 omnem
1078 4372 1490 4431 voluntatem
1541 4387 1730 4430 suam
1783 4372 1848 4429 in
1895 4371 2112 4446 primo
2162 4371 2419 4446 ange-lo,
2472 4369 2588 4445 qui
2621 4370 2702 4429 de
2751 4370 2937 4429 coelo
2973 4371 3251 4446 corruit,
3289 4373 3372 4431 ad

285 4475 641 4534 stultitiam
676 4475 994 4547 verterat;
1045 4489 1198 4532 curn
1239 4490 1372 4549 qua
1418 4474 1619 4533 etiam
1656 4474 1941 4549 primam
1973 4472 2322 4531 mulierem
2356 4471 2437 4529 de
2468 4467 2791 4530 Paradiso
2826 4470 3160 4546 ejiciebat,
3198 4473 3373 4531 sicut

284 4588 348 4641 et
383 4596 563 4641 nunc
600 4579 663 4639 in
697 4582 876 4640 torta
909 4578 1198 4639 mollicie
1235 4578 1536 4638 homines
1560 4573 1606 4656 ¹)
1642 4581 1830 4637 extra
1857 4593 1929 4636 se
1963 4577 2209 4637 ducere
2237 4577 2426 4636 solet.
2456 4575 2583 4636 Sed
2609 4576 2754 4651 ejus
2781 4576 2957 4635 oculi
2992 4576 3167 4649 ignei
3194 4580 3372 4651 sunt,

285 4687 601 4760 quoniam
638 4683 914 4743 intentio
949 4684 1162 4759 ipsius
1198 4684 1263 4742 in
1295 4682 1551 4742 malitia
1584 4681 1791 4742 ardet.
1825 4682 1906 4742 Et
1937 4698 2145 4741 nasus
2183 4683 2320 4741 luto
2356 4696 2701 4757 aspersus,
2738 4681 2896 4757 quia
2930 4681 3074 4739 sine
3117 4681 3373 4742 discre-

289 4792 462 4850 tione
497 4790 566 4848 in
600 4788 982 4865 insipientia
1016 4786 1261 4848 sordet.
1293 4787 1374 4846 Et
1405 4801 1479 4846 os
1515 4787 1843 4861 clausum,
1881 4786 2197 4862 quoniam
2233 4786 2483 4845 nullam
2519 4784 2988 4845 rectitudinem
3032 4783 3097 4842 in
3145 4784 3373 4843 verbis

290 4901 486 4969 amat,
527 4894 642 4953 sed
680 4894 839 4969 quia
870 4891 1076 4952 Deum
1113 4893 1180 4951 et
1211 4907 1405 4952 omne
1438 4890 1614 4967 quod
1641 4890 1887 4950 bonum
1922 4897 2049 4966 est,
2089 4892 2154 4949 in
2189 4890 2389 4950 corde
2417 4905 2537 4950 suo
2573 4890 2789 4964 negat.
2818 4886 3123 4947 Brachiis
3149 4889 3374 4947 autem

289 5002 350 5057 et
385 4998 690 5056 manibus
724 4998 931 5067 caret,
983 4997 1138 5070 quia
1193 4994 1510 5055 fortitudo
1561 5011 1638 5052 ac
1687 5010 1888 5069 opera
1942 4994 2155 5067 ipsius
2190 5009 2317 5051 non
2354 4994 2583 5055 vitam.
2632 4990 2746 5049 sed
2785 4992 3069 5048 mortem
3104 4989 3368 5049 habent.

365 5154 404 5218 ¹)
427 5154 655 5208 mollitie
679 5154 916 5208 hominis
941 5149 1031 5202 W.
