4036 6117
672 515 803 573 314
1815 540 1864 583 S.
1931 542 2489 591 iiiLnEGAnnis

608 655 669 711 in
722 653 1101 715 infidelibus
1150 667 1378 734 erunt,
1430 666 1495 719 et
1544 659 1745 718 etiam
1800 661 1863 720 in
1912 664 2123 739 signis
2176 666 2652 725 miraculorum
2702 667 2839 740 Dei,
2879 686 3049 743 quae
3086 675 3239 729 tunc
3290 672 3354 729 in
3389 670 3704 731 fidelibus

604 758 811 832 flent,
864 763 1171 837 respicite
1220 762 1703 837 cognoscendo,
1743 771 1801 820 et
1841 765 2050 824 levate
2104 767 2168 825 in
2205 767 2593 828 fortitudine
2643 772 2861 845 capita
2906 778 3143 845 vestra,
3196 774 3453 834 scilicet
3502 773 3706 832 fidem

603 864 685 923 ad
734 865 964 941 Deum,
1000 872 1313 945 quoniam
1362 872 1847 949 appropinquat
1884 872 1949 931 in
1997 875 2369 935 salvatione
2405 877 2772 953 redemptio
2819 885 3053 951 vestra,
3098 878 3186 937 ita
3235 879 3412 955 quod
3446 877 3708 936 videbi-

603 968 693 1026 tis
745 973 956 1033 solem
1016 975 1346 1049 justitiae,
1398 993 1549 1037 cum
1601 979 1664 1037 in
1715 983 2036 1055 martyrio
2094 987 2318 1041 vestro
2371 983 2543 1041 malo
2595 983 2935 1057 resistitiS,
2990 985 3087 1043 sic
3136 985 3217 1044 ad
3266 1002 3418 1044 eum
3467 1000 3709 1061 perve-

604 1072 888 1137 nientes.

699 1179 778 1237 Et
828 1183 999 1242 dixit
1037 1186 1174 1245 illis
1212 1190 1726 1250 similitudinem
1763 1191 1826 1250 in
1862 1194 2382 1267 comparatione:
2430 1194 2651 1252 Videte
2690 1203 2885 1254 acuta
2925 1196 3284 1257 intentione
3317 1198 3703 1276 ficulneam,

607 1284 670 1344 id
721 1295 824 1347 est
857 1294 1370 1355 amaritudinem
1421 1300 1724 1372 martyrii
1759 1306 1825 1358 et
1873 1300 2381 1374 angustiarum,
2407 1301 2565 1376 quia
2617 1300 2782 1360 haec
2816 1305 3147 1377 patientes
3196 1310 3431 1379 postea
3465 1318 3708 1362 conso·-

604 1389 940 1465 labuntur,
997 1399 1071 1456 ut
1111 1396 1392 1459 ficulnea
1442 1416 1612 1476 quae
1645 1402 1932 1475 primum
1984 1404 2344 1478 ingratum,
2380 1410 2445 1463 et
2495 1411 2728 1480 postea
2762 1405 3025 1465 dulcem
3077 1406 3364 1467 fructum
3415 1407 3701 1482 profert,

606 1503 666 1554 et
694 1514 918 1557 omnes
944 1500 1223 1575 arbores,
1256 1504 1514 1562 scilicet
1543 1510 1844 1563 caeteras
1874 1505 2185 1579 virtutes,
2216 1523 2386 1581 quae
2415 1509 2626 1583 signis
2654 1513 2720 1567 et
2746 1509 3071 1584 prodigiis
3099 1518 3434 1571 secuntur.
3457 1507 3500 1588 ¹)
3535 1514 3704 1573 Cum

601 1602 976 1678 producunt
1029 1605 1092 1663 in
1129 1608 1511 1668 ostensione
1546 1603 1694 1680 jam
1729 1627 1809 1667 ex
1859 1626 1924 1667 se
1960 1609 2126 1683 ipsis
2173 1612 2494 1687 fructum,
2550 1612 2611 1671 id
2649 1618 2751 1671 est
2804 1615 3194 1689 martyrium
3243 1621 3309 1675 et
3342 1621 3573 1691 postea
3612 1617 3708 1675 si-

605 1724 756 1783 gna,
795 1710 1008 1783 scitis,
1049 1712 1113 1769 in
1163 1711 1480 1771 cordibus
1516 1712 1783 1780 vestris,
1838 1716 2150 1789 quoniam
2181 1734 2386 1791 prope
2422 1724 2514 1774 est
2552 1724 2789 1783 aestas,
2837 1718 3149 1778 videlicet
3197 1721 3380 1779 calor
3412 1720 3707 1795 Spiritus

606 1819 833 1879 Sancti
884 1824 951 1878 et
985 1817 1325 1893 plenitudo
1377 1818 1758 1878 sanctitatis
1795 1818 1858 1875 in
1908 1820 2131 1877 anima
2164 1822 2231 1879 et
2266 1836 2565 1893 corpore.
2604 1822 2707 1878 Ita
2742 1829 2799 1878 et
2837 1841 2965 1893 vos,
3004 1841 3153 1881 cum
3188 1824 3484 1883 videritis
3517 1831 3709 1884 certa

607 1924 988 1984 ostensione
1037 1929 1194 1986 haec
1226 1926 1393 2003 fieri,
1449 1925 1538 1982 ita
1592 1927 1662 1980 ut
1712 1921 1835 1980 hae
1885 1923 2368 1982 amaritudines
2417 1925 2782 1985 virtutibus
2819 1928 3160 2001 resistant,
3198 1936 3264 1987 et
3298 1930 3581 1989 virtutes
3627 1931 3710 1990 il-

610 2023 714 2105 lis,
767 2032 866 2091 sic
902 2039 1125 2091 tamen
1175 2038 1246 2091 ut
1281 2032 1567 2090 virtutes
1617 2028 1970 2087 victoriam
2024 2028 2333 2101 habeant,
2388 2037 2460 2089 ut
2498 2032 2560 2089 in
2610 2032 2742 2090 alio
2792 2032 3149 2106 Evangelio
3200 2034 3523 2108 scriptum
3574 2042 3704 2094 est:

615 2153 645 2191 ‹
679 2134 977 2207 Regnum
1014 2136 1352 2193 coelorum
1389 2134 1522 2191 vim
1559 2134 1835 2207 patitur;
1862 2124 1978 2208 ⁹)·»
2018 2136 2240 2191 scitote
2276 2136 2432 2210 quia
2460 2151 2665 2209 prope
2701 2140 2820 2206 est,
2859 2134 3035 2209 quod
3070 2135 3435 2196 schismata
3468 2144 3535 2197 et
3569 2139 3708 2199 alia

611 2243 784 2301 mala
814 2243 951 2318 jam
978 2244 1088 2301 diu
1126 2260 1254 2302 non
1288 2244 1656 2318 durabunt,
1696 2246 1809 2304 sed
1848 2251 2004 2304 tunc
2040 2243 2171 2300 cito
2209 2243 2541 2316 finientur,
2578 2261 2861 2318 reynum
2896 2244 3039 2317 Dei,
3077 2245 3233 2319 quia
3268 2261 3709 2320 perseveran-

611 2350 710 2406 tes
746 2348 811 2406 in
860 2347 1051 2407 bonis
1087 2348 1169 2407 ad
1222 2349 1380 2408 illud
1418 2350 1828 2424 pervenient.
1881 2352 2090 2409 Amen
2129 2351 2272 2410 dico
2301 2349 2473 2407 vobis
2508 2350 2838 2409 omnibus:
2878 2350 3023 2408 Non
3052 2349 3441 2426 praeteribit
3490 2351 3572 2410 de
3608 2358 3709 2412 te-

611 2453 837 2513 nebris
867 2454 946 2512 ad
977 2455 1214 2526 lucem,
1245 2453 1325 2511 de
1352 2454 1626 2513 caducis
1655 2454 1735 2514 ad
1765 2461 2064 2524 aeterna,
2098 2458 2435 2531 qenai-atio
2461 2457 2639 2528 haec,
2672 2454 2931 2512 scilicet
2965 2453 3295 2525 homineS,
3331 2458 3536 2517 donec
3568 2476 3707 2516 om-

609 2559 725 2615 nia
748 2559 906 2635 fiant
937 2558 1189 2631 praelia
1219 2558 1375 2626 ista,
1414 2574 1584 2633 quae
1617 2557 1946 2633 praedixit
1970 2552 2018 2634 ⁸)
2059 2558 2124 2615 in
2149 2557 2512 2617 virtutibus
2553 2564 2621 2615 et
2656 2559 2721 2615 in
2755 2557 2961 2630 vitiis,
3000 2558 3260 2617 scilicet
3291 2575 3501 2635 usque
3543 2560 3705 2620 dum

610 2665 832 2723 omnia
864 2665 1029 2724 vitia
1066 2680 1182 2739 per
1215 2665 1501 2723 virtutes
1533 2666 1622 2724 ita
1656 2665 2121 2724 excribrentur
2144 2661 2191 2741 ⁴)
2220 2670 2287 2723 et
2320 2670 2850 2740 perscrutentur,
2883 2666 2955 2723 ut
2992 2678 3063 2722 se
3098 2665 3246 2740 plus
3281 2667 3541 2740 erigere
3576 2682 3708 2724 non

612 2771 911 2841 valeant,
964 2774 1030 2827 et
1067 2774 1137 2827 ut
1171 2768 1376 2827 etiam
1424 2767 1744 2827 Diabolus
1778 2783 1896 2842 per
1931 2769 2217 2827 virtutes
2254 2769 2344 2828 ita
2380 2773 2758 2843 superetur,
2795 2767 2970 2842 quod
3008 2767 3169 2826 nihil
3206 2771 3494 2843 amplius
3529 2770 3710 2828 insa-

612 2878 756 2936 nire
806 2879 1039 2952 possit.
1098 2876 1400 2950 Caelum,
1455 2876 1714 2935 scilicet
1763 2877 2097 2936 desideria
2150 2878 2262 2935 illa
2312 2892 2482 2951 quae
2532 2876 2614 2934 ad
2671 2876 2931 2934 coelum
2990 2876 3182 2935 modo
3243 2877 3550 2951 tendunt,
3612 2879 3709 2936 ita

611 2984 788 3058 quod
826 2983 1129 3043 homines
1167 2987 1428 3043 terrena
1465 2989 1741 3061 propter
1771 2982 1978 3043 Deum
2022 2984 2388 3058 dimittunt,
2427 2991 2488 3041 et
2525 2992 2725 3056 terra,
2764 2984 3022 3041 scilicet
3060 2990 3363 3043 terrenae
3396 2988 3711 3061 concupi·-

613 3091 929 3165 scentiae,
971 3091 1082 3150 ubi
1118 3090 1422 3149 homines
1460 3090 1520 3148 in
1558 3088 2020 3148 saecularibus
2069 3089 2484 3164 delinquunt,
2522 3089 2930 3160 transibunt,
2984 3088 3142 3162 quia
3189 3088 3523 3148 desideria
3573 3090 3708 3148 ista.

613 3199 681 3257 et
728 3196 892 3255 haec
943 3195 1524 3272 concupiscentiae
1581 3194 1719 3269 jam
1769 3200 1924 3253 tunc
1976 3195 2041 3252 in
2098 3193 2465 3251 novissimo
2515 3193 2621 3251 die
2671 3193 3129 3267 temporaliter
3176 3209 3325 3252 esse
3372 3193 3703 3266 desinent,

615 3303 927 3376 quoniam
967 3309 1122 3362 tunc
1157 3309 1429 3361 aeterna
1462 3301 1766 3372 aderunt3
1804 3299 1994 3358 verba
2028 3306 2251 3357 autem
2282 3317 2453 3369 mea,
2492 3297 2751 3356 scilicet
2784 3296 3089 3355 homines
3124 3298 3238 3373 qui
3274 3315 3390 3372 per
3417 3299 3708 3357 Verbum

613 3409 834 3467 Patris
884 3409 1092 3467 creati
1129 3413 1306 3475 sunt,
1344 3422 1473 3464 non
1508 3404 1912 3476 transibunt,
1950 3404 2106 3478 quia
2143 3417 2406 3477 semper
2459 3403 2522 3459 in
2558 3401 2953 3460 aeternitate
3003 3408 3227 3474 erunt,
3283 3403 3372 3462 ita
3408 3406 3479 3462 ut
3512 3403 3705 3462 bonis

618 3516 915 3589 praemia
948 3522 1010 3571 et
1051 3513 1243 3572 malis
1278 3528 1528 3587 poenae
1563 3512 1950 3570 debeantur.

2110 3754 2207 3813 IV.

1957 3988 2103 4045 Alio
2152 3987 2358 4043 modo,

708 4220 916 4278 Erunt
958 4220 1170 4293 siqua,
1212 4216 1471 4275 scilicet
1518 4214 1842 4274 miracula
1892 4215 1961 4270 in
1997 4212 2158 4280 sole,
2198 4211 2507 4269 videlicet
2554 4211 2616 4269 in
2652 4209 2805 4283 fide,
2859 4220 2918 4267 et
2958 4209 3146 4278 luna,
3187 4206 3248 4266 id
3284 4213 3387 4267 est
3422 4207 3702 4266 scientia

612 4323 928 4393 hominiS,
965 4327 1025 4381 et
1063 4323 1296 4395 stellis,
1335 4323 1596 4380 scilicet
1634 4321 1698 4378 in
1733 4319 2073 4378 intellectu
2110 4318 2277 4393 ejus,
2316 4327 2375 4375 et
2413 4320 2484 4375 in
2520 4309 2740 4388 terris,
2780 4317 3088 4374 videlicet
3132 4317 3196 4374 in
3230 4317 3514 4375 terrenis
3550 4332 3703 4374 cau-

614 4433 742 4503 siS‚
791 4450 1124 4507 pressura.
1165 4430 1226 4488 id
1262 4433 1364 4489 est
1398 4428 1873 4504 oppressiones
1920 4430 2246 4503 ymnum,
2285 4425 2542 4484 scilicet
2577 4426 2946 4484 carnalium
2980 4422 3697 4498 concupiscentiarum,

605 4555 769 4613 prae
806 4538 1210 4613 confusione,
1246 4534 1559 4594 videlicet
1586 4536 1786 4609 gustu
1821 4533 2073 4600 carniS,
2104 4535 2377 4604 sonitus,
2412 4531 2475 4589 id
2502 4538 2607 4589 est
2639 4532 3241 4606 concupiscentiae,
3270 4530 3478 4588 maris
3515 4527 3700 4586 volu·-

609 4641 817 4716 ptatis
869 4641 1142 4714 saeculi,
1180 4648 1239 4698 et
1274 4643 1619 4718 fluctuum,
1656 4639 1916 4698 scilicet
1951 4636 2290 4695 lasciviae.
2330 4635 2789 4695 Arescentibus
2839 4634 3207 4695 hominibus
3244 4635 3308 4692 in
3341 4630 3699 4692 dubitatio-

607 4765 686 4807 ne
738 4765 896 4824 prae
930 4749 1163 4807 timore
1193 4747 1483 4822 pavoris,
1524 4747 1614 4804 ita
1649 4752 1723 4805 ut
1757 4761 1875 4804 nec
1908 4745 2138 4817 Deum,
2176 4759 2296 4801 nec
2330 4741 2679 4801 Diabolum
2713 4742 3095 4800 discernere
3130 4743 3367 4813 sciant,
3405 4746 3465 4798 et
3503 4756 3700 4815 expe-

607 4856 917 4920 ctatione,
973 4851 1032 4909 id
1068 4857 1171 4910 est
1223 4851 1652 4925 inspectione,
1703 4868 1868 4926 quae
1920 4849 2399 4924 superveniunt
2438 4848 2955 4922 supercadentes
2987 4849 3294 4905 universo
3327 4842 3484 4916 orbi,
3524 4842 3700 4900 scili-

607 4964 711 5016 cet
747 4973 948 5032 super
996 4956 1351 5014 circuitum
1388 4955 1646 5013 animae
1694 4960 1759 5011 et
1794 4953 2129 5027 corporis,
2182 4951 2293 5009 ubi
2330 4951 2814 5025 comprehensa
2864 4955 2966 5008 est
3004 4950 3218 5008 omnis
3272 4946 3695 5006 sensualitas,

682 5185 722 5244 ¹)
750 5189 998 5236 secuntur
1025 5179 1105 5232 sic
1134 5176 1252 5232 cod.
1291 5174 1382 5229 vix
1415 5174 1646 5241 integer.
1679 5205 1742 5212 ---
1769 5173 1813 5234 ²)
1842 5171 2045 5227 Matth.
2078 5170 2181 5232 xl.
2219 5174 2297 5226 ¹2.
2330 5202 2394 5210 -
2421 5169 2456 5235 ³,
2494 5168 2530 5224 f.
2564 5168 2836 5240 praedixi.
2870 5201 2933 5208 —
2963 5168 3005 5232 ⁴)
3032 5166 3371 5222 excribentur
3399 5160 3519 5216 cod.
