4036 6117
689 463 777 523 34
1830 480 1880 523 s.
1944 476 2502 525 uitnsscminis

618 601 766 675 Ipse
816 615 1079 676 quoque
1129 597 1303 657 Deus
1352 613 1582 656 omnes
1619 603 1968 658 creaturas
2021 600 2458 659 rationalitati
2494 594 2538 676 1)
2593 598 2880 657 hominis
2930 597 3008 657 ad
3062 599 3431 673 perfectum
3481 613 3725 678 suppo·

620 706 777 778 suit,
815 720 986 780 quae
1020 719 1140 779 per
1174 704 1374 762 aliam
1408 704 1615 762 vitam
1651 720 1781 762 non
1815 706 2253 777 suscitantur,
2284 706 2413 763 nisi
2449 721 2567 779 per
2601 705 2785 762 illam
2811 720 2981 777 quae
3017 705 3145 763 sibi
3174 722 3212 763 a
3244 704 3377 764 Deo
3403 706 3559 765 data
3592 713 3722 767 est.

620 809 741 866 Sed
781 808 1197 867 infidelitatis
1248 807 1650 881 imaginibus
1687 807 1986 866 infideles
2036 810 2244 866 vitam
2278 807 2715 883 despondent,
2750 823 2952 883 quam
3000 807 3100 865 eis
3133 806 3309 867 Deus
3343 825 3473 869 non
3519 808 3724 869 dedit.

619 913 785 971 Nam
822 914 888 971 in
922 912 1306 971 simulacris
1339 927 1509 986 opus
1545 910 1835 971 hominis
1871 913 2073 971 vitale
2109 929 2237 971 non
2271 918 2399 987 est,
2438 912 2555 971 sed
2590 918 2850 971 tantum
2885 911 3060 971 facta
3094 918 3161 972 et
3208 913 3472 988 depicta
3508 913 3727 973 forma

626 1017 690 1075 in
725 1022 1002 1090 argento
1053 1021 1118 1073 et
1154 1016 1221 1073 in
1270 1031 1432 1073 auro
1481 1021 1608 1088 est,
1660 1016 1816 1090 quia
1860 1014 2163 1074 homines
2212 1016 2733 1075 rationalitatem
2783 1031 2974 1074 suam
3007 1016 3191 1075 velut
3224 1021 3604 1090 argentum,
3654 1021 3724 1075 et

623 1122 974 1180 scientiam
1010 1135 1200 1179 suam
1249 1120 1432 1178 velut
1476 1136 1736 1193 aurum,
1775 1120 1840 1178 in
1889 1136 2089 1195 opere
2138 1136 2452 1179 manuum
2491 1136 2766 1179 suarum
2800 1120 3442 1181 contaminaverunt.
3475 1121 3549 1181 In
3591 1121 3728 1181 ista

619 1224 797 1282 enim
831 1227 1213 1281 aeramenta
1246 1220 1565 1280 Diabolus
1600 1223 1827 1280 flatum
1865 1239 2060 1281 suum
2097 1224 2323 1295 mittit,
2368 1224 2682 1299 quoniam
2716 1223 2920 1281 Deum
2973 1223 3055 1282 ab
3093 1223 3281 1283 initio
3315 1225 3608 1300 negavit3
3647 1240 3729 1284 ac

620 1331 688 1388 in
721 1330 820 1389 eis
852 1327 1061 1387 Deum
1097 1343 1170 1385 se
1202 1343 1354 1385 esse
1386 1327 1571 1400 dicit,
1609 1334 1674 1385 et
1710 1327 1807 1385 sic
1842 1328 2096 1403 absque
2147 1329 2299 1385 visu
2332 1328 2638 1401 visioniS,
2675 1334 2742 1386 et
2776 1327 3030 1403 absque
3065 1329 3395 1403 sapientia
3439 1328 3728 1389 auditio-

618 1435 747 1507 niS‚
784 1439 852 1493 et
884 1433 1138 1507 absque
1189 1431 1530 1489 intellectu
1564 1431 1906 1505 odoratuS,
1942 1438 2009 1490 et
2058 1432 2313 1507 absque
2349 1433 2537 1491 vitali
2572 1448 2749 1505 aere,
2786 1439 2852 1491 et
2887 1432 3142 1508 absque
3190 1434 3555 1509 spiramine
3589 1434 3728 1510 spi-

620 1540 831 1598 raculi
865 1540 1045 1598 vitae
1085 1538 1146 1595 in
1180 1536 1280 1594 eis
1331 1540 1524 1594 sonat
1554 1533 1628 1613 ⁶²).
1666 1535 1790 1593 Sed
1827 1537 1891 1593 in
1926 1536 2236 1594 omnibus
2272 1537 2377 1596 his
2410 1536 2728 1595 Diabolus
2760 1536 3010 1594 nullam
3047 1537 3568 1611 possibilitatem
3610 1537 3729 1597 ha-

616 1643 750 1715 bet,
787 1641 959 1700 unde
993 1621 1058 1699 et
1109 1655 1180 1698 se
1218 1640 1283 1697 in
1317 1655 1622 1713 magnam
1671 1638 2130 1698 confusionem
2164 1640 2370 1715 ducit,
2407 1641 2722 1716 quoniam
2760 1640 2822 1698 in
2871 1641 2971 1698 eis
3007 1640 3294 1700 ludibria
3339 1658 3462 1701 sua
3495 1648 3719 1717 parat,

619 1749 873 1807 cumin
921 1748 1020 1805 eis
1053 1740 1101 1823 ³)
1140 1745 1392 1803 nullam
1442 1744 1961 1819 possibilitatem
2010 1744 2276 1817 habeat,
2328 1744 2886 1820 quemadmodum
2933 1746 3138 1804 etiam
3171 1760 3291 1804 nec
3340 1744 3563 1820 hom0‚
3602 1745 3724 1806 sed

619 1859 877 1913 tantum
914 1853 979 1909 in
1028 1851 1413 1909 seductione
1450 1850 1738 1909 hominis
1787 1849 2052 1924 gaudet.
2089 1850 2252 1908 Nam
2296 1851 2352 1908 si
2387 1849 2704 1909 Diabolus
2739 1850 3260 1925 possibilitatem
3304 1851 3370 1909 in
3404 1851 3726 1926 operibus

626 1959 967 2018 hominum
1025 1956 1388 2015 secundum
1420 1956 1831 2014 voluntatem
1882 1972 2074 2013 suam
2111 1954 2408 2029 haberet,
2465 1956 2575 2014 illa
2610 1957 2785 2014 sicut
2832 1954 3009 2013 Deus
3059 1955 3124 2013 in
3158 1956 3361 2014 aliam
3409 1961 3725 2015 naturam

618 2071 1063 2139 converteret,
1116 2063 1444 2138 quomodo
1494 2064 1697 2120 etiam
1731 2062 1905 2119 Deus
1956 2062 2186 2119 limum
2240 2069 2456 2121 terrae
2494 2063 2557 2120 in
2593 2063 2794 2120 aliam
2827 2067 3134 2120 naturam
3169 2063 3530 2131 convertit,
3566 2078 3725 2123 cum

620 2172 953 2231 hominem
987 2171 1067 2228 de
1106 2170 1260 2228 limo
1299 2168 1635 2227 formavit.
1662 2167 1741 2224 Et
1775 2183 1925 2224 cum
1963 2166 2158 2224 homo
2195 2183 2396 2242 opera
2423 2184 2543 2226 sua
2571 2183 2692 2242 pro
2719 2166 2852 2225 Deo
2887 2172 3253 2241 computat,
3282 2167 3477 2242 quasi
3510 2165 3726 2227 Deum

620 2292 771 2334 esse
804 2275 1086 2346 nesciat,
1126 2278 1283 2330 tunc
1318 2272 1700 2329 simulacris
1728 2270 2168 2343 assimilatum
2205 2272 2520 2346 quoniam
2556 2272 2622 2328 in
2655 2271 2754 2329 eis
2781 2271 3074 2344 confidit,
3104 2276 3172 2330 et
3204 2271 3520 2347 quoniam
3554 2269 3726 2330 haec

618 2380 1026 2440 existimatio
1081 2378 1367 2437 hominis
1405 2393 1585 2435 mors
1633 2382 1737 2434 est
1773 2378 1915 2434 sine
1964 2377 2143 2434 omni
2179 2378 2394 2450 gratia
2429 2377 2652 2451 operis
2698 2375 2838 2447 Dei,
2877 2378 2968 2435 ita
3003 2377 3181 2453 quod
3217 2377 3423 2437 etiam
3474 2378 3569 2437 illi
3605 2378 3727 2453 qui

619 2485 683 2544 in
718 2485 817 2542 eis
853 2499 1041 2558 spem
1078 2496 1267 2539 suam
1304 2485 1579 2556 ponunt,
1619 2495 1769 2538 cum
1802 2479 2080 2539 Diabolo
2118 2480 2182 2537 in
2216 2480 2660 2538 exterioribus
2699 2478 2992 2540 tenebris
3027 2480 3532 2555 permanebunt.

2068 2685 2275 2747 LXVI.

1572 2896 1651 2957 In
1699 2895 2094 2976 infidelitate
2144 2914 2331 2954 omne
2380 2898 2616 2955 vitium
2663 2904 2782 2957 est.

706 3113 810 3175 79.
860 3112 1043 3184 Quod
1080 3116 1302 3168 autem
1338 3108 1404 3166 in
1451 3107 1683 3165 eadem
1717 3107 1959 3174 nebula
1992 3106 2260 3163 diversa
2289 3101 2337 3183 ⁴)
2375 3122 2618 3180 genera
2668 3106 2986 3166 vitiorum
3024 3108 3089 3165 in
3134 3105 3535 3182 imaginibus
3571 3109 3725 3169 suis

608 3219 820 3293 videS,
858 3217 983 3277 hoc
1016 3222 1119 3274 est
1169 3212 1345 3289 quod
1382 3213 1445 3269 in
1496 3210 1886 3269 infidelitate
1935 3225 2128 3266 omne
2179 3225 2388 3282 genus
2436 3211 2755 3269 vitiorum
2790 3225 2941 3267 cum
2991 3210 3168 3268 omni
3213 3211 3535 3269 comitatu
3586 3227 3717 3272 suo

612 3332 739 3399 est,
792 3324 1102 3401 quoniam
1154 3321 1267 3395 qui
1317 3318 1511 3377 fidem
1560 3334 1689 3376 non
1739 3315 1960 3389 habet,
2014 3317 2191 3374 omni
2247 3316 2413 3374 bono
2464 3322 2667 3375 caret.
2701 3316 2792 3374 Ex
2837 3316 3083 3390 quibus
3132 3322 3389 3392 septem
3425 3316 3489 3374 in
3536 3313 3721 3376 hunc

614 3429 884 3487 modum
917 3424 1329 3494 consideras,
1367 3421 1524 3495 quia
1560 3419 1899 3494 plenitudo
1935 3435 2164 3477 eorum
2202 3418 2267 3477 in
2301 3418 2936 3479 commutationibus
2972 3418 3116 3477 suis
3150 3417 3274 3476 tibi
3308 3415 3718 3491 ostenditur,

611 3550 740 3593 non
776 3538 998 3591 autem
1033 3528 1207 3604 quod
1246 3529 1335 3586 ita
1370 3528 1435 3585 in
1489 3525 1723 3583 formis
1760 3525 1901 3583 suis
1953 3526 2108 3596 sint,
2150 3523 2264 3581 sed
2302 3524 2478 3599 quod
2513 3523 3035 3598 significationes
3084 3540 3315 3583 eorum
3350 3522 3476 3582 hoc
3520 3521 3725 3583 modo

608 3636 1148 3706 manifestantur,
1200 3631 1515 3706 quoniam
1549 3629 1867 3687 Diabolus
1918 3628 2127 3688 multa
2171 3628 2394 3703 jacula
2443 3629 2913 3703 perversitatis
2963 3627 3238 3701 habens,
3279 3627 3616 3685 hominem
3651 3627 3722 3686 in

614 3746 835 3802 lacum
867 3736 1263 3814 perditionis
1302 3735 1566 3793 mittere
1602 3734 1858 3792 nititur.
2629 3731 2639 3743 ’

2044 3941 2282 4001 LXVII.

1820 4153 1911 4212 De
1961 4170 2180 4210 amore
2232 4152 2499 4211 saeculi.

694 4369 800 4429 80.
851 4366 1033 4428 Unde
1082 4366 1297 4440 prima
1335 4363 1552 4436 imago
1604 4378 1899 4421 amorem
1936 4361 2185 4419 saeculi
2223 4359 2554 4435 designat,
2589 4355 2636 4438 ⁵)
2674 4360 2830 4436 quia
2867 4362 3182 4438 antiquus
3233 4357 3551 4420 seductor
3577 4356 3717 4437 pri-

601 4475 806 4532 mitus
841 4486 1136 4530 amorem
1187 4467 1634 4526 saecularium
1672 4465 2052 4523 bominibus
2107 4461 2479 4536 infundens,
2516 4480 2633 4522 eos
2682 4466 2886 4523 etiam
2936 4465 3017 4523 ad
3054 4471 3319 4524 caetera
3366 4465 3532 4524 vitia
3561 4479 3716 4540 per-

601 4578 805 4636 ducit.
840 4576 919 4634 Et
954 4573 1117 4632 haec
1155 4571 1437 4631 sormam
1469 4567 1516 4647 6“)
1557 4570 1846 4628 bominis
1881 4574 1947 4626 et
1982 4567 2396 4642 nigredinem
2429 4567 2764 4643 AEtbiopis
2815 4567 3038 4642 habet,
3076 4569 3391 4643 quoniam
3425 4567 3714 4627 carnali-

600 4682 726 4740 bus
760 4679 1119 4739 desideriis
1156 4677 1441 4751 pleniter
1475 4690 1545 4732 se
1583 4674 1959 4748 implicanS‚
1996 4671 2253 4729 nullum
2291 4670 2736 4746 splendorem,
2773 4686 2894 4729 nec
2928 4671 3135 4729 ullam
3185 4670 3561 4730 claritatem
3594 4667 3714 4729 ha·-

598 4785 757 4844 bere
805 4783 1166 4842 desiderat.
1205 4779 1389 4839 Nuda
1439 4793 1705 4853 quoque
1740 4783 1927 4836 stans
1977 4775 2274 4835 brachiis
2309 4790 2386 4834 ac
2420 4774 2732 4834 cruribus
2770 4775 2941 4846 suiS,
2980 4775 3289 4834 arborem
3325 4774 3451 4834 sub
3500 4774 3711 4834 ramis

629 5037 633 5041 ,
676 4973 718 5036 ¹)
746 4970 1127 5027 rationalitate
1152 4968 1243 5022 W.
1269 4998 1336 5006 —
1357 4967 1401 5030 2)
1430 4970 1624 5020 sonant
1645 4964 1709 5018 Α.
1738 4992 1805 5002 —-
1831 4961 1874 5028 ³)
1901 4980 2020 5016 cum
2044 4964 2121 5017 eis
2197 4962 2423 5024 transit,
2452 4967 2892 5032 constanterque
2918 4978 3083 5035 porro
3113 4960 3193 5015 ita
3212 4960 3445 5017 disserit
3468 4976 3566 5034 per
3591 4960 3705 5016 vn

602 5059 670 5115 Α.
718 5090 785 5098 -
823 5058 866 5122 ⁴)
905 5059 1111 5128 diffusa
1150 5055 1219 5115 A.
1261 5052 1493 5123 paulum
1535 5049 1799 5117 ambigua
1839 5047 2120 5120 scriptura
2197 5048 2393 5110 libroS,
2423 5065 2752 5120 semperque
2780 5048 3049 5117 magistra
3078 5052 3194 5101 tam
3221 5046 3282 5102 in
3309 5046 3507 5102 morali
3528 5062 3704 5117 quam

606 5146 667 5200 in
712 5145 800 5199 W.
854 5174 921 5182 -
969 5144 1009 5206 δ)
1056 5143 1105 5194 Α
1147 5155 1204 5192 re
1250 5136 1570 5205 dogmatica
1618 5140 1772 5189 vates
1817 5135 1885 5188 ad
1931 5134 2121 5189 ethica
2201 5135 2258 5189 in
2288 5135 2606 5204 theologico
2631 5136 2827 5191 ordine
2854 5140 3121 5207 praestat.
3152 5135 3289 5202 —⁶)
3315 5136 3494 5206 soma
3519 5133 3586 5187 A.
