4036 6117
642 450 772 511 270
1782 472 1836 517 s,
1897 472 2453 520 uxLDEGAnnls

575 584 987 660 operandum
1034 594 1332 666 parataS,
1383 592 1449 649 et
1482 588 1645 650 dicit
1697 590 1851 650 illis:
1907 592 2079 664 Quid
2126 596 2230 653 hic
2278 596 2464 653 statis
2515 591 2841 662 vacand0‚
2892 599 3027 653 tola
3060 592 3168 653 die
3202 594 3427 655 otiosi?
3461 594 3522 654 id
3560 597 3676 653 est

565 694 924 765 postquam
973 693 1184 751 creati
1225 693 1415 767 estiS,
1469 693 1633 752 nihil
1684 694 2040 770 operando,
2093 696 2335 755 Dicunt
2386 699 2447 755 ei
2499 697 2653 756 illae
2701 702 3052 756 creaturae
3102 703 3170 757 et
3219 696 3436 756 homo:
3492 698 3675 769 Quia

570 809 763 850 nemo
810 811 925 853 nos
982 797 1333 871 conduxit,
1386 798 1657 874 aliquod
1705 816 1872 874 opus
1920 800 2114 858 nobis
2164 800 2591 875 ostendendo,
2646 801 2823 877 quod
2875 801 3093 861 facere
3140 804 3499 877 possimus,
3551 803 3678 861 Di-

573 897 660 955 cit
709 896 847 956 illis
895 897 1091 958 Deus:
1144 900 1242 958 Ite
1292 907 1355 959 et
1389 919 1495 960 vos
1547 905 1616 961 in
1667 905 1954 972 vineam,
2010 902 2074 961 id
2123 904 2327 962 estin
2378 904 2717 979 mundum,
2772 911 2844 964 ut
2893 905 3260 980 operemini
3295 904 3673 963 secundum

574 999 753 1073 quod
787 1000 979 1060 vobis
1015 1004 1356 1063 constitui.

669 1103 832 1162 Cum
881 1122 1023 1163 sero
1055 1112 1279 1166 autem
1324 1110 1580 1185 factum
1612 1115 1817 1183 esset,
1868 1108 2130 1170 scilicet
2162 1117 2517 1187 postquam
2550 1111 2771 1171 omnia
2819 1116 3047 1171 creata
3080 1117 3257 1185 sunt,
3308 1116 3382 1170 ut
3413 1110 3676 1169 dictum

573 1208 697 1263 est:
739 1223 771 1263 ot
803 1206 1308 1285 complevitque
1355 1209 1531 1271 Deus
1578 1211 1685 1271 die
1734 1213 2021 1288 septimo
2071 1229 2237 1287 opus
2287 1230 2483 1273 suum
2530 1214 2707 1289 quod
2758 1213 3030 1289 fecerat,
3065 1233 3097 1271 x·
3144 1215 3307 1274 dicit
3354 1215 3671 1273 dominus

575 1311 803 1369 vineae
845 1317 1263 1387 procuratori
1297 1333 1434 1390 suc,
1471 1316 1729 1375 scilicet
1763 1316 1961 1377 Adae:
2008 1317 2167 1378 Voca
2212 1321 2569 1395 operariOS,
2605 1319 2920 1380 videlicet
2952 1320 3257 1379 diversas
3292 1327 3667 1391 creaturaS,

575 1418 650 1474 ut
699 1415 1024 1491 scriptum
1056 1419 1192 1479 est:
1250 1438 1281 1478 α
1319 1419 1652 1480 Formatis
1687 1421 1893 1496 igitur
1938 1421 2259 1482 Dominus
2293 1422 2469 1484 Deus
2517 1423 2599 1482 de
2647 1423 2849 1484 humo
2898 1424 3159 1484 cunctis
3208 1424 3668 1483 animantibus

575 1523 795 1579 terrae
843 1526 910 1580 et
943 1522 1278 1582 universis
1325 1525 1715 1585 volatilibus
1749 1526 1940 1600 coeli,
1977 1526 2252 1586 adduxit
2283 1543 2363 1587 ea
2398 1528 2479 1587 ad
2512 1527 2750 1597 Adam,
2788 1533 2860 1587 ut
2891 1526 3151 1588 videret
3194 1528 3354 1604 quid
3392 1533 3669 1587 vocaret

576 1638 675 1683 ea.
709 1642 741 1680 x·
781 1623 863 1684 Et
911 1627 1112 1686 redde
1147 1628 1285 1686 illis
1326 1629 1720 1702 mercedem,
1759 1628 1823 1689 id
1858 1632 1962 1690 est
1996 1630 2262 1706 injunge
2309 1631 2445 1691 illis
2481 1631 2704 1692 officia
2739 1646 2860 1691 sua
2895 1644 3049 1690 cum
3080 1630 3463 1689 nominibus
3498 1630 3663 1703 suis,

575 1728 735 1804 quia
762 1745 914 1789 cum
948 1733 1296 1791 creaturae
1333 1732 1399 1791 in
1433 1733 1652 1792 lucido
1690 1749 1843 1792 aere
1876 1740 2127 1808 essent,
2169 1734 2465 1810 injuncta
2500 1734 2630 1794 sibi
2657 1739 2848 1794 erant
2871 1728 2918 1813 ¹)
2956 1732 3177 1794 officia
3209 1750 3333 1793 sua
3368 1749 3540 1808 quae
3573 1732 3664 1792 fa-

579 1837 810 1892 cturae
844 1839 1055 1894 erant.
1090 1835 1164 1895 In
1198 1838 1691 1912 trasgressione
1726 1843 1948 1897 autem
1983 1839 2187 1914 Adae,
2219 1840 2437 1898 ierunt
2471 1854 2623 1898 cum
2654 1854 2733 1899 eo
2771 1838 2835 1898 in
2870 1838 3223 1899 turbinem.
3263 1839 3595 1915 Incipiens
3625 1858 3666 1897 a

578 1940 971 2015 novissimis,
1010 1939 1074 2000 id
1107 1945 1212 2000 est
1243 1958 1282 2000 a
1331 1941 1570 2002 bestiis
1604 1948 1670 2001 et
1703 1942 2085 2017 pecoribus,
2121 1958 2292 2019 quae
2326 1958 2477 2002 cum
2511 1942 2777 2002 homine
2812 1949 3079 2002 creatae
3112 1948 3290 2016 sunt,
3325 1941 3484 2017 quia
3517 1947 3661 2015 post

580 2042 751 2103 alias
800 2050 1145 2105 creaturas
1181 2044 1358 2105 facta
1406 2052 1582 2121 sunt,
1619 2066 1828 2125 usque
1877 2048 1964 2106 ad
1998 2050 2290 2125 primos,
2343 2047 2605 2107 scilicet
2638 2046 2721 2106 ad
2770 2047 2922 2105 illas
2957 2061 3128 2122 quae
3176 2044 3366 2120 prius
3400 2050 3658 2103 creatae

578 2152 754 2207 sunt.
805 2147 1007 2219 Quasi
1040 2149 1312 2210 diceret:
1366 2150 1507 2209 Illis
1543 2166 1714 2227 quae
1764 2150 1887 2209 tibi
1920 2151 2136 2226 magis
2185 2151 2671 2225 assimilantur,
2708 2156 2775 2209 et
2823 2157 3043 2210 tecum
3080 2150 3148 2209 in
3180 2155 3363 2208 terra
3396 2164 3662 2209 conver-

581 2256 840 2327 santur,
876 2254 943 2311 et
975 2268 1145 2328 quae
1179 2254 1382 2313 etiam
1419 2257 1637 2314 tecum
1673 2260 1899 2315 creata
1934 2262 2113 2329 sunt,
2152 2254 2375 2315 officia
2410 2272 2531 2315 sua
2576 2254 2943 2314 secundum
2976 2258 3285 2313 naturam
3318 2259 3503 2313 tuam
3535 2251 3661 2327 pri·

578 2370 763 2415 mum
814 2356 1097 2432 impone,
1149 2359 1217 2417 et
1263 2360 1420 2417 tunc
1469 2359 1604 2418 illis
1652 2375 1823 2435 quae
1871 2361 2163 2435 primum
2215 2359 2280 2418 in
2327 2359 2665 2419 creatione
2715 2358 3252 2433 praecesserunt,
3288 2361 3356 2415 et
3388 2370 3559 2432 quae
3601 2356 3662 2413 in

579 2465 824 2520 natura
856 2476 978 2521 sua
1011 2461 1132 2521 tibi
1165 2460 1603 2523 dissimiliora
1640 2466 1815 2539 sunt,
1853 2463 2075 2525 officia
2111 2480 2233 2524 sua
2267 2463 2563 2524 ostende.

678 2563 842 2624 Cum
889 2566 1218 2625 venissent
1267 2584 1417 2645 erqo
1464 2566 1905 2645 procedendO,
1956 2569 2072 2647 qui
2120 2570 2295 2629 eirca
2326 2567 2749 2628 undecimam
2796 2571 3024 2629 horam
3080 2572 3419 2640 venerant,
3474 2565 3537 2625 id
3570 2568 3664 2623 est

584 2665 702 2742 qui
734 2666 803 2725 in
837 2668 1073 2728 ultima
1106 2672 1468 2747 creatione,
1507 2671 1764 2731 scilicet
1800 2671 1866 2731 in
1900 2678 2088 2732 sexto
2122 2672 2229 2732 die
2262 2688 2412 2732 cum
2448 2670 2713 2732 homine
2747 2674 3241 2748 processerunt,
3276 2674 3659 2746 aeceperunt

586 2770 833 2847 sinquli
882 2772 1212 2849 denariae,
1249 2774 1562 2834 videlicet
1612 2775 1876 2851 singula
1922 2775 2148 2835 officia
2196 2776 2562 2836 secundum
2594 2781 2904 2836 naturam
2956 2790 3169 2848 suam,
3206 2780 3281 2834 ut
3331 2772 3665 2833 silvestria

587 2879 818 2933 essent
849 2875 919 2936 in
952 2876 1144 2951 silva,
1180 2876 1549 2937 domestica
1581 2893 1741 2938 vero
1778 2878 1842 2937 in
1877 2894 2033 2937 rure
2069 2895 2218 2938 cum
2256 2878 2542 2939 homine.

683 2977 1027 3040 Venientes
1076 2987 1301 3041 autem
1349 2982 1415 3041 in
1466 2981 1862 3042 adductione
1898 2982 1980 3042 ad
2029 2982 2263 3060 Adam,
2300 2990 2363 3042 et
2406 2985 2618 3062 primi
2651 2984 2767 3058 qui
2816 2985 3004 3060 prius
3042 2984 3106 3042 in
3155 2982 3493 3042 creatione
3525 2996 3667 3056 pro-

583 3091 966 3162 cesserant,
1020 3092 1091 3147 ut
1138 3087 1450 3147 volucres
1500 3092 1566 3146 et
1602 3087 1872 3162 similia,
1925 3087 2235 3147 arbitrati
2285 3094 2438 3149 sunt
2492 3090 2558 3148 in
2607 3089 3075 3149 aestimatione
3123 3104 3268 3162 sua,
3304 3086 3475 3165 quod
3518 3087 3666 3162 plus

586 3192 802 3247 essent
853 3192 1211 3266 accepturi,
1265 3189 1524 3250 scilicet
1573 3195 1645 3249 ut
1678 3196 1745 3250 et
1796 3190 1861 3250 in
1910 3207 2066 3251 aere
2113 3190 2442 3266 volarent,
2495 3196 2563 3251 et
2610 3207 2762 3250 cum
2811 3190 3078 3251 homine
3126 3190 3196 3249 in
3242 3194 3423 3249 terra
3475 3189 3663 3261 irent,

587 3290 747 3366 quia
782 3291 1103 3367 majorem
1152 3294 1670 3368 possibilitatem
1708 3294 1776 3354 in
1823 3293 1927 3354 his
1962 3311 2164 3370 quam
2212 3311 2456 3372 pecora
2491 3294 2835 3355 haberent.
2889 3296 3303 3372 Acceperunt
3352 3299 3576 3352 autem
3607 3297 3664 3349 et

586 3395 717 3471 ipsi
766 3396 1053 3473 sinqulos
1098 3399 1427 3473 denarios,
1478 3397 1792 3459 videlicet
1842 3414 2045 3459 unum
2095 3398 2392 3459 officium
2440 3399 2808 3458 secundum
2855 3404 3167 3459 naturam
3216 3415 3431 3472 suam,
3470 3398 3536 3458 id
3568 3402 3669 3456 est

587 3498 901 3558 volucres
948 3500 1240 3575 volandi,
1276 3502 1498 3577 pisces
1546 3501 1840 3577 natandi,
1879 3502 2055 3562 sicut
2088 3508 2155 3561 et
2187 3502 2426 3562 bestiis
2461 3519 2663 3562 unum
2701 3502 2997 3562 officium
3031 3503 3260 3563 datum
3293 3504 3398 3562 est
3444 3502 3514 3561 in
3545 3507 3673 3560 ter-

587 3619 666 3664 ra
713 3604 932 3664 eundi.
984 3605 1069 3664 Et
1114 3608 1511 3683 accipientes
1559 3607 1783 3690 officia
1831 3622 1975 3681 sua,
2027 3607 2532 3668 murmurabant
2585 3609 2651 3667 in
2683 3607 3150 3668 aestimatione
3198 3624 3320 3667 sua
3361 3607 3672 3667 adversus

581 3713 849 3786 patrem
903 3710 1223 3786 familias,
1276 3710 1536 3770 scilicet
1584 3711 1968 3771 Creatorem
2016 3726 2235 3784 suum,
2286 3711 2603 3772 dicentes:
2655 3712 2741 3772 Hi
2795 3713 3133 3772 novissimi
3182 3711 3297 3787 qui
3351 3712 3503 3786 post
3559 3724 3676 3768 nos

594 3813 805 3872 creati
841 3818 1035 3887 sunt,
1085 3818 1160 3872 ut
1192 3829 1473 3888 pecora,
1523 3832 1728 3874 unam
1760 3818 1989 3875 horam
2017 3817 2351 3893 fecerunt,
2388 3816 2546 3892 quia
2580 3817 2646 3875 in
2694 3815 3031 3875 creatione
3086 3832 3209 3874 sua
3241 3813 3675 3890 procedentes

588 3917 844 3978 nullam
877 3918 1078 3978 aliam
1112 3926 1492 3979 creaturam
1525 3926 1678 3995 post
1712 3936 1785 3980 se
1833 3920 2213 3993 creandam,
2251 3922 2426 3980 sicut
2474 3922 2735 3995 priores
2780 3926 3152 3994 creaturae,
3190 3919 3672 3990 sustinuerunt,

589 4029 657 4083 et
682 4042 880 4102 pares
929 4024 1077 4082 illos
1111 4022 1290 4084 nobis
1336 4025 1658 4102 fecistiin
1707 4025 2005 4100 plenario
2041 4024 2261 4084 officio
2308 4029 2588 4084 naturae
2625 4039 2788 4083 suae
2820 4025 2887 4084 et
2911 4040 3042 4083 non
3073 4023 3445 4096 dimidiato,
3480 4037 3675 4098 pares

593 4128 856 4188 scilicet
904 4129 969 4187 in
1003 4130 1275 4204 pascuis
1325 4129 1535 4189 solius
1569 4135 1789 4189 terrae
1812 4176 1828 4203 ,
1881 4129 2193 4205 quoniam
2230 4134 2296 4188 et
2344 4129 2656 4188 volucres
2689 4134 2755 4187 et
2787 4143 3030 4203 pecora
3062 4132 3130 4186 et
3165 4127 3464 4203 reliquae
3497 4141 3676 4185 crea-

591 4237 786 4291 turae
835 4233 915 4291 de
965 4234 1110 4293 sola
1159 4240 1339 4294 terra
1389 4251 1619 4294 omnes
1669 4234 1870 4293 simul
1917 4239 2316 4309 pascuntur,
2367 4235 2483 4310 qui
2532 4234 2944 4309 portavimus
2986 4232 3248 4308 pondus
3297 4229 3567 4290 volandi
3614 4233 3679 4287 et

596 4335 796 4395 eundi
832 4337 895 4394 in
929 4338 1395 4397 aestimatione
1444 4343 1699 4412 nostra,
1736 4337 1894 4414 quid
1948 4337 2247 4397 facturae
2280 4353 2615 4407 essemus,
2666 4337 2825 4410 diei,
2860 4337 2928 4395 id
2962 4342 3068 4395 est
3099 4340 3366 4410 tempus
3413 4349 3679 4410 proces-

594 4438 808 4500 sionis
856 4447 1148 4515 nostrae,
1184 4446 1247 4499 et
1295 4450 1538 4516 aestus,
1576 4442 1838 4502 scilicet
1870 4441 2059 4516 solie,
2097 4442 2314 4516 lunae,
2350 4444 2417 4501 et
2450 4440 2982 4500 vicissitudinem
3016 4440 3301 4499 aliarum
3345 4444 3681 4499 creatura-

596 4557 750 4606 rum
784 4544 1336 4620 subsequentium
1369 4562 1512 4606 noS.

691 4647 774 4706 At
823 4646 939 4706 ille
987 4648 1389 4724 respondens
1435 4651 1557 4708 uni
1591 4666 1839 4725 eorum,
1886 4650 2202 4711 videlicet
2235 4656 2582 4710 creaturae
2617 4664 2787 4726 quae
2822 4665 2951 4708 una
2998 4654 3103 4708 est
3137 4648 3220 4708 ab
3256 4665 3384 4708 uno
3420 4649 3683 4709 Creato-

601 4767 698 4826 re,
748 4752 950 4812 diaeit:
988 4753 1235 4828 Amice,
1266 4754 1641 4830 jussionem
1674 4771 1891 4816 meam
1931 4756 2356 4832 perficiendo,
2392 4773 2525 4815 non
2558 4757 2731 4833 facio
2764 4754 2880 4815 tibi
2913 4753 3258 4830 injuriam,
3297 4754 3415 4814 sed
3448 4754 3530 4814 do
3566 4754 3681 4814 tibi

602 4856 898 4918 officium
952 4864 1160 4933 tuum,
1212 4860 1579 4919 secundum
1607 4860 1864 4936 justum
1913 4861 2205 4935 modum,
2256 4877 2338 4920 ne
2385 4877 2769 4920 mensuram
2804 4866 2988 4919 tuam
3034 4858 3495 4931 transcendaS,
3535 4859 3683 4934 plus

676 5059 720 5126 ι)
748 5063 857 5118 eibi
878 5066 957 5119 eis
979 5066 1158 5134 officia
1181 5064 1301 5120 cod.
1332 5051 1570 5128 absone,
1593 5065 1652 5121 in
1681 5066 1801 5121 loco
1838 5071 1927 5121 sat
1967 5064 2102 5120 insi·
2192 5080 2305 5127 mo.
2333 5069 2400 5120 ut
2424 5064 2565 5122 alibi
2593 5081 2705 5121 non
2731 5065 2925 5126 semel,
2952 5062 3175 5133 egregie
3199 5066 3366 5119 ornat
3390 5067 3449 5118 et
3489 5074 3713 5130 exagge-

608 5154 729 5226 gni,
758 5153 857 5211 ubi
885 5153 1235 5227 prophetissa
1262 5157 1472 5210 statum
1499 5151 1860 5246 innocentiae
1881 5151 1943 5207 in
1962 5151 2105 5207 Ada-
2195 5157 2300 5207 rat.
