<?xml version="1.0" encoding="UTF-8"?>
<!DOCTYPE html PUBLIC "-//W3C//DTD XHTML 1.0 Transitional//EN"
    "http://www.w3.org/TR/xhtml1/DTD/xhtml1-transitional.dtd">
<html xmlns="http://www.w3.org/1999/xhtml" xml:lang="en" lang="en">
 <head>
  <title>
</title>
<meta http-equiv="Content-Type" content="text/html;charset=utf-8" />
  <meta name='ocr-system' content='tesseract 3.04.00' />
  <meta name='ocr-capabilities' content='ocr_page ocr_carea ocr_par ocr_line ocrx_word'/>
</head>
<body>
  <div class='ocr_page' id='page_1' title='image "analectasacrasp05pitrgoog_0483.png"; bbox 0 0 4036 6117; ppageno 0'>
   <div class='ocr_carea' id='block_1_1' title="bbox 1584 488 3293 555">
    <p class='ocr_par' dir='ltr' id='par_1_1' title="bbox 1584 488 3293 555">
     <span class='ocr_line' id='line_1_1' title="bbox 1584 488 3293 555; baseline -0.004 -1"><span class='ocrx_word' id='word_1_1' title='bbox 1584 509 2056 555; x_wconf 65' lang='lat' dir='ltr'>ErisToLAss.</span> <span class='ocrx_word' id='word_1_2' title='bbox 3164 488 3293 548; x_wconf 60' lang='lat'>425</span> 
     </span>
    </p>
   </div>
   <div class='ocr_carea' id='block_1_2' title="bbox 257 620 3365 2149">
    <p class='ocr_par' dir='ltr' id='par_1_2' title="bbox 257 620 3365 2149">
     <span class='ocr_line' id='line_1_2' title="bbox 257 620 3363 708; baseline -0.002 -19"><span class='ocrx_word' id='word_1_3' title='bbox 257 643 400 706; x_wconf 72' lang='lat' dir='ltr'>qua</span> <span class='ocrx_word' id='word_1_4' title='bbox 421 620 477 708; x_wconf 66' lang='lat'>¹)</span> <span class='ocrx_word' id='word_1_5' title='bbox 513 633 580 689; x_wconf 89' lang='lat' dir='ltr'>et</span> <span class='ocrx_word' id='word_1_6' title='bbox 615 627 923 688; x_wconf 85' lang='lat' dir='ltr'>inimicos</span> <span class='ocrx_word' id='word_1_7' title='bbox 971 627 1123 687; x_wconf 92' lang='lat' dir='ltr'>odio</span> <span class='ocrx_word' id='word_1_8' title='bbox 1160 626 1414 698; x_wconf 87' lang='lat' dir='ltr'>haberi,</span> <span class='ocrx_word' id='word_1_9' title='bbox 1468 632 1534 685; x_wconf 92' lang='lat' dir='ltr'>et</span> <span class='ocrx_word' id='word_1_10' title='bbox 1568 628 1752 703; x_wconf 88' lang='lat' dir='ltr'>quali</span> <span class='ocrx_word' id='word_1_11' title='bbox 1802 628 1954 702; x_wconf 87' lang='lat' dir='ltr'>quis</span> <span class='ocrx_word' id='word_1_12' title='bbox 1991 626 2285 686; x_wconf 89' lang='lat' dir='ltr'>laesione</span> <span class='ocrx_word' id='word_1_13' title='bbox 2322 625 2605 686; x_wconf 76' lang='lat' dir='ltr'>affectus</span> <span class='ocrx_word' id='word_1_14' title='bbox 2644 624 2867 700; x_wconf 86' lang='lat' dir='ltr'>fuerit,</span> <span class='ocrx_word' id='word_1_15' title='bbox 2921 625 3124 684; x_wconf 89' lang='lat' dir='ltr'>talem</span> <span class='ocrx_word' id='word_1_16' title='bbox 3159 630 3227 684; x_wconf 91' lang='lat' dir='ltr'>et</span> <span class='ocrx_word' id='word_1_17' title='bbox 3262 640 3363 683; x_wconf 91' lang='lat' dir='ltr'>re-</span> 
     </span>
     <span class='ocr_line' id='line_1_3' title="bbox 261 731 3355 810; baseline -0.001 -18"><span class='ocrx_word' id='word_1_18' title='bbox 261 732 556 810; x_wconf 82' lang='lat' dir='ltr'>pendere</span> <span class='ocrx_word' id='word_1_19' title='bbox 590 733 1022 808; x_wconf 81' lang='lat' dir='ltr'>permittitur,</span> <span class='ocrx_word' id='word_1_20' title='bbox 1058 748 1296 807; x_wconf 79' lang='lat' dir='ltr'>grossa</span> <span class='ocrx_word' id='word_1_21' title='bbox 1331 734 1446 791; x_wconf 85' lang='lat' dir='ltr'>illa</span> <span class='ocrx_word' id='word_1_22' title='bbox 1479 741 1859 808; x_wconf 83' lang='lat' dir='ltr'>praecepta,</span> <span class='ocrx_word' id='word_1_23' title='bbox 1899 733 2179 791; x_wconf 86' lang='lat' dir='ltr'>scilicet:</span> <span class='ocrx_word' id='word_1_24' title='bbox 2218 733 2364 792; x_wconf 81' lang='lat' dir='ltr'>Non</span> <span class='ocrx_word' id='word_1_25' title='bbox 2398 733 2673 805; x_wconf 81' lang='lat' dir='ltr'>occides,</span> <span class='ocrx_word' id='word_1_26' title='bbox 2710 750 2843 791; x_wconf 84' lang='lat' dir='ltr'>non</span> <span class='ocrx_word' id='word_1_27' title='bbox 2889 731 3355 806; x_wconf 80' lang='lat' dir='ltr'>moechaberis,</span> 
     </span>
     <span class='ocr_line' id='line_1_4' title="bbox 264 836 3360 916; baseline -0 -18"><span class='ocrx_word' id='word_1_28' title='bbox 264 856 398 898; x_wconf 80' lang='lat' dir='ltr'>non</span> <span class='ocrx_word' id='word_1_29' title='bbox 429 841 695 916; x_wconf 78' lang='lat' dir='ltr'>furtum</span> <span class='ocrx_word' id='word_1_30' title='bbox 724 840 952 916; x_wconf 79' lang='lat' dir='ltr'>facies,</span> <span class='ocrx_word' id='word_1_31' title='bbox 979 836 1030 914; x_wconf 80' lang='lat'>²)</span> <span class='ocrx_word' id='word_1_32' title='bbox 1068 840 1134 897; x_wconf 89' lang='lat' dir='ltr'>et</span> <span class='ocrx_word' id='word_1_33' title='bbox 1167 845 1432 897; x_wconf 81' lang='lat' dir='ltr'>caetera</span> <span class='ocrx_word' id='word_1_34' title='bbox 1472 837 1531 896; x_wconf 93' lang='lat' dir='ltr'>id</span> <span class='ocrx_word' id='word_1_35' title='bbox 1570 853 1801 912; x_wconf 81' lang='lat' dir='ltr'>genus,</span> <span class='ocrx_word' id='word_1_36' title='bbox 1839 853 2009 913; x_wconf 90' lang='lat' dir='ltr'>quae</span> <span class='ocrx_word' id='word_1_37' title='bbox 2047 838 2383 911; x_wconf 85' lang='lat' dir='ltr'>spirituali</span> <span class='ocrx_word' id='word_1_38' title='bbox 2418 853 2539 913; x_wconf 91' lang='lat' dir='ltr'>pro</span> <span class='ocrx_word' id='word_1_39' title='bbox 2575 839 2803 913; x_wconf 90' lang='lat' dir='ltr'>parvis</span> <span class='ocrx_word' id='word_1_40' title='bbox 2837 837 3195 913; x_wconf 89' lang='lat' dir='ltr'>ducuntur,</span> <span class='ocrx_word' id='word_1_41' title='bbox 3223 839 3360 898; x_wconf 89' lang='lat' dir='ltr'>alto</span> 
     </span>
     <span class='ocr_line' id='line_1_5' title="bbox 267 936 3352 1019; baseline -0 -16"><span class='ocrx_word' id='word_1_42' title='bbox 267 951 584 1018; x_wconf 86' lang='lat' dir='ltr'>suspectu</span> <span class='ocrx_word' id='word_1_43' title='bbox 624 942 1145 1016; x_wconf 64' lang='lat' dir='ltr'>transgrediens⁸</span> <span class='ocrx_word' id='word_1_44' title='bbox 1181 936 1229 1019; x_wconf 80' lang='lat'>³)</span> <span class='ocrx_word' id='word_1_45' title='bbox 1267 941 1349 1000; x_wconf 85' lang='lat' dir='ltr'>ad</span> <span class='ocrx_word' id='word_1_46' title='bbox 1389 941 1586 1000; x_wconf 86' lang='lat' dir='ltr'>fortia</span> <span class='ocrx_word' id='word_1_47' title='bbox 1619 948 1686 1000; x_wconf 89' lang='lat' dir='ltr'>et</span> <span class='ocrx_word' id='word_1_48' title='bbox 1720 942 2036 999; x_wconf 85' lang='lat' dir='ltr'>sublimia</span> <span class='ocrx_word' id='word_1_49' title='bbox 2085 941 2232 1000; x_wconf 88' lang='lat' dir='ltr'>Filii</span> <span class='ocrx_word' id='word_1_50' title='bbox 2268 941 2382 1000; x_wconf 91' lang='lat' dir='ltr'>Dei</span> <span class='ocrx_word' id='word_1_51' title='bbox 2421 941 2849 1016; x_wconf 80' lang='lat' dir='ltr'>evangelicae</span> <span class='ocrx_word' id='word_1_52' title='bbox 2884 942 3352 1017; x_wconf 83' lang='lat' dir='ltr'>perfectioniS,</span> 
     </span>
     <span class='ocr_line' id='line_1_6' title="bbox 265 1046 3357 1126; baseline -0.001 -18"><span class='ocrx_word' id='word_1_53' title='bbox 265 1065 436 1126; x_wconf 87' lang='lat' dir='ltr'>quae</span> <span class='ocrx_word' id='word_1_54' title='bbox 474 1051 538 1107; x_wconf 89' lang='lat' dir='ltr'>in</span> <span class='ocrx_word' id='word_1_55' title='bbox 573 1051 853 1122; x_wconf 84' lang='lat' dir='ltr'>spiritus</span> <span class='ocrx_word' id='word_1_56' title='bbox 892 1049 1199 1106; x_wconf 84' lang='lat' dir='ltr'>libertate</span> <span class='ocrx_word' id='word_1_57' title='bbox 1233 1047 1673 1120; x_wconf 86' lang='lat' dir='ltr'>complentur,</span> <span class='ocrx_word' id='word_1_58' title='bbox 1711 1047 2014 1120; x_wconf 88' lang='lat' dir='ltr'>consilia,</span> <span class='ocrx_word' id='word_1_59' title='bbox 2046 1046 2327 1105; x_wconf 90' lang='lat' dir='ltr'>devotus</span> <span class='ocrx_word' id='word_1_60' title='bbox 2354 1054 2419 1104; x_wconf 86' lang='lat' dir='ltr'>et</span> <span class='ocrx_word' id='word_1_61' title='bbox 2451 1047 2721 1105; x_wconf 85' lang='lat' dir='ltr'>humilis</span> <span class='ocrx_word' id='word_1_62' title='bbox 2756 1054 3097 1118; x_wconf 84' lang='lat' dir='ltr'>executor,</span> <span class='ocrx_word' id='word_1_63' title='bbox 3127 1063 3357 1106; x_wconf 85' lang='lat' dir='ltr'>ascen-</span> 
     </span>
     <span class='ocr_line' id='line_1_7' title="bbox 264 1149 3356 1230; baseline -0.002 -16"><span class='ocrx_word' id='word_1_64' title='bbox 264 1155 409 1214; x_wconf 84' lang='lat' dir='ltr'>das:</span> <span class='ocrx_word' id='word_1_65' title='bbox 447 1155 693 1230; x_wconf 89' lang='lat' dir='ltr'>quibus</span> <span class='ocrx_word' id='word_1_66' title='bbox 727 1154 920 1212; x_wconf 88' lang='lat' dir='ltr'>nobis</span> <span class='ocrx_word' id='word_1_67' title='bbox 951 1149 997 1222; x_wconf 86' lang='lat'>⁴)</span> <span class='ocrx_word' id='word_1_68' title='bbox 1033 1152 1224 1209; x_wconf 87' lang='lat' dir='ltr'>Jesns</span> <span class='ocrx_word' id='word_1_69' title='bbox 1263 1150 1572 1209; x_wconf 83' lang='lat' dir='ltr'>Christus</span> <span class='ocrx_word' id='word_1_70' title='bbox 1609 1152 1918 1225; x_wconf 76' lang='lat' dir='ltr'>proponit</span> <span class='ocrx_word' id='word_1_71' title='bbox 1952 1157 2018 1209; x_wconf 86' lang='lat' dir='ltr'>et</span> <span class='ocrx_word' id='word_1_72' title='bbox 2056 1157 2277 1208; x_wconf 78' lang='lat' dir='ltr'>monet</span> <span class='ocrx_word' id='word_1_73' title='bbox 2324 1152 2629 1208; x_wconf 87' lang='lat' dir='ltr'>inimicos</span> <span class='ocrx_word' id='word_1_74' title='bbox 2664 1151 2967 1224; x_wconf 83' lang='lat' dir='ltr'>diligere,</span> <span class='ocrx_word' id='word_1_75' title='bbox 3006 1166 3200 1209; x_wconf 85' lang='lat' dir='ltr'>orare</span> <span class='ocrx_word' id='word_1_76' title='bbox 3235 1166 3356 1226; x_wconf 89' lang='lat' dir='ltr'>pro</span> 
     </span>
     <span class='ocr_line' id='line_1_8' title="bbox 263 1255 3355 1336; baseline -0.001 -17"><span class='ocrx_word' id='word_1_77' title='bbox 263 1260 845 1336; x_wconf 85' lang='lat' dir='ltr'>persequentibus,</span> <span class='ocrx_word' id='word_1_78' title='bbox 884 1256 1426 1331; x_wconf 83' lang='lat' dir='ltr'>delinquentibus</span> <span class='ocrx_word' id='word_1_79' title='bbox 1466 1255 1528 1313; x_wconf 94' lang='lat' dir='ltr'>in</span> <span class='ocrx_word' id='word_1_80' title='bbox 1562 1272 1683 1314; x_wconf 89' lang='lat' dir='ltr'>nos</span> <span class='ocrx_word' id='word_1_81' title='bbox 1720 1271 1797 1312; x_wconf 83' lang='lat' dir='ltr'>ex</span> <span class='ocrx_word' id='word_1_82' title='bbox 1834 1255 2035 1312; x_wconf 91' lang='lat' dir='ltr'>corde</span> <span class='ocrx_word' id='word_1_83' title='bbox 2074 1256 2438 1325; x_wconf 85' lang='lat' dir='ltr'>remittere,</span> <span class='ocrx_word' id='word_1_84' title='bbox 2476 1271 2605 1313; x_wconf 91' lang='lat' dir='ltr'>non</span> <span class='ocrx_word' id='word_1_85' title='bbox 2642 1256 2961 1314; x_wconf 85' lang='lat' dir='ltr'>resistere</span> <span class='ocrx_word' id='word_1_86' title='bbox 2998 1257 3197 1328; x_wconf 84' lang='lat' dir='ltr'>malo,</span> <span class='ocrx_word' id='word_1_87' title='bbox 3238 1256 3355 1315; x_wconf 88' lang='lat' dir='ltr'>sed</span> 
     </span>
     <span class='ocr_line' id='line_1_9' title="bbox 267 1358 3363 1434; baseline -0.001 -11"><span class='ocrx_word' id='word_1_88' title='bbox 267 1364 569 1423; x_wconf 85' lang='lat' dir='ltr'>caedenti</span> <span class='ocrx_word' id='word_1_89' title='bbox 605 1364 882 1421; x_wconf 86' lang='lat' dir='ltr'>alteram</span> <span class='ocrx_word' id='word_1_90' title='bbox 922 1362 1198 1420; x_wconf 90' lang='lat' dir='ltr'>alteram</span> <span class='ocrx_word' id='word_1_91' title='bbox 1236 1359 1556 1434; x_wconf 87' lang='lat' dir='ltr'>praebere</span> <span class='ocrx_word' id='word_1_92' title='bbox 1603 1359 1963 1430; x_wconf 84' lang='lat' dir='ltr'>maxillam,</span> <span class='ocrx_word' id='word_1_93' title='bbox 2017 1358 2345 1417; x_wconf 83' lang='lat' dir='ltr'>auferenti</span> <span class='ocrx_word' id='word_1_94' title='bbox 2385 1359 2679 1417; x_wconf 87' lang='lat' dir='ltr'>tunicam</span> <span class='ocrx_word' id='word_1_95' title='bbox 2728 1364 2794 1418; x_wconf 90' lang='lat' dir='ltr'>ct</span> <span class='ocrx_word' id='word_1_96' title='bbox 2830 1360 3104 1433; x_wconf 82' lang='lat' dir='ltr'>pallium</span> <span class='ocrx_word' id='word_1_97' title='bbox 3139 1360 3363 1419; x_wconf 88' lang='lat' dir='ltr'>dimit-</span> 
     </span>
     <span class='ocr_line' id='line_1_10' title="bbox 268 1461 3364 1542; baseline -0.001 -17"><span class='ocrx_word' id='word_1_98' title='bbox 268 1471 432 1541; x_wconf 85' lang='lat' dir='ltr'>tere,</span> <span class='ocrx_word' id='word_1_99' title='bbox 467 1482 638 1542; x_wconf 86' lang='lat' dir='ltr'>quae</span> <span class='ocrx_word' id='word_1_100' title='bbox 686 1464 878 1523; x_wconf 83' lang='lat' dir='ltr'>nobis</span> <span class='ocrx_word' id='word_1_101' title='bbox 929 1463 1220 1538; x_wconf 89' lang='lat' dir='ltr'>impendi</span> <span class='ocrx_word' id='word_1_102' title='bbox 1268 1462 1556 1520; x_wconf 88' lang='lat' dir='ltr'>velimus</span> <span class='ocrx_word' id='word_1_103' title='bbox 1605 1462 1759 1520; x_wconf 89' lang='lat' dir='ltr'>aliis</span> <span class='ocrx_word' id='word_1_104' title='bbox 1811 1462 2215 1534; x_wconf 84' lang='lat' dir='ltr'>impendere,</span> <span class='ocrx_word' id='word_1_105' title='bbox 2268 1477 2387 1519; x_wconf 91' lang='lat' dir='ltr'>nec</span> <span class='ocrx_word' id='word_1_106' title='bbox 2447 1463 2662 1520; x_wconf 86' lang='lat' dir='ltr'>solum</span> <span class='ocrx_word' id='word_1_107' title='bbox 2711 1461 3101 1521; x_wconf 85' lang='lat' dir='ltr'>divitiarum</span> <span class='ocrx_word' id='word_1_108' title='bbox 3148 1463 3364 1521; x_wconf 89' lang='lat' dir='ltr'>censi-</span> 
     </span>
     <span class='ocr_line' id='line_1_11' title="bbox 267 1566 3359 1643; baseline -0.001 -14"><span class='ocrx_word' id='word_1_109' title='bbox 267 1571 415 1640; x_wconf 79' lang='lat' dir='ltr'>buS‚</span> <span class='ocrx_word' id='word_1_110' title='bbox 454 1569 570 1628; x_wconf 91' lang='lat' dir='ltr'>sed</span> <span class='ocrx_word' id='word_1_111' title='bbox 604 1575 669 1627; x_wconf 83' lang='lat' dir='ltr'>et</span> <span class='ocrx_word' id='word_1_112' title='bbox 706 1569 1228 1643; x_wconf 87' lang='lat' dir='ltr'>propinquorum</span> <span class='ocrx_word' id='word_1_113' title='bbox 1266 1566 1614 1626; x_wconf 79' lang='lat' dir='ltr'>affectibus</span> <span class='ocrx_word' id='word_1_114' title='bbox 1652 1568 2058 1639; x_wconf 84' lang='lat' dir='ltr'>renuntiare,</span> <span class='ocrx_word' id='word_1_115' title='bbox 2096 1583 2217 1625; x_wconf 85' lang='lat' dir='ltr'>nec</span> <span class='ocrx_word' id='word_1_116' title='bbox 2256 1568 2318 1625; x_wconf 90' lang='lat' dir='ltr'>in</span> <span class='ocrx_word' id='word_1_117' title='bbox 2356 1573 2556 1630; x_wconf 82' lang='lat' dir='ltr'>terra.</span> <span class='ocrx_word' id='word_1_118' title='bbox 2613 1568 2728 1625; x_wconf 84' lang='lat' dir='ltr'>sed</span> <span class='ocrx_word' id='word_1_119' title='bbox 2767 1570 2833 1626; x_wconf 90' lang='lat' dir='ltr'>in</span> <span class='ocrx_word' id='word_1_120' title='bbox 2866 1569 3053 1627; x_wconf 91' lang='lat' dir='ltr'>coelo</span> <span class='ocrx_word' id='word_1_121' title='bbox 3088 1568 3359 1628; x_wconf 89' lang='lat' dir='ltr'>thesau-</span> 
     </span>
     <span class='ocr_line' id='line_1_12' title="bbox 271 1671 3365 1747; baseline -0.001 -16"><span class='ocrx_word' id='word_1_122' title='bbox 271 1674 510 1742; x_wconf 85' lang='lat' dir='ltr'>rizare,</span> <span class='ocrx_word' id='word_1_123' title='bbox 549 1679 1036 1747; x_wconf 77' lang='lat' dir='ltr'>paupertatem,</span> <span class='ocrx_word' id='word_1_124' title='bbox 1090 1671 1689 1744; x_wconf 83' lang='lat' dir='ltr'>mansuetudinem,</span> <span class='ocrx_word' id='word_1_125' title='bbox 1738 1671 2056 1743; x_wconf 87' lang='lat' dir='ltr'>esuriem,</span> <span class='ocrx_word' id='word_1_126' title='bbox 2109 1672 2214 1728; x_wconf 92' lang='lat' dir='ltr'>vel</span> <span class='ocrx_word' id='word_1_127' title='bbox 2272 1672 2451 1729; x_wconf 91' lang='lat' dir='ltr'>sitim</span> <span class='ocrx_word' id='word_1_128' title='bbox 2509 1671 2813 1745; x_wconf 78' lang='lat' dir='ltr'>justitiae</span> <span class='ocrx_word' id='word_1_129' title='bbox 2861 1688 2993 1731; x_wconf 91' lang='lat' dir='ltr'>non</span> <span class='ocrx_word' id='word_1_130' title='bbox 3047 1671 3365 1730; x_wconf 87' lang='lat' dir='ltr'>abborre-</span> 
     </span>
     <span class='ocr_line' id='line_1_13' title="bbox 263 1777 3360 1857; baseline -0.002 -18"><span class='ocrx_word' id='word_1_131' title='bbox 263 1796 364 1854; x_wconf 82' lang='lat' dir='ltr'>re,</span> <span class='ocrx_word' id='word_1_132' title='bbox 403 1780 927 1857; x_wconf 80' lang='lat' dir='ltr'>persecutioneS,</span> <span class='ocrx_word' id='word_1_133' title='bbox 982 1779 1285 1854; x_wconf 82' lang='lat' dir='ltr'>injuriaS,</span> <span class='ocrx_word' id='word_1_134' title='bbox 1323 1778 1828 1837; x_wconf 82' lang='lat' dir='ltr'>maledictiones</span> <span class='ocrx_word' id='word_1_135' title='bbox 1878 1777 2212 1852; x_wconf 83' lang='lat' dir='ltr'>patienter</span> <span class='ocrx_word' id='word_1_136' title='bbox 2261 1778 2616 1837; x_wconf 87' lang='lat' dir='ltr'>sustinere.</span> <span class='ocrx_word' id='word_1_137' title='bbox 2669 1778 2765 1837; x_wconf 84' lang='lat' dir='ltr'>Ad</span> <span class='ocrx_word' id='word_1_138' title='bbox 2802 1793 2973 1853; x_wconf 88' lang='lat' dir='ltr'>quae</span> <span class='ocrx_word' id='word_1_139' title='bbox 3028 1779 3360 1852; x_wconf 89' lang='lat' dir='ltr'>quatenus</span> 
     </span>
     <span class='ocr_line' id='line_1_14' title="bbox 268 1880 3361 1959; baseline -0.001 -17"><span class='ocrx_word' id='word_1_140' title='bbox 268 1883 590 1959; x_wconf 88' lang='lat' dir='ltr'>possibile</span> <span class='ocrx_word' id='word_1_141' title='bbox 623 1889 726 1942; x_wconf 88' lang='lat' dir='ltr'>est</span> <span class='ocrx_word' id='word_1_142' title='bbox 761 1881 1097 1955; x_wconf 88' lang='lat' dir='ltr'>sectanda,</span> <span class='ocrx_word' id='word_1_143' title='bbox 1137 1882 1193 1941; x_wconf 91' lang='lat' dir='ltr'>si</span> <span class='ocrx_word' id='word_1_144' title='bbox 1232 1881 1527 1940; x_wconf 90' lang='lat' dir='ltr'>studium</span> <span class='ocrx_word' id='word_1_145' title='bbox 1564 1882 1820 1940; x_wconf 85' lang='lat' dir='ltr'>streuui</span> <span class='ocrx_word' id='word_1_146' title='bbox 1855 1880 2080 1940; x_wconf 84' lang='lat' dir='ltr'>cordis</span> <span class='ocrx_word' id='word_1_147' title='bbox 2115 1887 2181 1939; x_wconf 94' lang='lat' dir='ltr'>et</span> <span class='ocrx_word' id='word_1_148' title='bbox 2217 1881 2441 1955; x_wconf 88' lang='lat' dir='ltr'>operis</span> <span class='ocrx_word' id='word_1_149' title='bbox 2476 1883 2897 1957; x_wconf 75' lang='lat' dir='ltr'>apposueriS,</span> <span class='ocrx_word' id='word_1_150' title='bbox 2953 1883 3019 1942; x_wconf 91' lang='lat' dir='ltr'>in</span> <span class='ocrx_word' id='word_1_151' title='bbox 3051 1897 3361 1957; x_wconf 88' lang='lat' dir='ltr'>praesen-</span> 
     </span>
     <span class='ocr_line' id='line_1_15' title="bbox 266 1983 3362 2062; baseline 0 -17"><span class='ocrx_word' id='word_1_152' title='bbox 266 1989 318 2045; x_wconf 90' lang='lat' dir='ltr'>ti</span> <span class='ocrx_word' id='word_1_153' title='bbox 354 1985 833 2062; x_wconf 88' lang='lat' dir='ltr'>perfectionem</span> <span class='ocrx_word' id='word_1_154' title='bbox 868 2001 984 2044; x_wconf 90' lang='lat' dir='ltr'>seu</span> <span class='ocrx_word' id='word_1_155' title='bbox 1021 1984 1499 2060; x_wconf 82' lang='lat' dir='ltr'>benignitatem</span> <span class='ocrx_word' id='word_1_156' title='bbox 1538 1983 1852 2043; x_wconf 87' lang='lat' dir='ltr'>coelestis</span> <span class='ocrx_word' id='word_1_157' title='bbox 1887 1983 2109 2043; x_wconf 84' lang='lat' dir='ltr'>Patris</span> <span class='ocrx_word' id='word_1_158' title='bbox 2143 1984 2490 2058; x_wconf 89' lang='lat' dir='ltr'>imitand0,</span> <span class='ocrx_word' id='word_1_159' title='bbox 2522 1993 2833 2045; x_wconf 84' lang='lat' dir='ltr'>aeternae</span> <span class='ocrx_word' id='word_1_160' title='bbox 2868 1987 3117 2062; x_wconf 88' lang='lat' dir='ltr'>quietis</span> <span class='ocrx_word' id='word_1_161' title='bbox 3152 1986 3362 2046; x_wconf 79' lang='lat' dir='ltr'>beati-</span> 
     </span>
     <span class='ocr_line' id='line_1_16' title="bbox 269 2087 1323 2149; baseline -0.002 -1"><span class='ocrx_word' id='word_1_162' title='bbox 269 2090 566 2148; x_wconf 83' lang='lat' dir='ltr'>tudinem</span> <span class='ocrx_word' id='word_1_163' title='bbox 607 2089 672 2147; x_wconf 85' lang='lat' dir='ltr'>in</span> <span class='ocrx_word' id='word_1_164' title='bbox 707 2087 930 2149; x_wconf 86' lang='lat' dir='ltr'>futuro</span> <span class='ocrx_word' id='word_1_165' title='bbox 966 2089 1323 2146; x_wconf 77' lang='lat' dir='ltr'>obtinebis,</span> 
     </span>
    </p>
   </div>
   <div class='ocr_carea' id='block_1_3' title="bbox 1715 2313 1902 2373">
    <p class='ocr_par' dir='ltr' id='par_1_3' title="bbox 1715 2313 1902 2373">
     <span class='ocr_line' id='line_1_17' title="bbox 1715 2313 1902 2373; baseline -0.005 0"><span class='ocrx_word' id='word_1_166' title='bbox 1715 2313 1902 2373; x_wconf 90' lang='lat' dir='ltr'>XVII.</span> 
     </span>
    </p>
   </div>
   <div class='ocr_carea' id='block_1_4' title="bbox 264 2520 3374 4798">
    <p class='ocr_par' dir='ltr' id='par_1_4' title="bbox 264 2520 3374 4798">
     <span class='ocr_line' id='line_1_18' title="bbox 358 2520 3357 2605; baseline 0.002 -22"><span class='ocrx_word' id='word_1_167' title='bbox 358 2524 437 2584; x_wconf 82' lang='lat' dir='ltr'>Et</span> <span class='ocrx_word' id='word_1_168' title='bbox 469 2523 781 2600; x_wconf 87' lang='lat' dir='ltr'>quoniam</span> <span class='ocrx_word' id='word_1_169' title='bbox 832 2521 1069 2580; x_wconf 86' lang='lat' dir='ltr'>horum</span> <span class='ocrx_word' id='word_1_170' title='bbox 1119 2521 1366 2597; x_wconf 81' lang='lat' dir='ltr'>aliqua,</span> <span class='ocrx_word' id='word_1_171' title='bbox 1420 2520 1670 2580; x_wconf 87' lang='lat' dir='ltr'>Christi</span> <span class='ocrx_word' id='word_1_172' title='bbox 1726 2521 1986 2581; x_wconf 89' lang='lat' dir='ltr'>favente</span> <span class='ocrx_word' id='word_1_173' title='bbox 2037 2522 2276 2596; x_wconf 80' lang='lat' dir='ltr'>gratia,</span> <span class='ocrx_word' id='word_1_174' title='bbox 2323 2523 2461 2598; x_wconf 90' lang='lat' dir='ltr'>jam</span> <span class='ocrx_word' id='word_1_175' title='bbox 2512 2530 2723 2600; x_wconf 79' lang='lat' dir='ltr'>teneS,</span> <span class='ocrx_word' id='word_1_176' title='bbox 2778 2533 3005 2603; x_wconf 81' lang='lat' dir='ltr'>utpote</span> <span class='ocrx_word' id='word_1_177' title='bbox 3051 2529 3209 2605; x_wconf 87' lang='lat' dir='ltr'>quia</span> <span class='ocrx_word' id='word_1_178' title='bbox 3242 2546 3357 2588; x_wconf 87' lang='lat' dir='ltr'>au-</span> 
     </span>
     <span class='ocr_line' id='line_1_19' title="bbox 264 2624 3359 2706; baseline 0.001 -20"><span class='ocrx_word' id='word_1_179' title='bbox 264 2627 458 2686; x_wconf 85' lang='lat' dir='ltr'>diens</span> <span class='ocrx_word' id='word_1_180' title='bbox 493 2642 644 2685; x_wconf 84' lang='lat' dir='ltr'>eum</span> <span class='ocrx_word' id='word_1_181' title='bbox 692 2626 1042 2684; x_wconf 86' lang='lat' dir='ltr'>dicentem:</span> <span class='ocrx_word' id='word_1_182' title='bbox 1098 2625 1222 2696; x_wconf 80' lang='lat' dir='ltr'>Qui</span> <span class='ocrx_word' id='word_1_183' title='bbox 1271 2642 1403 2682; x_wconf 85' lang='lat' dir='ltr'>non</span> <span class='ocrx_word' id='word_1_184' title='bbox 1454 2628 1801 2683; x_wconf 76' lang='lat' dir='ltr'>renuntiat</span> <span class='ocrx_word' id='word_1_185' title='bbox 1852 2624 2149 2684; x_wconf 84' lang='lat' dir='ltr'>omnibus</span> <span class='ocrx_word' id='word_1_186' title='bbox 2198 2645 2364 2702; x_wconf 81' lang='lat' dir='ltr'>quae</span> <span class='ocrx_word' id='word_1_187' title='bbox 2406 2628 2721 2703; x_wconf 81' lang='lat' dir='ltr'>possidet,</span> <span class='ocrx_word' id='word_1_188' title='bbox 2759 2646 2890 2687; x_wconf 85' lang='lat' dir='ltr'>non</span> <span class='ocrx_word' id='word_1_189' title='bbox 2926 2636 3143 2706; x_wconf 80' lang='lat' dir='ltr'>potest</span> <span class='ocrx_word' id='word_1_190' title='bbox 3177 2650 3359 2691; x_wconf 81' lang='lat' dir='ltr'>meus</span> 
     </span>
     <span class='ocr_line' id='line_1_20' title="bbox 265 2728 3354 2807; baseline 0.001 -17"><span class='ocrx_word' id='word_1_191' title='bbox 265 2752 408 2791; x_wconf 83' lang='lat' dir='ltr'>esse</span> <span class='ocrx_word' id='word_1_192' title='bbox 443 2732 839 2807; x_wconf 80' lang='lat' dir='ltr'>discipulus;</span> <span class='ocrx_word' id='word_1_193' title='bbox 889 2738 951 2788; x_wconf 82' lang='lat' dir='ltr'>et</span> <span class='ocrx_word' id='word_1_194' title='bbox 1001 2732 1112 2807; x_wconf 77' lang='lat' dir='ltr'>qui</span> <span class='ocrx_word' id='word_1_195' title='bbox 1167 2729 1302 2786; x_wconf 78' lang='lat' dir='ltr'>vult</span> <span class='ocrx_word' id='word_1_196' title='bbox 1353 2731 1577 2785; x_wconf 71' lang='lat' dir='ltr'>venire</span> <span class='ocrx_word' id='word_1_197' title='bbox 1626 2737 1765 2804; x_wconf 66' lang='lat' dir='ltr'>post</span> <span class='ocrx_word' id='word_1_198' title='bbox 1803 2747 1928 2799; x_wconf 70' lang='lat' dir='ltr'>me,</span> <span class='ocrx_word' id='word_1_199' title='bbox 1975 2728 2239 2803; x_wconf 68' lang='lat' dir='ltr'>abneyet</span> <span class='ocrx_word' id='word_1_200' title='bbox 2279 2733 2727 2807; x_wconf 77' lang='lat' dir='ltr'>semetipsum,</span> <span class='ocrx_word' id='word_1_201' title='bbox 2767 2742 2829 2790; x_wconf 82' lang='lat' dir='ltr'>et</span> <span class='ocrx_word' id='word_1_202' title='bbox 2867 2736 3055 2793; x_wconf 82' lang='lat' dir='ltr'>tollat</span> <span class='ocrx_word' id='word_1_203' title='bbox 3091 2756 3354 2796; x_wconf 81' lang='lat' dir='ltr'>crucem</span> 
     </span>
     <span class='ocr_line' id='line_1_21' title="bbox 267 2827 3362 2909; baseline 0.002 -16"><span class='ocrx_word' id='word_1_204' title='bbox 267 2853 480 2907; x_wconf 82' lang='lat' dir='ltr'>suam,</span> <span class='ocrx_word' id='word_1_205' title='bbox 516 2840 578 2892; x_wconf 81' lang='lat' dir='ltr'>et</span> <span class='ocrx_word' id='word_1_206' title='bbox 616 2840 928 2909; x_wconf 75' lang='lat' dir='ltr'>sequatur</span> <span class='ocrx_word' id='word_1_207' title='bbox 976 2851 1101 2904; x_wconf 81' lang='lat' dir='ltr'>me,</span> <span class='ocrx_word' id='word_1_208' title='bbox 1138 2827 1184 2908; x_wconf 78' lang='lat'>⁵)</span> <span class='ocrx_word' id='word_1_209' title='bbox 1234 2831 1881 2890; x_wconf 86' lang='lat' dir='ltr'>abrenuntiationem</span> <span class='ocrx_word' id='word_1_210' title='bbox 1934 2832 2384 2891; x_wconf 86' lang='lat' dir='ltr'>saecularium</span> <span class='ocrx_word' id='word_1_211' title='bbox 2433 2836 2500 2893; x_wconf 81' lang='lat' dir='ltr'>et</span> <span class='ocrx_word' id='word_1_212' title='bbox 2549 2836 3133 2898; x_wconf 85' lang='lat' dir='ltr'>mortificationem</span> <span class='ocrx_word' id='word_1_213' title='bbox 3175 2841 3362 2899; x_wconf 91' lang='lat' dir='ltr'>volu—</span> 
     </span>
     <span class='ocr_line' id='line_1_22' title="bbox 269 2936 3361 3015; baseline 0.002 -17"><span class='ocrx_word' id='word_1_214' title='bbox 269 2946 528 3015; x_wconf 88' lang='lat' dir='ltr'>ptatum</span> <span class='ocrx_word' id='word_1_215' title='bbox 567 2940 692 2998; x_wconf 88' lang='lat' dir='ltr'>sub</span> <span class='ocrx_word' id='word_1_216' title='bbox 728 2938 1106 2997; x_wconf 85' lang='lat' dir='ltr'>humilitate</span> <span class='ocrx_word' id='word_1_217' title='bbox 1144 2937 1497 2996; x_wconf 84' lang='lat' dir='ltr'>monastici</span> <span class='ocrx_word' id='word_1_218' title='bbox 1535 2936 1805 2995; x_wconf 87' lang='lat' dir='ltr'>habitus</span> <span class='ocrx_word' id='word_1_219' title='bbox 1840 2937 2142 2995; x_wconf 89' lang='lat' dir='ltr'>ostendis</span> <span class='ocrx_word' id='word_1_220' title='bbox 2178 2937 2477 3013; x_wconf 89' lang='lat' dir='ltr'>provide,</span> <span class='ocrx_word' id='word_1_221' title='bbox 2516 2945 2589 2998; x_wconf 88' lang='lat' dir='ltr'>ut</span> <span class='ocrx_word' id='word_1_222' title='bbox 2623 2956 2850 2999; x_wconf 87' lang='lat' dir='ltr'>coram</span> <span class='ocrx_word' id='word_1_223' title='bbox 2875 2942 3008 3001; x_wconf 92' lang='lat' dir='ltr'>Deo</span> <span class='ocrx_word' id='word_1_224' title='bbox 3046 2949 3114 3003; x_wconf 89' lang='lat' dir='ltr'>et</span> <span class='ocrx_word' id='word_1_225' title='bbox 3149 2944 3361 3004; x_wconf 86' lang='lat' dir='ltr'>horni-</span> 
     </span>
     <span class='ocr_line' id='line_1_23' title="bbox 268 3040 3361 3116; baseline 0.001 -13"><span class='ocrx_word' id='word_1_226' title='bbox 268 3044 466 3105; x_wconf 86' lang='lat' dir='ltr'>nibus</span> <span class='ocrx_word' id='word_1_227' title='bbox 516 3043 680 3102; x_wconf 88' lang='lat' dir='ltr'>haec</span> <span class='ocrx_word' id='word_1_228' title='bbox 712 3049 780 3102; x_wconf 89' lang='lat' dir='ltr'>et</span> <span class='ocrx_word' id='word_1_229' title='bbox 828 3048 1096 3101; x_wconf 90' lang='lat' dir='ltr'>caetera</span> <span class='ocrx_word' id='word_1_230' title='bbox 1146 3046 1260 3099; x_wconf 83' lang='lat' dir='ltr'>tua</span> <span class='ocrx_word' id='word_1_231' title='bbox 1311 3040 1534 3099; x_wconf 88' lang='lat' dir='ltr'>omnia</span> <span class='ocrx_word' id='word_1_232' title='bbox 1586 3041 1651 3098; x_wconf 91' lang='lat' dir='ltr'>in</span> <span class='ocrx_word' id='word_1_233' title='bbox 1699 3040 2133 3114; x_wconf 85' lang='lat' dir='ltr'>simplicitate</span> <span class='ocrx_word' id='word_1_234' title='bbox 2184 3041 2523 3116; x_wconf 87' lang='lat' dir='ltr'>puritatis,</span> <span class='ocrx_word' id='word_1_235' title='bbox 2579 3041 2645 3101; x_wconf 90' lang='lat' dir='ltr'>in</span> <span class='ocrx_word' id='word_1_236' title='bbox 2694 3042 2957 3105; x_wconf 87' lang='lat' dir='ltr'>fervore</span> <span class='ocrx_word' id='word_1_237' title='bbox 3005 3047 3361 3109; x_wconf 85' lang='lat' dir='ltr'>charitatis</span> 
     </span>
     <span class='ocr_line' id='line_1_24' title="bbox 273 3141 3361 3221; baseline 0.001 -14"><span class='ocrx_word' id='word_1_238' title='bbox 273 3148 451 3207; x_wconf 84' lang='lat' dir='ltr'>fiant.</span> <span class='ocrx_word' id='word_1_239' title='bbox 503 3146 633 3207; x_wconf 90' lang='lat' dir='ltr'>Nec</span> <span class='ocrx_word' id='word_1_240' title='bbox 682 3161 974 3220; x_wconf 88' lang='lat' dir='ltr'>unquam</span> <span class='ocrx_word' id='word_1_241' title='bbox 1016 3143 1122 3203; x_wconf 90' lang='lat' dir='ltr'>vel</span> <span class='ocrx_word' id='word_1_242' title='bbox 1176 3156 1441 3202; x_wconf 87' lang='lat' dir='ltr'>manum</span> <span class='ocrx_word' id='word_1_243' title='bbox 1491 3142 1574 3201; x_wconf 90' lang='lat' dir='ltr'>ab</span> <span class='ocrx_word' id='word_1_244' title='bbox 1624 3148 1848 3201; x_wconf 88' lang='lat' dir='ltr'>aratro</span> <span class='ocrx_word' id='word_1_245' title='bbox 1898 3141 2164 3201; x_wconf 88' lang='lat' dir='ltr'>divinae</span> <span class='ocrx_word' id='word_1_246' title='bbox 2214 3159 2528 3202; x_wconf 88' lang='lat' dir='ltr'>amoveas</span> <span class='ocrx_word' id='word_1_247' title='bbox 2564 3146 2935 3221; x_wconf 82' lang='lat' dir='ltr'>servitutiS,</span> <span class='ocrx_word' id='word_1_248' title='bbox 2986 3150 3094 3209; x_wconf 91' lang='lat' dir='ltr'>vel</span> <span class='ocrx_word' id='word_1_249' title='bbox 3128 3151 3361 3210; x_wconf 88' lang='lat' dir='ltr'>oculos</span> 
     </span>
     <span class='ocr_line' id='line_1_25' title="bbox 273 3246 3363 3329; baseline 0 -17"><span class='ocrx_word' id='word_1_250' title='bbox 273 3260 429 3329; x_wconf 90' lang='lat' dir='ltr'>post</span> <span class='ocrx_word' id='word_1_251' title='bbox 462 3259 721 3326; x_wconf 83' lang='lat' dir='ltr'>tergum</span> <span class='ocrx_word' id='word_1_252' title='bbox 771 3250 852 3309; x_wconf 90' lang='lat' dir='ltr'>ad</span> <span class='ocrx_word' id='word_1_253' title='bbox 901 3250 1181 3307; x_wconf 88' lang='lat' dir='ltr'>dimissa</span> <span class='ocrx_word' id='word_1_254' title='bbox 1231 3247 1532 3306; x_wconf 89' lang='lat' dir='ltr'>reducas.</span> <span class='ocrx_word' id='word_1_255' title='bbox 1571 3246 1695 3305; x_wconf 87' lang='lat' dir='ltr'>Sed</span> <span class='ocrx_word' id='word_1_256' title='bbox 1748 3251 1818 3304; x_wconf 88' lang='lat' dir='ltr'>ut</span> <span class='ocrx_word' id='word_1_257' title='bbox 1853 3246 1947 3305; x_wconf 89' lang='lat' dir='ltr'>ait</span> <span class='ocrx_word' id='word_1_258' title='bbox 1994 3246 2382 3321; x_wconf 79' lang='lat' dir='ltr'>ApostoluS,</span> <span class='ocrx_word' id='word_1_259' title='bbox 2428 3267 2505 3306; x_wconf 82' lang='lat' dir='ltr'>ea</span> <span class='ocrx_word' id='word_1_260' title='bbox 2537 3267 2703 3324; x_wconf 83' lang='lat' dir='ltr'>quae</span> <span class='ocrx_word' id='word_1_261' title='bbox 2739 3258 2894 3308; x_wconf 84' lang='lat' dir='ltr'>sunt</span> <span class='ocrx_word' id='word_1_262' title='bbox 2928 3261 3107 3310; x_wconf 81' lang='lat' dir='ltr'>retro</span> <span class='ocrx_word' id='word_1_263' title='bbox 3141 3252 3363 3313; x_wconf 82' lang='lat' dir='ltr'>oblivi-</span> 
     </span>
     <span class='ocr_line' id='line_1_26' title="bbox 273 3345 3360 3429; baseline 0.001 -13"><span class='ocrx_word' id='word_1_264' title='bbox 273 3376 481 3429; x_wconf 82' lang='lat' dir='ltr'>scens,</span> <span class='ocrx_word' id='word_1_265' title='bbox 533 3364 592 3415; x_wconf 85' lang='lat' dir='ltr'>et</span> <span class='ocrx_word' id='word_1_266' title='bbox 643 3358 716 3414; x_wconf 82' lang='lat' dir='ltr'>in</span> <span class='ocrx_word' id='word_1_267' title='bbox 765 3356 1107 3413; x_wconf 78' lang='lat' dir='ltr'>anteriora</span> <span class='ocrx_word' id='word_1_268' title='bbox 1150 3359 1210 3411; x_wconf 82' lang='lat' dir='ltr'>te</span> <span class='ocrx_word' id='word_1_269' title='bbox 1261 3370 1522 3428; x_wconf 79' lang='lat' dir='ltr'>semper</span> <span class='ocrx_word' id='word_1_270' title='bbox 1569 3351 1963 3423; x_wconf 78' lang='lat' dir='ltr'>extendens,</span> <span class='ocrx_word' id='word_1_271' title='bbox 1997 3345 2047 3427; x_wconf 76' lang='lat'>⁶)</span> <span class='ocrx_word' id='word_1_272' title='bbox 2100 3350 2183 3409; x_wconf 89' lang='lat' dir='ltr'>ab</span> <span class='ocrx_word' id='word_1_273' title='bbox 2235 3351 2340 3409; x_wconf 89' lang='lat' dir='ltr'>his</span> <span class='ocrx_word' id='word_1_274' title='bbox 2393 3352 2459 3410; x_wconf 91' lang='lat' dir='ltr'>in</span> <span class='ocrx_word' id='word_1_275' title='bbox 2504 3369 2676 3427; x_wconf 91' lang='lat' dir='ltr'>quae</span> <span class='ocrx_word' id='word_1_276' title='bbox 2726 3356 3118 3429; x_wconf 88' lang='lat' dir='ltr'>pervenisti,</span> <span class='ocrx_word' id='word_1_277' title='bbox 3172 3358 3239 3418; x_wconf 89' lang='lat' dir='ltr'>in</span> <span class='ocrx_word' id='word_1_278' title='bbox 3281 3375 3360 3419; x_wconf 89' lang='lat' dir='ltr'>ea</span> 
     </span>
     <span class='ocr_line' id='line_1_27' title="bbox 271 3453 3355 3537; baseline 0.001 -17"><span class='ocrx_word' id='word_1_279' title='bbox 271 3477 443 3537; x_wconf 89' lang='lat' dir='ltr'>quae</span> <span class='ocrx_word' id='word_1_280' title='bbox 477 3461 766 3519; x_wconf 84' lang='lat' dir='ltr'>nondum</span> <span class='ocrx_word' id='word_1_281' title='bbox 815 3456 1337 3534; x_wconf 85' lang='lat' dir='ltr'>apprehendisti,</span> <span class='ocrx_word' id='word_1_282' title='bbox 1390 3456 1498 3531; x_wconf 89' lang='lat' dir='ltr'>pia</span> <span class='ocrx_word' id='word_1_283' title='bbox 1547 3453 1868 3512; x_wconf 84' lang='lat' dir='ltr'>aviditate</span> <span class='ocrx_word' id='word_1_284' title='bbox 1921 3453 2184 3513; x_wconf 87' lang='lat' dir='ltr'>festina.</span> <span class='ocrx_word' id='word_1_285' title='bbox 2224 3454 2522 3531; x_wconf 88' lang='lat' dir='ltr'>Cumque</span> <span class='ocrx_word' id='word_1_286' title='bbox 2570 3472 2689 3532; x_wconf 92' lang='lat' dir='ltr'>per</span> <span class='ocrx_word' id='word_1_287' title='bbox 2724 3459 3047 3519; x_wconf 87' lang='lat' dir='ltr'>auxilium</span> <span class='ocrx_word' id='word_1_288' title='bbox 3082 3465 3355 3537; x_wconf 88' lang='lat' dir='ltr'>superni</span> 
     </span>
     <span class='ocr_line' id='line_1_28' title="bbox 275 3560 3358 3643; baseline 0.001 -17"><span class='ocrx_word' id='word_1_289' title='bbox 275 3573 619 3643; x_wconf 89' lang='lat' dir='ltr'>respectus</span> <span class='ocrx_word' id='word_1_290' title='bbox 655 3564 908 3641; x_wconf 85' lang='lat' dir='ltr'>aliquid</span> <span class='ocrx_word' id='word_1_291' title='bbox 944 3571 1008 3623; x_wconf 90' lang='lat' dir='ltr'>te</span> <span class='ocrx_word' id='word_1_292' title='bbox 1042 3562 1412 3638; x_wconf 89' lang='lat' dir='ltr'>profecisse</span> <span class='ocrx_word' id='word_1_293' title='bbox 1447 3562 1767 3634; x_wconf 80' lang='lat' dir='ltr'>senseriS,</span> <span class='ocrx_word' id='word_1_294' title='bbox 1806 3560 2042 3620; x_wconf 89' lang='lat' dir='ltr'>humili</span> <span class='ocrx_word' id='word_1_295' title='bbox 2080 3560 2433 3622; x_wconf 91' lang='lat' dir='ltr'>devotione</span> <span class='ocrx_word' id='word_1_296' title='bbox 2468 3563 2532 3621; x_wconf 92' lang='lat' dir='ltr'>id</span> <span class='ocrx_word' id='word_1_297' title='bbox 2582 3564 2889 3639; x_wconf 84' lang='lat' dir='ltr'>largitori</span> <span class='ocrx_word' id='word_1_298' title='bbox 2924 3583 3190 3643; x_wconf 84' lang='lat' dir='ltr'>arroga,</span> <span class='ocrx_word' id='word_1_299' title='bbox 3226 3586 3358 3631; x_wconf 89' lang='lat' dir='ltr'>non</span> 
     </span>
     <span class='ocr_line' id='line_1_29' title="bbox 271 3664 3355 3746; baseline 0.001 -17"><span class='ocrx_word' id='word_1_300' title='bbox 271 3671 418 3745; x_wconf 82' lang='lat' dir='ltr'>tibi;</span> <span class='ocrx_word' id='word_1_301' title='bbox 455 3677 521 3730; x_wconf 89' lang='lat' dir='ltr'>et</span> <span class='ocrx_word' id='word_1_302' title='bbox 557 3672 620 3728; x_wconf 89' lang='lat' dir='ltr'>in</span> <span class='ocrx_word' id='word_1_303' title='bbox 654 3671 904 3729; x_wconf 86' lang='lat' dir='ltr'>incerto</span> <span class='ocrx_word' id='word_1_304' title='bbox 938 3683 1164 3727; x_wconf 88' lang='lat' dir='ltr'>rerum</span> <span class='ocrx_word' id='word_1_305' title='bbox 1196 3672 1460 3735; x_wconf 84' lang='lat' dir='ltr'>eventu,</span> <span class='ocrx_word' id='word_1_306' title='bbox 1500 3680 1863 3740; x_wconf 77' lang='lat' dir='ltr'>numquam</span> <span class='ocrx_word' id='word_1_307' title='bbox 1900 3664 2016 3724; x_wconf 90' lang='lat' dir='ltr'>tibi</span> <span class='ocrx_word' id='word_1_308' title='bbox 2054 3664 2135 3724; x_wconf 90' lang='lat' dir='ltr'>de</span> <span class='ocrx_word' id='word_1_309' title='bbox 2170 3664 2411 3724; x_wconf 86' lang='lat' dir='ltr'>fiducia</span> <span class='ocrx_word' id='word_1_310' title='bbox 2461 3668 2852 3727; x_wconf 88' lang='lat' dir='ltr'>securitatis</span> <span class='ocrx_word' id='word_1_311' title='bbox 2900 3669 3120 3746; x_wconf 87' lang='lat' dir='ltr'>inepte</span> <span class='ocrx_word' id='word_1_312' title='bbox 3170 3672 3355 3732; x_wconf 90' lang='lat' dir='ltr'>blan-</span> 
     </span>
     <span class='ocr_line' id='line_1_30' title="bbox 274 3760 3363 3854; baseline -0 -19"><span class='ocrx_word' id='word_1_313' title='bbox 274 3776 509 3849; x_wconf 75' lang='lat' dir='ltr'>diariS‚</span> <span class='ocrx_word' id='word_1_314' title='bbox 547 3790 627 3833; x_wconf 89' lang='lat' dir='ltr'>ne</span> <span class='ocrx_word' id='word_1_315' title='bbox 659 3773 816 3832; x_wconf 85' lang='lat' dir='ltr'>dum</span> <span class='ocrx_word' id='word_1_316' title='bbox 844 3779 908 3831; x_wconf 93' lang='lat' dir='ltr'>te</span> <span class='ocrx_word' id='word_1_317' title='bbox 936 3772 1194 3831; x_wconf 76' lang='lat' dir='ltr'>firmius</span> <span class='ocrx_word' id='word_1_318' title='bbox 1229 3774 1409 3830; x_wconf 89' lang='lat' dir='ltr'>stare</span> <span class='ocrx_word' id='word_1_319' title='bbox 1443 3760 2069 3854; x_wconf 85' lang='lat' dir='ltr'>[praesumpseris]‚</span> <span class='ocrx_word' id='word_1_320' title='bbox 2108 3768 2588 3829; x_wconf 88' lang='lat' dir='ltr'>miserabiliter</span> <span class='ocrx_word' id='word_1_321' title='bbox 2622 3771 2913 3831; x_wconf 88' lang='lat' dir='ltr'>decidas:</span> <span class='ocrx_word' id='word_1_322' title='bbox 2944 3774 3101 3848; x_wconf 89' lang='lat' dir='ltr'>quia</span> <span class='ocrx_word' id='word_1_323' title='bbox 3129 3790 3363 3851; x_wconf 78' lang='lat' dir='ltr'>super-</span> 
     </span>
     <span class='ocr_line' id='line_1_31' title="bbox 277 3875 3367 3957; baseline 0.001 -15"><span class='ocrx_word' id='word_1_324' title='bbox 277 3882 434 3942; x_wconf 85' lang='lat' dir='ltr'>bum</span> <span class='ocrx_word' id='word_1_325' title='bbox 484 3888 610 3952; x_wconf 88' lang='lat' dir='ltr'>est,</span> <span class='ocrx_word' id='word_1_326' title='bbox 661 3880 742 3939; x_wconf 89' lang='lat' dir='ltr'>de</span> <span class='ocrx_word' id='word_1_327' title='bbox 791 3896 922 3939; x_wconf 90' lang='lat' dir='ltr'>non</span> <span class='ocrx_word' id='word_1_328' title='bbox 968 3878 1285 3954; x_wconf 91' lang='lat' dir='ltr'>peccandi</span> <span class='ocrx_word' id='word_1_329' title='bbox 1337 3876 1655 3936; x_wconf 85' lang='lat' dir='ltr'>facultate</span> <span class='ocrx_word' id='word_1_330' title='bbox 1704 3891 2160 3952; x_wconf 85' lang='lat' dir='ltr'>praesumere3</span> <span class='ocrx_word' id='word_1_331' title='bbox 2219 3883 2286 3936; x_wconf 93' lang='lat' dir='ltr'>et</span> <span class='ocrx_word' id='word_1_332' title='bbox 2331 3875 2647 3937; x_wconf 85' lang='lat' dir='ltr'>facillime</span> <span class='ocrx_word' id='word_1_333' title='bbox 2695 3880 3008 3954; x_wconf 88' lang='lat' dir='ltr'>vincitur,</span> <span class='ocrx_word' id='word_1_334' title='bbox 3059 3883 3176 3957; x_wconf 90' lang='lat' dir='ltr'>qui</span> <span class='ocrx_word' id='word_1_335' title='bbox 3224 3884 3367 3944; x_wconf 91' lang='lat' dir='ltr'>vin-</span> 
     </span>
     <span class='ocr_line' id='line_1_32' title="bbox 277 3980 3366 4061; baseline 0.002 -18"><span class='ocrx_word' id='word_1_336' title='bbox 277 3985 339 4044; x_wconf 92' lang='lat' dir='ltr'>ci</span> <span class='ocrx_word' id='word_1_337' title='bbox 386 4002 515 4045; x_wconf 91' lang='lat' dir='ltr'>non</span> <span class='ocrx_word' id='word_1_338' title='bbox 564 3990 852 4043; x_wconf 90' lang='lat' dir='ltr'>veretur.</span> <span class='ocrx_word' id='word_1_339' title='bbox 902 3982 1049 4042; x_wconf 94' lang='lat' dir='ltr'>Noli</span> <span class='ocrx_word' id='word_1_340' title='bbox 1098 3997 1258 4057; x_wconf 82' lang='lat' dir='ltr'>ergo</span> <span class='ocrx_word' id='word_1_341' title='bbox 1310 3981 1634 4040; x_wconf 85' lang='lat' dir='ltr'>aemulari</span> <span class='ocrx_word' id='word_1_342' title='bbox 1684 3980 1751 4039; x_wconf 91' lang='lat' dir='ltr'>in</span> <span class='ocrx_word' id='word_1_343' title='bbox 1796 3980 1919 4053; x_wconf 75' lang='lat' dir='ltr'>eie,</span> <span class='ocrx_word' id='word_1_344' title='bbox 1973 3980 2090 4055; x_wconf 89' lang='lat' dir='ltr'>qui</span> <span class='ocrx_word' id='word_1_345' title='bbox 2136 3986 2620 4055; x_wconf 88' lang='lat' dir='ltr'>prosperantur</span> <span class='ocrx_word' id='word_1_346' title='bbox 2669 3982 2735 4040; x_wconf 86' lang='lat' dir='ltr'>in</span> <span class='ocrx_word' id='word_1_347' title='bbox 2771 3983 2896 4042; x_wconf 88' lang='lat' dir='ltr'>viis</span> <span class='ocrx_word' id='word_1_348' title='bbox 2932 3984 3098 4059; x_wconf 79' lang='lat' dir='ltr'>suiS,</span> <span class='ocrx_word' id='word_1_349' title='bbox 3151 3988 3265 4061; x_wconf 89' lang='lat' dir='ltr'>qui</span> <span class='ocrx_word' id='word_1_350' title='bbox 3300 3996 3366 4048; x_wconf 88' lang='lat' dir='ltr'>et</span> 
     </span>
     <span class='ocr_line' id='line_1_33' title="bbox 281 4083 3364 4168; baseline 0.001 -21"><span class='ocrx_word' id='word_1_351' title='bbox 281 4088 618 4148; x_wconf 86' lang='lat' dir='ltr'>confidunt</span> <span class='ocrx_word' id='word_1_352' title='bbox 667 4088 732 4147; x_wconf 89' lang='lat' dir='ltr'>in</span> <span class='ocrx_word' id='word_1_353' title='bbox 779 4088 1029 4146; x_wconf 86' lang='lat' dir='ltr'>virtute</span> <span class='ocrx_word' id='word_1_354' title='bbox 1079 4102 1223 4158; x_wconf 89' lang='lat' dir='ltr'>sua,</span> <span class='ocrx_word' id='word_1_355' title='bbox 1273 4090 1341 4144; x_wconf 90' lang='lat' dir='ltr'>et</span> <span class='ocrx_word' id='word_1_356' title='bbox 1387 4083 1635 4143; x_wconf 87' lang='lat' dir='ltr'>dicunt:</span> <span class='ocrx_word' id='word_1_357' title='bbox 1691 4084 1927 4145; x_wconf 81' lang='lat' dir='ltr'>Manus</span> <span class='ocrx_word' id='word_1_358' title='bbox 1974 4091 2203 4143; x_wconf 80' lang='lat' dir='ltr'>nostra</span> <span class='ocrx_word' id='word_1_359' title='bbox 2252 4085 2536 4158; x_wconf 80' lang='lat' dir='ltr'>excelsa,</span> <span class='ocrx_word' id='word_1_360' title='bbox 2587 4091 2649 4144; x_wconf 86' lang='lat' dir='ltr'>et</span> <span class='ocrx_word' id='word_1_361' title='bbox 2684 4103 2817 4146; x_wconf 84' lang='lat' dir='ltr'>non</span> <span class='ocrx_word' id='word_1_362' title='bbox 2852 4088 3174 4150; x_wconf 82' lang='lat' dir='ltr'>Dominus</span> <span class='ocrx_word' id='word_1_363' title='bbox 3206 4093 3364 4168; x_wconf 75' lang='lat' dir='ltr'>fecit</span> 
     </span>
     <span class='ocr_line' id='line_1_34' title="bbox 269 4189 3369 4273; baseline -0.001 -16"><span class='ocrx_word' id='word_1_364' title='bbox 269 4200 436 4257; x_wconf 71' lang='lat' dir='ltr'>haec</span> <span class='ocrx_word' id='word_1_365' title='bbox 467 4197 707 4255; x_wconf 80' lang='lat' dir='ltr'>omnia.</span> <span class='ocrx_word' id='word_1_366' title='bbox 737 4193 787 4273; x_wconf 90' lang='lat'>⁷)</span> <span class='ocrx_word' id='word_1_367' title='bbox 838 4193 964 4253; x_wconf 88' lang='lat' dir='ltr'>Sed</span> <span class='ocrx_word' id='word_1_368' title='bbox 1014 4192 1352 4252; x_wconf 89' lang='lat' dir='ltr'>aemulare</span> <span class='ocrx_word' id='word_1_369' title='bbox 1400 4196 1787 4249; x_wconf 87' lang='lat' dir='ltr'>sanctorum</span> <span class='ocrx_word' id='word_1_370' title='bbox 1837 4189 2232 4250; x_wconf 84' lang='lat' dir='ltr'>aviditatem</span> <span class='ocrx_word' id='word_1_371' title='bbox 2280 4196 2347 4249; x_wconf 87' lang='lat' dir='ltr'>et</span> <span class='ocrx_word' id='word_1_372' title='bbox 2374 4190 2733 4265; x_wconf 81' lang='lat' dir='ltr'>justitiam:</span> <span class='ocrx_word' id='word_1_373' title='bbox 2780 4192 3172 4254; x_wconf 86' lang='lat' dir='ltr'>aviditatem</span> <span class='ocrx_word' id='word_1_374' title='bbox 3221 4198 3369 4272; x_wconf 89' lang='lat' dir='ltr'>qui-</span> 
     </span>
     <span class='ocr_line' id='line_1_35' title="bbox 278 4295 3369 4376; baseline 0 -14"><span class='ocrx_word' id='word_1_375' title='bbox 278 4303 451 4376; x_wconf 89' lang='lat' dir='ltr'>dem,</span> <span class='ocrx_word' id='word_1_376' title='bbox 489 4305 562 4362; x_wconf 91' lang='lat' dir='ltr'>ut</span> <span class='ocrx_word' id='word_1_377' title='bbox 592 4302 675 4361; x_wconf 89' lang='lat' dir='ltr'>ad</span> <span class='ocrx_word' id='word_1_378' title='bbox 714 4316 1098 4360; x_wconf 82' lang='lat' dir='ltr'>mensuram</span> <span class='ocrx_word' id='word_1_379' title='bbox 1133 4296 1640 4357; x_wconf 89' lang='lat' dir='ltr'>consuetudinis</span> <span class='ocrx_word' id='word_1_380' title='bbox 1673 4301 1829 4354; x_wconf 80' lang='lat' dir='ltr'>tuae</span> <span class='ocrx_word' id='word_1_381' title='bbox 1862 4296 2056 4354; x_wconf 89' lang='lat' dir='ltr'>novis</span> <span class='ocrx_word' id='word_1_382' title='bbox 2091 4295 2393 4371; x_wconf 89' lang='lat' dir='ltr'>quotidie</span> <span class='ocrx_word' id='word_1_383' title='bbox 2428 4297 2682 4372; x_wconf 87' lang='lat' dir='ltr'>aliquid</span> <span class='ocrx_word' id='word_1_384' title='bbox 2720 4313 3019 4372; x_wconf 88' lang='lat' dir='ltr'>apponas</span> <span class='ocrx_word' id='word_1_385' title='bbox 3053 4314 3369 4376; x_wconf 83' lang='lat' dir='ltr'>augmen-</span> 
     </span>
     <span class='ocr_line' id='line_1_36' title="bbox 281 4399 3372 4481; baseline 0.001 -15"><span class='ocrx_word' id='word_1_386' title='bbox 281 4408 392 4481; x_wconf 83' lang='lat' dir='ltr'>tis,</span> <span class='ocrx_word' id='word_1_387' title='bbox 445 4409 666 4467; x_wconf 88' lang='lat' dir='ltr'>sciens</span> <span class='ocrx_word' id='word_1_388' title='bbox 714 4406 839 4466; x_wconf 90' lang='lat' dir='ltr'>hoc</span> <span class='ocrx_word' id='word_1_389' title='bbox 887 4405 1063 4481; x_wconf 88' lang='lat' dir='ltr'>quod</span> <span class='ocrx_word' id='word_1_390' title='bbox 1112 4419 1306 4463; x_wconf 89' lang='lat' dir='ltr'>nemo</span> <span class='ocrx_word' id='word_1_391' title='bbox 1356 4408 1491 4461; x_wconf 90' lang='lat' dir='ltr'>tam</span> <span class='ocrx_word' id='word_1_392' title='bbox 1543 4399 1881 4475; x_wconf 90' lang='lat' dir='ltr'>perfectus</span> <span class='ocrx_word' id='word_1_393' title='bbox 1930 4405 1998 4458; x_wconf 89' lang='lat' dir='ltr'>et</span> <span class='ocrx_word' id='word_1_394' title='bbox 2033 4405 2305 4458; x_wconf 87' lang='lat' dir='ltr'>sanctus</span> <span class='ocrx_word' id='word_1_395' title='bbox 2342 4403 2468 4473; x_wconf 87' lang='lat' dir='ltr'>est,</span> <span class='ocrx_word' id='word_1_396' title='bbox 2522 4407 2593 4459; x_wconf 91' lang='lat' dir='ltr'>ut</span> <span class='ocrx_word' id='word_1_397' title='bbox 2640 4400 3008 4477; x_wconf 88' lang='lat' dir='ltr'>perfectior</span> <span class='ocrx_word' id='word_1_398' title='bbox 3052 4419 3205 4464; x_wconf 88' lang='lat' dir='ltr'>esse</span> <span class='ocrx_word' id='word_1_399' title='bbox 3240 4423 3372 4467; x_wconf 79' lang='lat' dir='ltr'>non</span> 
     </span>
     <span class='ocr_line' id='line_1_37' title="bbox 277 4506 3359 4591; baseline -0.001 -15"><span class='ocrx_word' id='word_1_400' title='bbox 277 4516 491 4591; x_wconf 83' lang='lat' dir='ltr'>possit</span> <span class='ocrx_word' id='word_1_401' title='bbox 525 4521 593 4575; x_wconf 89' lang='lat' dir='ltr'>et</span> <span class='ocrx_word' id='word_1_402' title='bbox 627 4515 942 4574; x_wconf 85' lang='lat' dir='ltr'>sanctior:</span> <span class='ocrx_word' id='word_1_403' title='bbox 978 4520 1045 4573; x_wconf 90' lang='lat' dir='ltr'>et</span> <span class='ocrx_word' id='word_1_404' title='bbox 1093 4514 1269 4572; x_wconf 88' lang='lat' dir='ltr'>sicut</span> <span class='ocrx_word' id='word_1_405' title='bbox 1317 4512 1538 4585; x_wconf 88' lang='lat' dir='ltr'>potest</span> <span class='ocrx_word' id='word_1_406' title='bbox 1587 4508 1833 4568; x_wconf 88' lang='lat' dir='ltr'>habere</span> <span class='ocrx_word' id='word_1_407' title='bbox 1882 4523 2013 4583; x_wconf 89' lang='lat' dir='ltr'>quo</span> <span class='ocrx_word' id='word_1_408' title='bbox 2050 4506 2324 4572; x_wconf 84' lang='lat' dir='ltr'>recidat.</span> <span class='ocrx_word' id='word_1_409' title='bbox 2365 4508 2455 4567; x_wconf 89' lang='lat' dir='ltr'>ita</span> <span class='ocrx_word' id='word_1_410' title='bbox 2490 4511 2714 4584; x_wconf 86' lang='lat' dir='ltr'>potest</span> <span class='ocrx_word' id='word_1_411' title='bbox 2764 4508 3012 4570; x_wconf 89' lang='lat' dir='ltr'>habere</span> <span class='ocrx_word' id='word_1_412' title='bbox 3047 4527 3178 4588; x_wconf 87' lang='lat' dir='ltr'>quo</span> <span class='ocrx_word' id='word_1_413' title='bbox 3214 4529 3359 4574; x_wconf 86' lang='lat' dir='ltr'>cre-</span> 
     </span>
     <span class='ocr_line' id='line_1_38' title="bbox 282 4611 3370 4696; baseline -0.002 -15"><span class='ocrx_word' id='word_1_414' title='bbox 282 4626 446 4695; x_wconf 83' lang='lat' dir='ltr'>scat;</span> <span class='ocrx_word' id='word_1_415' title='bbox 492 4620 826 4696; x_wconf 87' lang='lat' dir='ltr'>justitiam</span> <span class='ocrx_word' id='word_1_416' title='bbox 863 4635 1049 4687; x_wconf 87' lang='lat' dir='ltr'>vero,</span> <span class='ocrx_word' id='word_1_417' title='bbox 1101 4624 1174 4677; x_wconf 93' lang='lat' dir='ltr'>ut</span> <span class='ocrx_word' id='word_1_418' title='bbox 1207 4617 1411 4676; x_wconf 85' lang='lat' dir='ltr'>etiarn</span> <span class='ocrx_word' id='word_1_419' title='bbox 1463 4615 1633 4673; x_wconf 87' lang='lat' dir='ltr'>inter</span> <span class='ocrx_word' id='word_1_420' title='bbox 1669 4627 1905 4686; x_wconf 81' lang='lat' dir='ltr'>magna</span> <span class='ocrx_word' id='word_1_421' title='bbox 1955 4611 2284 4671; x_wconf 89' lang='lat' dir='ltr'>virtutum</span> <span class='ocrx_word' id='word_1_422' title='bbox 2331 4613 2650 4672; x_wconf 85' lang='lat' dir='ltr'>exercitia</span> <span class='ocrx_word' id='word_1_423' title='bbox 2698 4629 3035 4689; x_wconf 89' lang='lat' dir='ltr'>nunquam</span> <span class='ocrx_word' id='word_1_424' title='bbox 3080 4623 3144 4675; x_wconf 88' lang='lat' dir='ltr'>te</span> <span class='ocrx_word' id='word_1_425' title='bbox 3178 4632 3370 4692; x_wconf 88' lang='lat' dir='ltr'>prae-</span> 
     </span>
     <span class='ocr_line' id='line_1_39' title="bbox 278 4710 3374 4798; baseline -0.002 -13"><span class='ocrx_word' id='word_1_426' title='bbox 278 4741 514 4784; x_wconf 80' lang='lat' dir='ltr'>sumas</span> <span class='ocrx_word' id='word_1_427' title='bbox 564 4739 714 4784; x_wconf 92' lang='lat' dir='ltr'>esse</span> <span class='ocrx_word' id='word_1_428' title='bbox 763 4721 1156 4798; x_wconf 88' lang='lat' dir='ltr'>perfectum,</span> <span class='ocrx_word' id='word_1_429' title='bbox 1208 4735 1289 4779; x_wconf 90' lang='lat' dir='ltr'>ne</span> <span class='ocrx_word' id='word_1_430' title='bbox 1333 4721 1509 4778; x_wconf 87' lang='lat' dir='ltr'>sicut</span> <span class='ocrx_word' id='word_1_431' title='bbox 1542 4718 1779 4776; x_wconf 89' lang='lat' dir='ltr'>beatus</span> <span class='ocrx_word' id='word_1_432' title='bbox 1816 4721 2060 4788; x_wconf 89' lang='lat' dir='ltr'>monet,</span> <span class='ocrx_word' id='word_1_433' title='bbox 2094 4710 2143 4793; x_wconf 73' lang='lat'>⁸)</span> <span class='ocrx_word' id='word_1_434' title='bbox 2196 4715 2388 4790; x_wconf 86' lang='lat' dir='ltr'>cujus</span> <span class='ocrx_word' id='word_1_435' title='bbox 2423 4715 2532 4775; x_wconf 92' lang='lat' dir='ltr'>hic</span> <span class='ocrx_word' id='word_1_436' title='bbox 2567 4718 2792 4794; x_wconf 90' lang='lat' dir='ltr'>aliqua</span> <span class='ocrx_word' id='word_1_437' title='bbox 2825 4734 2985 4793; x_wconf 87' lang='lat' dir='ltr'>prae</span> <span class='ocrx_word' id='word_1_438' title='bbox 3023 4726 3374 4781; x_wconf 85' lang='lat' dir='ltr'>venustate</span> 
     </span>
    </p>
   </div>
   <div class='ocr_carea' id='block_1_5' title="bbox 289 4885 3376 5136">
    <p class='ocr_par' dir='ltr' id='par_1_5' title="bbox 289 4885 3376 5136">
     <span class='ocr_line' id='line_1_40' title="bbox 357 4885 3373 4969; baseline -0.001 -20"><span class='ocrx_word' id='word_1_439' title='bbox 357 4894 402 4953; x_wconf 82' lang='lat'>¹)</span> <span class='ocrx_word' id='word_1_440' title='bbox 429 4912 595 4969; x_wconf 80' lang='lat' dir='ltr'>quam</span> <span class='ocrx_word' id='word_1_441' title='bbox 618 4892 739 4949; x_wconf 91' lang='lat' dir='ltr'>cod.</span> <span class='ocrx_word' id='word_1_442' title='bbox 772 4922 837 4932; x_wconf 90' lang='lat'>·-</span> <span class='ocrx_word' id='word_1_443' title='bbox 867 4892 914 4956; x_wconf 78' lang='lat'>⁴²)</span> <span class='ocrx_word' id='word_1_444' title='bbox 938 4889 1114 4945; x_wconf 84' lang='lat' dir='ltr'>Exod.</span> <span class='ocrx_word' id='word_1_445' title='bbox 1144 4889 1276 4953; x_wconf 85' lang='lat' dir='ltr'>XX,</span> <span class='ocrx_word' id='word_1_446' title='bbox 1308 4892 1392 4945; x_wconf 69' lang='lat'>1⁴.</span> <span class='ocrx_word' id='word_1_447' title='bbox 1424 4903 1545 4958; x_wconf 87' lang='lat' dir='ltr'>sqq.</span> <span class='ocrx_word' id='word_1_448' title='bbox 1577 4885 1783 4942; x_wconf 81' lang='lat' dir='ltr'>Matth.</span> <span class='ocrx_word' id='word_1_449' title='bbox 1879 4888 1923 4950; x_wconf 80' lang='lat'>⁵)</span> <span class='ocrx_word' id='word_1_450' title='bbox 1950 4885 2158 4942; x_wconf 79' lang='lat' dir='ltr'>Matth.</span> <span class='ocrx_word' id='word_1_451' title='bbox 2185 4885 2344 4947; x_wconf 85' lang='lat' dir='ltr'>XVI.</span> <span class='ocrx_word' id='word_1_452' title='bbox 2372 4889 2459 4943; x_wconf 69' lang='lat'>2⁴.</span> <span class='ocrx_word' id='word_1_453' title='bbox 2485 4917 2552 4927; x_wconf 90' lang='lat'>——</span> <span class='ocrx_word' id='word_1_454' title='bbox 2578 4887 2624 4951; x_wconf 69' lang='grc' dir='ltr'>θ)</span> <span class='ocrx_word' id='word_1_455' title='bbox 2650 4886 2800 4943; x_wconf 83' lang='lat' dir='ltr'>Phil.</span> <span class='ocrx_word' id='word_1_456' title='bbox 2823 4887 2931 4950; x_wconf 81' lang='lat'>111.</span> <span class='ocrx_word' id='word_1_457' title='bbox 2964 4892 3047 4944; x_wconf 77' lang='lat'>13.</span> <span class='ocrx_word' id='word_1_458' title='bbox 3072 4891 3202 4956; x_wconf 82' lang='lat'>--⁷)</span> <span class='ocrx_word' id='word_1_459' title='bbox 3228 4891 3373 4946; x_wconf 88' lang='lat' dir='ltr'>Deu-</span> 
     </span>
     <span class='ocr_line' id='line_1_41' title="bbox 289 4973 3373 5050; baseline -0 -18"><span class='ocrx_word' id='word_1_460' title='bbox 289 4980 366 5044; x_wconf 81' lang='lat' dir='ltr'>V,</span> <span class='ocrx_word' id='word_1_461' title='bbox 393 4984 480 5035; x_wconf 77' lang='lat'>27.</span> <span class='ocrx_word' id='word_1_462' title='bbox 512 5010 577 5020; x_wconf 95' lang='lat'>—</span> <span class='ocrx_word' id='word_1_463' title='bbox 603 4978 647 5043; x_wconf 77' lang='lat'>⁸)</span> <span class='ocrx_word' id='word_1_464' title='bbox 684 4980 799 5036; x_wconf 75' lang='lat' dir='ltr'>alto</span> <span class='ocrx_word' id='word_1_465' title='bbox 834 4980 1128 5050; x_wconf 61' lang='lat' dir='ltr'>subjextum</span> <span class='ocrx_word' id='word_1_466' title='bbox 1158 4978 1560 5050; x_wconf 63' lang='lat' dir='ltr'>transgrediens</span> <span class='ocrx_word' id='word_1_467' title='bbox 1597 4975 1791 5045; x_wconf 87' lang='lat' dir='ltr'>inepte</span> <span class='ocrx_word' id='word_1_468' title='bbox 1883 4980 1986 5032; x_wconf 86' lang='lat' dir='ltr'>ter.</span> <span class='ocrx_word' id='word_1_469' title='bbox 2014 4973 2264 5037; x_wconf 75' lang='lat' dir='ltr'>xxxii,</span> <span class='ocrx_word' id='word_1_470' title='bbox 2292 4979 2378 5030; x_wconf 83' lang='lat'>27.</span> <span class='ocrx_word' id='word_1_471' title='bbox 2410 5006 2477 5015; x_wconf 95' lang='lat'>—</span> <span class='ocrx_word' id='word_1_472' title='bbox 2514 4974 2559 5039; x_wconf 69' lang='grc'>8)</span> <span class='ocrx_word' id='word_1_473' title='bbox 2584 4975 2727 5041; x_wconf 88' lang='lat' dir='ltr'>Quis</span> <span class='ocrx_word' id='word_1_474' title='bbox 2753 4975 2831 5030; x_wconf 88' lang='lat' dir='ltr'>sit</span> <span class='ocrx_word' id='word_1_475' title='bbox 2860 4975 2957 5031; x_wconf 88' lang='lat' dir='ltr'>ille</span> <span class='ocrx_word' id='word_1_476' title='bbox 2988 4976 3174 5032; x_wconf 75' lang='lat' dir='ltr'>beatus</span> <span class='ocrx_word' id='word_1_477' title='bbox 3209 4993 3373 5031; x_wconf 68' lang='lat' dir='ltr'>venn-</span> 
     </span>
     <span class='ocr_line' id='line_1_42' title="bbox 290 5059 3376 5136; baseline -0.002 -15"><span class='ocrx_word' id='word_1_478' title='bbox 290 5065 416 5121; x_wconf 84' lang='lat' dir='ltr'>cod.</span> <span class='ocrx_word' id='word_1_479' title='bbox 456 5080 624 5136; x_wconf 85' lang='lat' dir='ltr'>quem</span> <span class='ocrx_word' id='word_1_480' title='bbox 650 5066 818 5121; x_wconf 87' lang='lat' dir='ltr'>aliter</span> <span class='ocrx_word' id='word_1_481' title='bbox 842 5064 988 5121; x_wconf 86' lang='lat' dir='ltr'>alius</span> <span class='ocrx_word' id='word_1_482' title='bbox 1026 5064 1429 5121; x_wconf 84' lang='lat' dir='ltr'>emendaverit.</span> <span class='ocrx_word' id='word_1_483' title='bbox 1461 5095 1528 5105; x_wconf 86' lang='lat'>-··</span> <span class='ocrx_word' id='word_1_484' title='bbox 1554 5062 1599 5125; x_wconf 87' lang='lat'>⁴)</span> <span class='ocrx_word' id='word_1_485' title='bbox 1639 5061 1677 5118; x_wconf 81' lang='lat' dir='ltr'>f.</span> <span class='ocrx_word' id='word_1_486' title='bbox 1711 5078 1795 5118; x_wconf 84' lang='lat' dir='ltr'>re-</span> <span class='ocrx_word' id='word_1_487' title='bbox 1881 5070 2013 5124; x_wconf 76' lang='lat' dir='ltr'>stus.</span> <span class='ocrx_word' id='word_1_488' title='bbox 2041 5077 2310 5132; x_wconf 84' lang='lat' dir='ltr'>quaerere</span> <span class='ocrx_word' id='word_1_489' title='bbox 2337 5076 2448 5115; x_wconf 89' lang='lat' dir='ltr'>non</span> <span class='ocrx_word' id='word_1_490' title='bbox 2477 5066 2654 5115; x_wconf 81' lang='lat' dir='ltr'>vacat.</span> <span class='ocrx_word' id='word_1_491' title='bbox 2686 5059 3017 5128; x_wconf 83' lang='lat' dir='ltr'>Gregoriani</span> <span class='ocrx_word' id='word_1_492' title='bbox 3054 5059 3269 5131; x_wconf 81' lang='lat' dir='ltr'>aliquid</span> <span class='ocrx_word' id='word_1_493' title='bbox 3298 5062 3376 5116; x_wconf 82' lang='lat' dir='ltr'>le—</span> 
     </span>
    </p>
   </div>
   <div class='ocr_carea' id='block_1_6' title="bbox 291 5143 3180 5282">
    <p class='ocr_par' dir='ltr' id='par_1_6' title="bbox 291 5143 3180 5282">
     <span class='ocr_line' id='line_1_43' title="bbox 291 5143 2667 5222; baseline -0.003 -18"><span class='ocrx_word' id='word_1_494' title='bbox 291 5149 444 5204; x_wconf 83' lang='lat' dir='ltr'>ctius</span> <span class='ocrx_word' id='word_1_495' title='bbox 469 5168 612 5222; x_wconf 80' lang='lat' dir='ltr'>quae</span> <span class='ocrx_word' id='word_1_496' title='bbox 625 5151 782 5205; x_wconf 70' lang='lat' dir='ltr'>nobis</span> <span class='ocrx_word' id='word_1_497' title='bbox 800 5149 852 5204; x_wconf 85' lang='lat' dir='ltr'>J.</span> <span class='ocrx_word' id='word_1_498' title='bbox 877 5149 935 5204; x_wconf 84' lang='lat' dir='ltr'>C.</span> <span class='ocrx_word' id='word_1_499' title='bbox 943 5155 1206 5222; x_wconf 75' lang='lat' dir='ltr'>proponit</span> <span class='ocrx_word' id='word_1_500' title='bbox 1225 5156 1273 5205; x_wconf 78' lang='lat' dir='ltr'>et</span> <span class='ocrx_word' id='word_1_501' title='bbox 1298 5151 1497 5220; x_wconf 76' lang='lat' dir='ltr'>quibus</span> <span class='ocrx_word' id='word_1_502' title='bbox 1521 5156 1711 5211; x_wconf 83' lang='lat' dir='ltr'>monet,</span> <span class='ocrx_word' id='word_1_503' title='bbox 1731 5178 1797 5189; x_wconf 89' lang='lat'>—</span> <span class='ocrx_word' id='word_1_504' title='bbox 1885 5146 2039 5219; x_wconf 84' lang='lat' dir='ltr'>poris</span> <span class='ocrx_word' id='word_1_505' title='bbox 2068 5145 2303 5199; x_wconf 82' lang='lat' dir='ltr'>fortasse</span> <span class='ocrx_word' id='word_1_506' title='bbox 2333 5143 2667 5199; x_wconf 82' lang='lat' dir='ltr'>insonuerit.</span> 
     </span>
     <span class='ocr_line' id='line_1_44' title="bbox 3139 5245 3180 5282; baseline 0 -2"><span class='ocrx_word' id='word_1_507' title='bbox 3139 5245 3180 5282; x_wconf 61' lang='grc' dir='ltr'><strong>α</strong></span> 
     </span>
    </p>
   </div>
  </div>
 </body>
</html>
