4036 6117
664 461 793 524 {22
1823 478 1873 523 s,
1923 471 2465 524 ninosscAnnts

596 599 796 659 bilem
833 596 1206 657 mercedem
1241 597 1589 673 recipient,
1626 597 1938 672 quoniam
1995 598 2120 674 ipsi
2172 599 2239 656 in
2287 598 2633 657 miraculis
2669 599 2811 656 suis
2862 595 3179 657 honorem
3223 597 3690 660 exhibuerant.

594 703 1015 778 Quapropter
1047 702 1251 760 etiam
1285 707 1351 759 et
1385 702 1644 760 coelum
1683 701 1746 760 in
1782 701 2094 761 omnibus
2128 702 2538 762 ornamentis
2574 702 2716 761 suis
2751 703 3288 763 nominabuntur.

686 808 791 866 45.
827 805 1012 877 Quod
1047 809 1271 866 autern
1308 805 1555 864 invidia
1588 806 1822 865 dextra
1858 807 2134 880 scapula
2184 822 2386 881 super
2432 806 2705 865 easdem
2752 806 3066 866 tenebras
3101 824 3174 866 se
3210 809 3508 882 inclinat,
3563 810 3693 868 hoc

595 914 699 970 est
732 910 908 986 quod
944 909 1142 969 homo
1177 916 1429 969 rectam
1465 909 1776 969 fiduciam
1809 915 1875 968 et
1911 915 2167 969 rectam
2200 913 2626 986 potestatem,
2664 926 2865 987 quam
2901 912 2967 970 in
2999 912 3196 971 bonis
3227 916 3295 969 et
3331 913 3397 971 in
3431 913 3693 971 sanctis

592 1015 907 1091 operibus
924 1009 969 1090 ¹)
1000 1013 1245 1073 habere
1271 1014 1490 1086 debet,
1520 1030 1723 1089 quum
1750 1013 2079 1089 profectui
2107 1015 2394 1074 aliorum
2423 1014 2695 1089 invidet,
2726 1031 2929 1091 super
2952 1015 3323 1075 diabolicas
3350 1017 3690 1092 nequitias

595 1135 667 1178 se
700 1120 909 1194 ponit,
947 1133 1154 1194 quum
1186 1117 1313 1176 hoc
1348 1117 1597 1176 homini
1631 1116 1896 1177 auferre
1928 1119 2095 1191 vult,
2132 1117 2308 1194 quod
2342 1133 2382 1177 a
2412 1117 2545 1177 Deo
2581 1118 2803 1179 habet.
2838 1119 3002 1179 Nam
3039 1119 3287 1179 invidia
3336 1120 3692 1195 spoliatrix

590 1228 718 1296 est,
755 1225 823 1281 et
855 1221 1099 1281 similis
1138 1220 1403 1295 latroni,
1455 1222 1570 1296 qui
1620 1221 1685 1279 in
1733 1222 1844 1280 via
1878 1223 2235 1297 speluncas
2286 1220 2479 1296 facit,
2534 1228 2607 1281 ut
2639 1238 3181 1298 unumquemque
3228 1225 3691 1282 transeuntem

594 1345 712 1403 per
747 1329 930 1387 illam
963 1327 1276 1402 decipiat,
1329 1332 1397 1386 et
1429 1326 1490 1385 ei
1524 1327 1874 1402 pecuniam
1923 1343 2125 1402 quam
2174 1330 2397 1403 portat
2443 1327 2728 1399 auferat;
2780 1331 2846 1387 et
2881 1329 3124 1388 similis
3155 1330 3358 1388 etiam
3390 1328 3689 1403 viperae,

595 1448 767 1508 quae
801 1437 869 1489 et
903 1431 1334 1506 concipiendo
1370 1445 1447 1489 ac
1481 1430 1908 1504 egrediend0‚
1946 1433 2258 1490 auctores
2294 1433 2454 1489 s'uos
2488 1430 2752 1522 occidit.
2790 1431 3044 1490 Invidia
3077 1433 3252 1490 enim
3293 1433 3357 1490 in
3384 1432 3690 1491 moribus

596 1540 740 1598 suis
777 1537 1005 1597 foveas
1044 1535 1223 1608 facit,
1276 1552 1426 1594 curn
1477 1535 1727 1594 homini
1762 1535 1933 1595 bona
1983 1551 2107 1593 sua
2139 1534 2496 1608 abstrahit3
2549 1551 2628 1593 ac
2658 1536 2863 1594 etiam
2915 1536 3066 1594 illos
3101 1537 3216 1611 qui
3249 1537 3310 1594 ei
3345 1536 3515 1594 bona
3565 1552 3690 1595 sua

597 1641 823 1716 largiti
860 1646 1035 1713 sunt,
1072 1639 1374 1712 dilaniat,
1412 1655 1560 1698 cum
1599 1639 1697 1698 eis
1732 1638 2044 1698 omnibus
2081 1639 2296 1698 modis
2334 1638 2613 1697 insidias
2647 1640 2855 1715 ponit,
2893 1638 3449 1714 quemadmodum
3485 1639 3696 1697 etiam

598 1747 660 1804 in
696 1744 1100 1818 supradictis
1135 1744 1360 1802 verbis
1396 1743 1536 1801 suis
1570 1742 2005 1801 demonstrat.
2039 1742 2346 1802 Charitas
2380 1745 2602 1803 autem
2633 1744 2845 1817 ipsam
2885 1742 3248 1818 redarguit,
3277 1746 3340 1802 et
3367 1759 3448 1801 nc
3482 1742 3700 1801 homi-

597 1865 716 1908 nes
751 1847 956 1907 invidi
991 1848 1144 1921 sint,
1184 1848 1425 1905 monet.

1979 2046 2300 2114 XXXVII.

1839 2262 1932 2321 De
1982 2264 2173 2321 inani
2219 2263 2447 2338 ylario.

685 2470 787 2533 46.
841 2473 963 2530 Sed
1015 2471 1213 2530 tertia
1247 2465 1466 2543 imago
1522 2468 1782 2527 inanem
1818 2467 2102 2542 gloriam
2152 2468 2474 2542 declarat,
2512 2484 2684 2544 quae
2735 2465 2843 2528 hic
2879 2469 3195 2529 invidiam
3231 2468 3692 2547 subsequitur,

594 2579 907 2656 quoniam
944 2591 1063 2649 per
1096 2572 1633 2632 vicissitudinem
1682 2571 2160 2647 inquietudinis
2208 2570 2579 2631 alienarum
2629 2587 2876 2645 rerum,
2915 2574 3295 2632 comitatrix
3343 2574 3525 2634 illius
3557 2578 3690 2646 est;

595 2685 754 2759 quia
789 2682 1089 2740 homines
1140 2694 1289 2737 cum
1324 2676 1655 2753 profectui
1706 2676 1989 2735 aliorum
2043 2676 2362 2750 invident,
2418 2678 2484 2735 in
2528 2666 2910 2754 semetipsis
2959 2680 3237 2752 gloriari
3285 2681 3687 2742 desiderant.

596 2791 674 2849 Et
709 2789 873 2846 haec
909 2785 1188 2844 formam
1226 2781 1516 2841 hominis
1551 2778 1774 2854 habet,
1812 2781 2132 2855 quoniam
2170 2781 2235 2839 in
2268 2780 2625 2840 desideriis
2659 2788 2727 2841 et
2764 2783 2830 2840 in
2864 2784 3425 2857 concupiscentiis
3458 2800 3697 2845 carna-

595 2892 769 2951 libus
804 2892 926 2962 est;
978 2888 1252 2960 excepto
1287 2884 1462 2961 quod
1512 2898 1752 2943 manus
1786 2883 1933 2958 ejus
1984 2884 2287 2943 hirsutae
2323 2887 2502 2958 sunt,
2554 2885 2712 2959 quia
2746 2902 2949 2959 opera
2984 2902 3156 2962 quae
3189 2887 3552 2946 secundum
3588 2903 3699 2947 ra-

598 2993 1036 3055 tionalitatem
1073 2989 1156 3049 ad
1195 2987 1606 3048 intellectum
1643 2986 1933 3047 hominis
1975 2987 2265 3063 dirigere
2298 2987 2597 3063 deberet,
2633 2988 2714 3047 ad
2767 2989 3078 3048 bestialia
3114 2989 3287 3050 sacta
3335 2992 3691 3066 convertit;

595 3102 661 3159 et
695 3098 871 3174 quod
905 3112 1103 3155 crura
1136 3096 1204 3153 et
1234 3092 1438 3167 pedes
1473 3092 1686 3167 ipsius
1719 3092 2033 3152 cruribus
2066 3095 2133 3151 et
2164 3091 2445 3166 pedibus
2478 3092 2667 3167 gruis
2698 3093 3181 3168 assimilantur,
3231 3096 3542 3170 quoniam
3577 3111 3699 3155 va·-

592 3218 745 3262 nam
781 3200 1116 3275 optionem
1169 3197 1235 3256 in
1269 3194 1756 3271 objectionibus
1802 3192 2086 3269 Diaboli,
2124 3196 2309 3254 velut
2342 3196 2409 3254 in
2441 3195 2751 3255 cruribus
2785 3197 2929 3254 suis
2977 3197 3360 3273 extendens,
3403 3199 3695 3274 vestigia

599 3326 719 3368 sua
756 3307 838 3366 ad
888 3303 1401 3364 inconstantiam
1449 3300 1658 3377 ponit3
1694 3300 1809 3359 ubi
1858 3300 2122 3359 inanem
2172 3300 2591 3360 altitudinem
2642 3301 2784 3360 sine
2825 3302 3075 3361 virtute
3124 3302 3449 3362 bonorum
3499 3304 3697 3363 itine-

600 3429 743 3471 rum
781 3411 997 3484 magis
1029 3408 1112 3466 ad
1148 3407 1424 3466 stultam
1458 3404 2068 3479 irrationalitatem,
2106 3420 2308 3479 quam
2341 3403 2423 3463 ad
2461 3407 2711 3464 rectam
2747 3410 2814 3464 et
2846 3405 2930 3464 ad
2962 3421 3189 3465 veram
3240 3408 3688 3483 prudentiam,

599 3517 663 3573 in
700 3512 1077 3572 hominibus
1117 3511 1231 3585 qui
1267 3526 1411 3568 eam
1450 3509 1818 3582 imitantur,
1856 3508 2020 3582 figit.
2056 3507 2237 3567 Unde
2271 3508 2473 3566 etiam
2512 3508 2579 3567 in
2614 3509 2830 3585 capite
2865 3526 2985 3569 suo
3035 3510 3281 3586 pileum
3316 3511 3398 3572 de
3446 3514 3694 3587 grami-

599 3636 677 3677 ne
714 3616 988 3690 cespitis
1041 3616 1288 3673 factum
1325 3614 1564 3687 gestat,
1618 3612 1777 3688 quia
1812 3610 2119 3669 homines
2169 3612 2283 3686 qui
2321 3611 2580 3670 inanem
2630 3613 2914 3686 gloriam
2954 3618 3326 3689 sequuntur
3356 3616 3424 3675 in
3458 3619 3698 3677 menti-

597 3726 718 3782 bus
753 3722 916 3788 suis,
962 3723 1261 3778 terrenos
1294 3722 1363 3776 et
1395 3715 1682 3775 caducos
1718 3715 2005 3774 honores
2040 3718 2286 3788 amant,
2324 3716 2439 3790 qui
2471 3715 2627 3775 dum
2662 3733 2836 3776 nunc
2867 3718 3087 3777 virent
3120 3720 3428 3793 utillime,
3458 3722 3525 3780 in
3556 3723 3692 3781 ari-

596 3827 804 3885 ditate
835 3820 885 3902 2)
922 3819 1480 3899 quemadmodum
1518 3819 1724 3878 herba
1756 3819 2154 3877 vestiuntur.
2192 3818 2271 3877 Et
2304 3819 2535 3879 eadem
2571 3820 2770 3879 etiam
2807 3821 2996 3895 nigro
3050 3821 3431 3883 indumento
3477 3824 3693 3884 indui-

602 3935 732 4002 tur,
761 3927 1074 4004 quoniam
1106 3925 1278 3983 idem
1311 3923 1548 3983 vitium
1578 3924 1642 3982 in
1675 3922 1817 3982 vita
1848 3938 1979 3980 non
2003 3923 2126 3994 est,
2165 3922 2280 3980 sed
2310 3923 2603 3983 tenebris
2631 3925 3044 3985 infidelitatis
3070 3926 3137 3986 in
3161 3927 3610 3989 internecione
3636 3924 3689 4008 ³)

605 4033 838 4093 mortis
888 4028 1364 4089 circumdatur.
1402 4026 1588 4098 Quod
1637 4029 1860 4085 autem
1898 4026 1965 4085 in
2013 4026 2246 4085 dextra
2281 4042 2401 4086 sua
2449 4027 2731 4087 viridem
2782 4032 3262 4105 ramusculum,
3299 4033 3367 4091 in
3415 4034 3693 4094 sinistra

597 4155 753 4197 vcro
804 4135 1129 4212 quosdam
1181 4133 1379 4192 flores
1414 4136 1616 4205 tenet,
1670 4146 1837 4207 quos
1874 4146 2117 4207 magna
2163 4131 2507 4206 diligentia
2542 4133 2832 4207 inspicit,
2871 4134 2997 4194 hoc
3038 4139 3142 4196 est
3174 4137 3349 4211 quod
3384 4137 3689 4198 homines

600 4244 862 4301 inanem
897 4239 1181 4315 gloriam
1217 4238 1579 4311 imitantes,
1618 4235 1951 4311 spiritalia
1980 4230 2027 4313 ⁴)
2075 4251 2300 4311 opera,
2337 4238 2521 4296 velut
2557 4237 2683 4312 ipsi
2730 4239 3140 4299 viriditatem
3178 4241 3244 4299 in
3284 4242 3689 4302 coelestibus

599 4347 922 4417 habeant,
974 4343 1263 4402 inaniter
1309 4357 1430 4417 per
1472 4340 1866 4415 jactantiam
1917 4341 2303 4400 ostendunt:
2356 4341 2713 4417 aliquando
2764 4346 2983 4402 autem
3034 4346 3407 4405 saecularia
3456 4362 3684 4421 opera,

599 4450 791 4526 quasi
843 4449 906 4506 in
943 4447 1223 4507 terrenis
1273 4462 1351 4503 ex
1385 4445 1714 4520 probitate
1765 4462 1886 4504 sua
1921 4444 2221 4513 floreant,
2272 4448 2545 4520 propter
2580 4445 2877 4507 favorem
2926 4449 3152 4508 mundi
3197 4437 3685 4525 demonstran&

596 4558 662 4612 et
699 4555 764 4612 in
800 4552 963 4610 haec
997 4566 1258 4610 omnem
1296 4549 1724 4608 intentionem
1762 4564 1953 4607 suam
1987 4550 2265 4623 ponunt,
2304 4549 2463 4623 quia
2510 4549 2787 4623 gloriari
2823 4552 2889 4610 in
2923 4553 3231 4612 omnibus
3279 4569 3398 4628 per
3429 4555 3689 4615 vanita-

603 4664 734 4717 tem
764 4656 1126 4732 jactantiae
1162 4653 1567 4727 desiderant,
1608 4655 1782 4712 sicut
1816 4659 1883 4711 et
1916 4652 2091 4711 idem
2126 4653 2365 4712 vitium
2399 4654 2464 4711 in
2502 4654 2834 4713 locutione
2870 4672 2991 4715 sua
3026 4658 3333 4733 superius
3368 4659 3687 4721 declarat.

600 4763 720 4821 Sed
761 4762 958 4821 timor
993 4761 1107 4817 Dei
1146 4774 1540 4834 responsum
1576 4758 1675 4817 illi
1709 4758 1844 4830 dat,
1887 4760 1953 4816 et
1986 4772 2132 4815 eam
2167 4757 2635 4818 detestabilem
2669 4777 2817 4820 esse
2853 4763 3257 4825 manifestat.

672 4979 713 5046 ¹)
744 4986 792 5034 et
815 4981 1013 5034 sanctis
1038 4976 1288 5046 operibus
1315 5002 1374 5012 -
1400 4977 1445 5037 ²)
1479 4978 1536 5029 in
1572 4976 1884 5028 ariditatem
1910 4972 1974 5028 A.
2026 5004 2074 5011 ⁷--
2102 4973 2145 5038 ³)
2175 4978 2522 5032 internicione
2547 4976 2611 5030 Α.
2646 5007 2710 5016 --
2740 4977 2782 5040 ⁴)
2810 4980 3131 5050 spiritualia
3160 4960 3227 5034 Ass
