4036 6117
1731 506 2192 555 EmsroLAss.
3305 488 3434 548 333

508 620 833 699 Quicquid
884 627 1106 684 autem
1160 624 1224 682 in
1258 623 1382 683 hac
1431 623 1689 683 visione
1729 624 1958 685 videro
2009 642 2130 684 seu
2161 622 2480 696 didicero,
2532 620 2732 697 hujus
2765 620 3157 680 memoriam
3204 636 3323 696 per
3360 622 3504 680 lon-

418 742 574 802 gum
626 734 886 803 tempus
937 728 1171 804 habe03
1227 730 1319 788 ita
1367 729 1543 805 quod
1594 728 1857 805 quando
1897 725 1943 808 ¹)
1996 728 2160 790 illud
2207 727 2490 787 viderim
2538 732 2604 786 et
2652 725 3001 800 audierim,
3040 724 3379 798 recordor,
3430 726 3499 783 et

419 835 616 893 simul
668 835 881 903 video,
922 835 1139 910 audi0,
1193 837 1356 909 sci0,
1393 843 1459 895 et
1493 837 1689 913 quasi
1739 836 1807 897 in
1840 842 2175 896 momento
2226 834 2352 894 hoc
2384 833 2559 910 quod
2595 833 2758 906 scio,
2811 832 3020 906 diso03
3058 832 3235 907 quod
3270 834 3493 891 autem

415 956 546 999 non
580 942 794 1011 video,
852 943 1012 1001 illud
1049 944 1295 1012 nescio,
1348 945 1505 1020 quia
1541 946 1804 1005 indocta
1845 961 2017 1018 sum3
2072 944 2188 1003 sed
2223 946 2481 1003 tantum
2516 942 2777 1000 litteras
2827 942 2893 999 in
2927 941 3358 1014 simplicitate
3407 939 3495 998 le-

419 1062 575 1120 gere
630 1048 952 1106 instructa
990 1065 1158 1109 sum.
1208 1049 1286 1107 Et
1320 1065 1396 1108 ea
1434 1066 1603 1125 quae
1650 1050 1872 1110 scribo
1922 1050 1988 1108 in
2022 1049 2305 1123 visione,
2357 1048 2549 1106 video
2584 1052 2652 1106 et
2683 1045 2904 1120 audio;
2956 1061 3077 1105 nec
3110 1045 3244 1104 alia
3290 1043 3498 1102 verba

418 1168 613 1225 pono,
666 1169 868 1228 quam
921 1154 1032 1213 illa
1066 1171 1236 1229 quae
1286 1156 1482 1215 audio
1516 1162 1583 1215 et
1618 1156 1844 1215 latinis
1879 1157 2106 1215 verbis
2154 1171 2284 1214 non
2323 1154 2574 1213 limatis
2622 1169 2700 1213 ea
2749 1152 3039 1229 profero,
3087 1147 3138 1229 ²)
3190 1148 3504 1226 quemad-

427 1256 693 1314 modum
747 1258 859 1317 illa
897 1259 958 1316 in
1008 1259 1266 1319 visione
1300 1260 1517 1319 audio:
1571 1261 1882 1336 quoniam
1929 1261 2105 1319 sicut
2154 1257 2532 1335 philosophi
2571 1258 2894 1332 scribunt,
2948 1255 3242 1314 scrihere
3279 1255 3344 1313 in
3379 1251 3502 1312 hac

420 1360 676 1419 visione
711 1378 841 1420 non
877 1362 1141 1437 doceor;
1180 1369 1246 1421 et
1281 1364 1484 1423 verba
1519 1364 1586 1423 in
1620 1365 1879 1424 visione
1916 1365 2044 1423 ista
2079 1380 2209 1423 non
2236 1365 2412 1437 sunt,
2468 1363 2643 1422 sicut
2677 1361 2879 1420 verba
2914 1374 3085 1436 quae
3119 1358 3203 1417 ab
3241 1372 3356 1416 ore
3392 1353 3507 1416 ho-

423 1464 619 1522 minis
655 1472 913 1539 sonant,
954 1468 1068 1525 sed
1106 1469 1279 1527 sicut
1316 1467 1580 1528 flamma
1615 1485 2000 1543 coruscans,
2040 1475 2108 1528 et
2138 1474 2213 1528 ut
2246 1468 2457 1527 nubes
2500 1469 2565 1527 in
2600 1483 2753 1527 aere
2787 1482 2954 1542 puro
2991 1469 3190 1523 mota.

513 1566 723 1626 Huius
774 1585 1036 1645 quoque
1087 1571 1357 1631 luminis
1395 1572 1674 1631 formam
1709 1574 1890 1632 nullo
1927 1573 2121 1632 modo
2172 1587 2579 1648 cognoscere
2626 1570 2839 1643 vale0‚
2892 1569 3068 1628 sicut
3101 1582 3221 1626 nec
3267 1564 3501 1641 sphae-

429 1686 568 1728 ram
616 1665 666 1749 ³)
719 1673 882 1732 solis
934 1673 1225 1749 perfecte
1279 1677 1519 1736 intueri
1568 1693 1865 1752 possum.
1916 1678 1988 1737 In
2021 1677 2251 1736 eodem
2302 1677 2549 1736 lumine
2597 1676 2797 1734 aliam
2848 1673 3097 1747 lucem,
3150 1686 3321 1747 quae
3359 1654 3509 1732 Lu'a:

424 1776 641 1833 vivens
682 1776 841 1836 mihi
875 1779 1219 1840 nominata
1255 1786 1381 1854 est,
1420 1781 1752 1841 interdum
1785 1789 1851 1843 et
1899 1799 2028 1841 non
2082 1782 2464 1858 frequenter
2505 1780 2721 1854 video;
2773 1781 2839 1839 et
2888 1778 3175 1855 quando,
3227 1779 3294 1836 ct
3342 1792 3504 1852 quo-

429 1880 619 1939 modo
673 1882 850 1940 illam
903 1883 1186 1957 videam,
1227 1884 1524 1960 proferre
1575 1903 1705 1945 non
1738 1888 1950 1959 valeo;
2005 1889 2204 1962 atque
2260 1860 2523 1945 interim
2574 1884 2729 1943 dum
2785 1884 2968 1943 illam
3016 1882 3231 1957 vide0,
3284 1880 3504 1941 omnis

427 1986 702 2044 tristitia
737 1993 802 2045 et
838 1988 1055 2047 omnis
1089 1989 1397 2075 angustia
1435 2007 1472 2047 a
1508 2006 1611 2048 me
1646 1990 1976 2064 aufertur,
2034 1991 2124 2050 ita
2162 1996 2234 2050 ut
2274 1993 2427 2051 tunc
2463 1988 2645 2048 velut
2681 2003 2899 2048 mores
2949 1985 3274 2060 simplicis
3323 1983 3507 2059 puel-

425 2088 528 2147 lae
562 2094 627 2147 et
662 2106 791 2149 non
825 2091 1089 2151 vetulae
1125 2094 1426 2153 mulieris
1463 2093 1764 2154 habeam.
1798 2089 1846 2171 ⁴)

514 2192 636 2252 Sed
672 2198 739 2253 et
772 2211 928 2270 prae
964 2196 1236 2257 assidua
1275 2198 1678 2271 infirmitate,
1715 2215 1915 2274 quam
1949 2199 2170 2273 patior
2203 2199 2585 2275 aliquandO,
2632 2197 2927 2257 taedium
2954 2196 3167 2256 habeo
3202 2194 3408 2254 verba
3439 2196 3507 2253 et

426 2299 720 2358 visiones
754 2316 923 2374 quae
974 2301 1133 2360 mihi
1172 2302 1260 2361 ibi
1311 2302 1754 2362 ostenduntur
1785 2302 2114 2378 proferre:
2169 2303 2284 2362 sed
2321 2310 2542 2363 tamen
2577 2318 2728 2362 cum
2783 2302 3004 2361 anima
3039 2316 3185 2359 mea
3233 2304 3509 2374 gustan-

429 2399 513 2459 do
563 2401 676 2460 illa
709 2402 908 2475 videt,
960 2403 1024 2463 in
1061 2404 1230 2462 alios
1279 2421 1499 2463 mores
1550 2406 1640 2465 ita
1682 2413 2059 2479 convertor,
2099 2407 2297 2482 quod,
2336 2413 2407 2465 ut
2441 2421 2646 2481 supra
2687 2405 2844 2479 dixi,
2896 2419 3157 2463 omnem
3206 2402 3503 2462 dolorem

423 2510 490 2563 et
529 2506 1022 2567 tribulationem
1069 2508 1390 2568 oblivioni
1425 2509 1635 2569 trado.
1688 2510 1766 2569 Et
1800 2526 1969 2585 quae
2023 2515 2178 2570 tunc
2214 2511 2279 2568 in
2313 2509 2549 2569 eadem
2601 2508 2857 2568 visione
2893 2507 3110 2581 video,
3162 2509 3228 2565 et
3274 2504 3498 2578 audio,

426 2606 588 2667 haec
622 2610 841 2670 anima
879 2629 1025 2673 mea
1069 2613 1260 2690 quasi
1295 2629 1373 2673 ex
1411 2613 1588 2674 fonte
1624 2613 1870 2688 haurit;
1924 2615 2040 2674 sed
2077 2615 2191 2674 illa
2228 2619 2448 2673 tamen
2485 2614 2677 2690 plena
2724 2617 2791 2671 et
2825 2610 3221 2671 inexhausta
3254 2613 3498 2668 manet.

425 2713 657 2773 Anima
706 2721 928 2775 autem
981 2734 1127 2777 mea
1176 2719 1356 2778 nulla
1392 2718 1555 2778 hora
1589 2721 1772 2779 caret
1806 2718 2108 2795 praefato
2164 2720 2434 2792 lumine,
2471 2718 2646 2794 quod
2696 2717 2932 2777 umbra
2970 2714 3260 2775 viventis
3311 2712 3504 2772 lumi-

426 2814 527 2873 nis
564 2825 871 2888 vocatur,
922 2826 989 2878 et
1022 2821 1184 2881 illud
1219 2822 1434 2896 video,
1488 2824 1672 2882 velut
1722 2823 1787 2881 in
1836 2823 2058 2882 lucida
2107 2824 2279 2882 nube
2315 2823 2808 2881 firmamentum
2856 2820 3109 2895 absque
3142 2817 3359 2877 stellis
3410 2817 3505 2873 in-

427 2919 729 2996 spiciam,
782 2929 848 2981 et
883 2924 947 2982 in
984 2925 1127 3000 ipso
1162 2926 1354 2985 video
1392 2943 1563 3002 quae
1602 2927 1983 3003 frequenter
2018 2927 2282 3003 loquor,
2321 2933 2388 2986 et
2435 2942 2606 3002 quae
2657 2922 3220 2999 interrogantibus
3267 2919 3348 2979 de
3382 2918 3509 2987 ful-‚

426 3036 583 3097 gore
632 3025 1013 3101 praedictae
1050 3028 1336 3089 viventis
1390 3030 1558 3090 lucis
1593 3030 1984 3107 respondeo.

516 3129 586 3186 ln
620 3129 880 3190 duobus
932 3132 1155 3208 itaque
1199 3135 1436 3208 modiS,
1493 3135 1752 3194 scilicet
1800 3136 2106 3211 corporis
2154 3140 2222 3195 et
2273 3136 2557 3209 animae,
2597 3149 2700 3193 me
2735 3134 2948 3208 ipsam
2997 3132 3248 3204 nescio,
3298 3134 3365 3188 et
3400 3142 3507 3185 me

427 3233 619 3307 quasi
655 3249 774 3307 pro
811 3235 1016 3295 nihilo
1052 3244 1386 3313 comput0‚
1423 3243 1626 3314 atque
1663 3239 1729 3298 in
1766 3239 1975 3299 Deum
2009 3240 2236 3299 vivum
2276 3239 2570 3313 intendo,
2612 3244 2679 3297 et
2712 3238 2934 3297 omnia
2975 3236 3140 3296 haec
3175 3233 3273 3292 illi
3307 3231 3508 3291 relin-

428 3352 580 3412 quo,
634 3343 962 3413 quatenus
1012 3341 1154 3414 ipse
1189 3343 1303 3417 qui
1338 3358 1458 3401 nec
1493 3343 1714 3416 finem,
1764 3358 1887 3403 nec
1924 3343 2189 3403 initium
2218 3343 2446 3417 habet,
2486 3343 2551 3401 in
2586 3341 2896 3402 omnibus
2931 3339 3081 3399 istis
3116 3355 3154 3397 a
3189 3337 3361 3395 malo
3396 3348 3502 3393 me

431 3449 802 3502 conservet.
837 3444 1020 3504 Unde
1051 3451 1120 3505 et
1153 3449 1245 3518 tn,
1284 3447 1399 3522 qui
1432 3447 1597 3506 haec
1630 3447 1834 3507 verba
1861 3448 2163 3523 quaeris,
2203 3463 2354 3506 cum
2394 3447 2704 3507 omnibus
2740 3446 2875 3505 illis
2901 3445 3016 3522 qui
3044 3445 3189 3520 ipsa
3225 3440 3509 3501 fideliter

428 3544 658 3605 audire
706 3546 1108 3624 desiderant,
1161 3566 1279 3625 pro
1315 3566 1420 3609 me
1454 3568 1592 3625 ora,
1648 3558 1721 3610 ut
1757 3551 1823 3610 in
1857 3551 2184 3610 servitute
2233 3550 2349 3609 Dei
2385 3566 2830 3626 permaneam.

516 3648 640 3707 Sed
674 3655 741 3708 et
772 3653 866 3724 tu,
904 3669 941 3712 o
977 3652 1068 3710 fili
1103 3652 1241 3727 Dei,
1294 3656 1408 3730 qui
1445 3655 1631 3714 illum
1670 3655 1735 3713 in
1767 3654 1895 3715 fide
1928 3655 2221 3732 quaeris,
2272 3661 2340 3714 et
2372 3655 2488 3732 qui
2522 3656 2605 3716 ab
2642 3656 2788 3731 ipso
2814 3654 2997 3730 petis
3039 3657 3114 3712 ut
3148 3657 3213 3712 te
3263 3651 3498 3723 salvet,

432 3756 696 3816 attende
743 3758 1037 3832 aquilam
1071 3776 1109 3818 a
1140 3759 1398 3821 duabus
1445 3762 1572 3821 alis
1605 3763 1749 3822 suis
1783 3762 1864 3822 ad
1898 3762 2143 3822 nubem
2176 3762 2534 3836 volantem,
2581 3756 2628 3840 ⁵)
2676 3777 2846 3838 quae
2896 3768 3118 3821 tamen
3164 3759 3221 3818 si
3272 3759 3338 3818 in
3372 3773 3501 3818 una

432 3862 741 3936 laeditur,
792 3878 995 3938 super
1028 3867 1275 3925 terram
1325 3866 1595 3939 residet,
1647 3882 1768 3926 nec
1809 3883 1882 3927 se
1933 3867 2158 3926 levare
2207 3870 2451 3942 potest,
2503 3882 2655 3926 cum
2705 3882 2776 3925 se
2825 3866 3108 3927 libenter
3148 3864 3230 3924 ad
3279 3863 3505 3922 volan-

400 4035 406 4042 ,
434 3961 592 4025 dum
625 3966 938 4027 elevaret:
975 3968 1074 4027 sic
1106 3970 1310 4028 etiam
1345 3968 1539 4031 homo
1573 3986 1725 4031 cum
1758 3971 2018 4032 duabus
2054 3972 2182 4031 alis
2217 3971 2714 4045 rationalitatiS,
2751 3971 3010 4031 scilicet
3042 3985 3192 4028 cum
3225 3966 3507 4027 scientia

430 4069 585 4129 boni
620 4075 686 4129 et
719 4071 878 4131 mali
913 4072 1116 4146 volat,
1155 4072 1248 4132 ita
1280 4077 1352 4131 ut
1383 4072 1654 4132 dextera
1686 4069 1733 4152 ⁸)
1770 4076 1877 4133 ala
1914 4074 2197 4135 scientia
2245 4074 2420 4134 bona
2454 4075 2564 4148 sit,
2602 4080 2668 4134 et
2699 4073 2978 4133 sinistra
3012 4071 3293 4132 scientia
3327 4068 3504 4128 mala

430 4180 556 4248 est,
608 4180 674 4234 et
708 4176 883 4235 mala
930 4176 1142 4236 bonae
1191 4176 1551 4252 ministrat,
1603 4178 1907 4254 bonaque
1955 4194 2076 4254 per
2108 4179 2354 4239 malam
2403 4178 2667 4238 acuitur
2711 4183 2779 4238 et
2823 4178 3099 4253 regitur,
3151 4180 3218 4234 et
3253 4175 3319 4234 in
3352 4189 3510 4234 cun-

433 4278 561 4337 ctis
610 4293 728 4353 per
779 4279 960 4338 illam
1009 4281 1281 4355 sapiens
1320 4280 1630 4341 efficitur.
1667 4281 1719 4340 Ο
1751 4280 1951 4341 chare
1986 4282 2079 4342 fili
2127 4282 2268 4357 Dei,
2319 4282 2494 4341 Deus
2529 4283 2672 4343 alas
2722 4281 3041 4341 scientiae
3089 4286 3243 4339 tuae
3291 4278 3374 4338 ad
3411 4293 3513 4336 re-

434 4385 540 4442 cta
590 4383 826 4442 itinera
861 4369 1097 4459 elevet,
1151 4385 1243 4445 ita
1276 4385 1450 4460 quod
1489 4385 1544 4444 si
1581 4393 1928 4460 peccatum
1962 4402 2042 4445 ex
2090 4393 2291 4462 gustu
2341 4386 2604 4460 lambis,
2657 4386 2970 4462 quoniam
3019 4385 3119 4444 sic
3164 4390 3363 4443 natus
3412 4397 3509 4455 eS,

434 4486 609 4560 quod
675 4487 817 4544 sine
896 4494 1169 4563 peccato
1232 4505 1383 4548 esse
1464 4506 1593 4548 non
1656 4491 1901 4566 possiS,
1954 4490 2290 4566 operando
2355 4496 2577 4549 tamen
2642 4489 2804 4549 illud
2867 4506 2998 4548 non
3058 4487 3394 4561 comedas,
3446 4492 3514 4545 et

433 4592 591 4647 tunc
616 4588 781 4647 bene
805 4590 1009 4650 volas,
1052 4591 1215 4651 Nam
1239 4592 1552 4652 coelestis
1581 4593 1926 4653 harmonia
1951 4594 2032 4653 de
2063 4594 2327 4653 homine
2370 4593 2469 4653 sic
2514 4593 2821 4667 faciente,
2870 4591 3003 4651 Deo
3044 4596 3293 4665 cantat,
3331 4590 3520 4649 illum

435 4691 741 4763 laudanS,
779 4692 934 4768 quia
969 4694 1314 4756 cinerosus
1367 4697 1562 4757 homo
1596 4697 1800 4758 Deum
1837 4704 2097 4758 tantum
2132 4699 2383 4773 diligit,
2434 4698 2610 4774 quod
2645 4703 2917 4775 propter
2948 4696 3156 4757 Deum
3189 4711 3262 4754 se
3299 4695 3515 4772 ipsum

511 4911 554 4978 ¹)
580 4913 886 4985 aliquando
911 4914 1003 4970 W.
1033 4945 1100 4955 —
1125 4916 1171 4981 ²)
1209 4914 1466 4973 Nondum
1494 4917 1638 4973 mihi
1671 4934 1933 4990 pervene·
2021 4916 2065 4982 ⁸)
2084 4934 2295 4990 eperum
2314 4917 2457 4973 solet
2476 4916 2723 4974 scribere
2736 4913 3116 4985 Hildegardis.
3137 4942 3202 4953 -
3223 4909 3513 4976 ”Vitili-

440 5003 528 5053 rat
576 5000 713 5056 haec
760 5000 1029 5072 epistola,
1079 5000 1304 5072 quando
1358 5019 1411 5074 p.
1454 5007 1487 5056 2
1524 5003 1834 5075 superiore.
1874 5002 1935 5058 in
2024 5003 2084 5060 bi
2112 5003 2475 5074 Hildegardis
2511 5003 2713 5060 retulit
2751 5000 3098 5059 luculentius
3133 4997 3353 5053 animae
3378 5009 3513 5051 suae

441 5090 574 5141 nota
593 5090 648 5148 2,
677 5085 919 5142 latinum
947 5102 1257 5143 sermonem
1287 5087 1619 5158 Hildegardi
1649 5088 1937 5146 vindicare
2026 5107 2241 5149 arcana.
2273 5093 2401 5157 —·⁵)
2442 5090 2668 5163 Apocal.
2699 5087 2828 5145 ΧΠ.
2859 5091 2910 5143 4.
2943 5118 3009 5128 -
3032 5087 3078 5154 ⁶)
3105 5086 3299 5141 dextra
3328 5081 3417 5137 W.

441 5173 758 5238 studebam,
787 5175 838 5231 id
866 5176 1015 5247 quod
1043 5191 1192 5231 nunc
1213 5180 1369 5230 extra
1393 5191 1556 5231 omne
1580 5175 1813 5232 dubium
1838 5182 1940 5232 est.
