4036 6117
659 441 788 513 110
1811 465 1863 510 s.
1925 459 2466 512 umnec-Anms

590 602 621 641 ι
661 597 833 660 quae
870 583 1248 643 adversitas
1285 599 1432 643 mea
1467 584 1586 657 sit,
1622 584 1782 658 quia
1813 582 1990 643 Deus
2023 599 2140 645 eas
2172 600 2292 661 per
2324 585 2809 646 subiectionem
2841 591 3351 661 praeceptorum
3386 587 3701 644 meorum

595 705 633 745 r
666 686 833 747 mihi
879 686 1152 747 obedire
1203 686 1379 746 fecit.
1431 687 1512 746 Et
1559 693 1679 744 cur
1711 686 1887 746 Deus
1934 701 2051 748 eas
2089 689 2250 748 mihi
2285 689 2711 766 subjecisset,
2748 689 2808 748 si
2842 690 3095 748 nullam
3130 689 3590 749 ostensionem
3626 684 3697 744 in

592 800 626 847 ι’
664 789 768 849 eis
801 789 1049 850 habere
1084 788 1431 849 deberem?
1465 789 1695 865 Itaque
1732 789 1796 848 in
1831 793 1930 849 eis·
1966 793 2409 852 considerabo
2442 807 2614 868 quae
2650 792 2813 851 mihi
2848 792 3244 867 placuerint.
3286 801 3315 848 ι

2100 1019 2168 1077 Χ.

1631 1221 1634 1224 ’
1679 1209 2087 1291 Responsum
2140 1212 2582 1272 obedientiae.

680 1421 785 1485 14.
820 1413 946 1484 Sed
993 1422 1074 1481 de
1124 1422 1467 1498 praedicta
1518 1420 1784 1480 turbida
1834 1422 2006 1480 nube
2058 1421 2284 1481 audivi
2333 1431 2567 1480 vocem
2617 1420 2771 1479 huic
2822 1419 3097 1494 imagini
3147 1416 3689 1494 respondentem:

592 1545 624 1585 ι
661 1526 823 1601 Ego,
862 1535 1034 1602 quae
1067 1525 1201 1584 Deo
1252 1523 1513 1598 obedio,
1565 1523 1922 1599 quamdam
1973 1524 2332 1599 ligaturam
2380 1522 2614 1583 habe-0.
2665 1522 2790 1582 Sed
2835 1533 3007 1599 quae
3038 1527 3107 1581 et
3138 1521 3360 1598 qualis
3397 1519 3513 1580 illa
3545 1514 3695 1577 est‘?

586 1646 621 1687 »
659 1623 932 1700 Quando
964 1623 1141 1688 Deus
1177 1629 1243 1687 in
1276 1628 1492 1687 Verbo
1527 1635 1647 1686 s'uo
1682 1628 1905 1687 omnia
1943 1627 2122 1703 fecit,
2162 1628 2254 1687 ita
2287 1627 2462 1704 quod
2496 1628 2684 1687 dixit:
2720 1627 2889 1702 Fiat,
2918 1632 2986 1685 et
3022 1623 3199 1685 facta
3224 1628 3403 1698 sunt,
3438 1620 3686 1683 oculus

585 1750 620 1791 »
663 1730 782 1807 fui,
817 1738 885 1791 et
920 1733 986 1791 in
1012 1732 1316 1808 jussione
1349 1730 1468 1790 Dei
1500 1731 1798 1806 vigilavi,
1833 1737 1902 1790 et
1935 1732 2035 1790 sic
2068 1732 2290 1791 omnia
2324 1737 2552 1791 creata
2586 1736 2762 1791 sunt.
2801 1731 2966 1790 Cum
3000 1733 3226 1789 autem
3272 1728 3533 1804 primus
3569 1731 3689 1784 an-

586 1853 621 1894 »
658 1837 849 1912 gelus
898 1836 1125 1894 vivere
1161 1835 1426 1910 incepit,
1480 1850 1631 1894 mox
1663 1851 1737 1894 se
1770 1834 1904 1894 Deo
1953 1835 2288 1911 opposuit,
2325 1837 2393 1894 et
2425 1851 2631 1912 opera
2665 1836 2847 1894 illius
2880 1849 3011 1894 non
3045 1835 3275 1894 vivere
3317 1830 3480 1905 dixi,
3518 1841 3691 1906 quo-

591 1957 625 1998 ³
662 1942 842 2000 niam
877 1940 1009 2000 alio
1045 1937 1237 2000 modo
1273 1955 1425 1998 esse
1457 1939 1692 2013 voluit,
1728 1945 1795 1998 et
1828 1940 2032 1998 etiam
2067 1939 2167 1998 sic
2200 1955 2305 1998 me
2339 1929 2718 2015 opprimere
2759 1945 2827 1998 et
2861 1937 3166 1998 mordere
3217 1936 3526 2007 tentavit3
3565 1931 3689 1991 sed

594 2061 627 2101 ιι
665 2049 796 2103 non
828 2044 1223 2120 praevaluit.
1260 2043 1423 2103 Nam
1459 2057 1583 2117 ego
1616 2044 1717 2102 sol
1751 2050 1819 2103 et
1851 2043 2005 2102 luna
2040 2049 2108 2102 et
2134 2043 2344 2117 sidus,
2374 2048 2442 2102 et
2471 2043 2617 2102 sons
2644 2057 2972 2119 aquarum
3007 2041 3245 2116 existe,
3281 2045 3359 2099 ac
3391 2036 3587 2097 radix
3624 2035 3693 2094 in

595 2165 630 2206 »
669 2147 980 2207 omnibus
1014 2148 1333 2224 operibus
1369 2146 1487 2205 Dei
1521 2163 1694 2221 sum,
1732 2147 2290 2222 quemadmodum
2327 2147 2548 2206 anima
2584 2148 2649 2206 in
2682 2161 2963 2221 corpore
2995 2148 3120 2206 est.
3154 2144 3234 2204 Et
3267 2135 3444 2202 sicut
3474 2139 3688 2200 etiam

588 2268 623 2309 »
661 2251 972 2311 voluntas
1007 2252 1073 2310 in
1120 2250 1385 2309 homine
1418 2250 1677 2327 perficit
1724 2267 1896 2327 quae
1928 2251 2289 2325 desiderat,
2329 2251 2428 2309 sic
2459 2266 2584 2325 ego
2620 2251 2930 2309 voluntas
2967 2250 3032 2308 in
3074 2249 3209 2308 Deo
3243 2259 3416 2321 sum,
3453 2242 3687 2304 omnia

585 2370 618 2411 1·
657 2353 1059 2429 perficiendo
1109 2369 1281 2430 quae
1313 2354 1490 2413 Deus
1537 2354 1883 2430 praecipit.
1921 2356 1994 2414 In
2027 2355 2302 2431 antiquo
2350 2355 2529 2414 enirn
2561 2354 2844 2413 consilio
2878 2369 3033 2413 cum
3064 2353 3201 2411 Deo
3248 2350 3366 2426 fui,
3403 2351 3470 2409 et
3503 2348 3689 2408 Deus

591 2473 622 2513 ι
662 2456 884 2516 omnia
917 2472 1039 2532 per
1069 2472 1176 2516 me
1208 2458 1567 2532 ordinavit,
1606 2474 1777 2534 quae
1815 2458 2034 2518 facere
2068 2459 2302 2520 voluit.
2340 2459 2506 2518 Nam
2538 2457 2604 2517 in
2631 2457 2934 2534 jussione
2968 2456 3160 2516 verbi
3194 2455 3324 2530 sui,
3363 2458 3436 2520 ut
3471 2452 3692 2513 citha-

476 2641 478 2643 ,
589 2577 622 2617 ι
664 2576 737 2619 ra
772 2563 988 2636 sonui,
1025 2563 1185 2638 quia
1229 2569 1663 2639 praeceptum
1710 2564 1857 2638 ejus
1892 2581 2062 2624 sum.
2113 2564 2290 2623 Nihil
2324 2565 2497 2623 enim
2538 2570 2759 2638 tango,
2795 2562 2962 2622 nihil
2996 2561 3169 2635 volo,
3210 2557 3372 2618 nihil
3423 2554 3697 2616 deside-

591 2673 763 2738 »,r0,
799 2664 929 2723 nisi
978 2666 1154 2741 quod
1193 2667 1260 2725 in
1304 2666 1438 2725 Deo
1471 2672 1599 2740 est,
1653 2668 1968 2742 quoniam
2001 2683 2082 2725 ex
2119 2667 2263 2744 ipso
2311 2667 2511 2741 exivi,
2548 2673 2616 2726 et
2647 2683 2767 2743 per
2816 2668 3034 2742 ipsum
3081 2665 3287 2738 crevi,
3324 2678 3447 2722 nec
3480 2660 3694 2721 alium

592 2784 627 2825 »
664 2757 874 2828 Deum
906 2768 1079 2828 volo,
1117 2768 1212 2829 Tu
1248 2773 1496 2843 autem,
1548 2787 1586 2829 o
1621 2771 2113 2846 praevaricatio
2146 2773 2657 2846 praeceptorum
2696 2769 3062 2844 CreatoriS,
3101 2769 3166 2828 in
3199 2765 3697 2845 praesumptio—

591 2887 624 2927 »
662 2885 743 2930 ne
778 2874 892 2930 tua
926 2871 1098 2931 dicis
1131 2873 1306 2948 quod
1342 2871 1518 2932 Deus
1555 2874 1674 2949 sia,
1711 2880 1779 2934 et
1814 2874 1907 2933 ita
1942 2875 2008 2933 in
2040 2874 2300 2934 nullum
2334 2874 2634 2951 respicis:
2667 2874 2784 2934 sed
2820 2887 3283 2950 quaecumque
3326 2872 3452 2946 vis,
3490 2869 3687 2930 facis.

591 2991 625 3032 ι
662 2965 787 3034 Ubi
833 2989 994 3050 ergo
1030 2982 1134 3035 est
1181 2977 1442 3036 coelum
1476 2983 1543 3037 et
1593 2983 1774 3037 terra
1821 2994 1992 3054 quae
2026 2978 2310 3038 creasti?
2341 2978 2420 3037 Et
2467 2978 2583 3038 ubi
2629 2981 2734 3038 est
2779 2977 3209 3054 pulchritudo
3259 2974 3587 3035 muntium
3625 2979 3696 3034 et

593 3093 628 3134 »
667 3088 1007 3155 agrorum,
1058 3094 1230 3157 quos
1264 3081 1712 3141 constituisti?
1743 3081 1920 3141 Nihil
1967 3083 2146 3141 enim
2178 3098 2258 3141 ex
2306 3083 2411 3142 his
2446 3082 2688 3157 fecisti,
2740 3081 2857 3142 sed
2892 3094 3065 3159 quae
3097 3081 3274 3141 Deus
3308 3080 3688 3154 constituit,

592 3195 626 3236 a
666 3181 1000 3255 repudias».
1053 3183 1429 3254 Quomodo?
1462 3185 1624 3244 Nam
1674 3201 1827 3245 cum
1858 3186 1940 3245 de
1989 3189 2055 3245 te
2091 3186 2236 3263 ipsa
2286 3186 2606 3263 loqueriS,
2643 3192 2711 3245 et
2745 3202 2898 3245 cum
2943 3186 3168 3245 omnia
3213 3184 3546 3260 dijudicas
3580 3196 3691 3246 se-

592 3299 626 3340 »
666 3284 957 3344 cundum
1006 3287 1182 3361 quod
1219 3288 1338 3347 tibi
1388 3288 1739 3363 placuerit,
1775 3289 1984 3349 Deum
2032 3307 2164 3350 non
2201 3291 2329 3364 vis,
2366 3291 2482 3365 qui
2530 3295 2684 3349 ante
2719 3288 3185 3365 antiquitatem
3228 3287 3490 3347 dierum
3527 3285 3683 3361 fuit,

593 3402 628 3443 »
665 3389 733 3446 et
778 3388 894 3462 qui
942 3391 1096 3463 post
1126 3393 1718 3452 commutationem
1766 3394 2122 3453 novissimi
2165 3394 2299 3453 diei
2345 3395 2495 3454 erit.
2533 3393 2736 3468 Unde,
2788 3409 2826 3452 o
2862 3392 3193 3469 pessima,
3244 3390 3466 3451 aridis
3506 3389 3692 3452 foliis

597 3506 630 3546 ι
670 3489 986 3550 arborum
1033 3499 1101 3552 et
1134 3495 1438 3569 squamis
1470 3496 1758 3570 piscium
1789 3498 2220 3572 assimilaris,
2258 3498 2415 3573 quia
2449 3502 2522 3557 tu
2571 3497 2749 3557 sicut
2781 3496 2930 3572 ipsa
2961 3494 3325 3571 abjicieriS,
3369 3493 3689 3570 quoniam

596 3611 629 3652 ι
669 3610 911 3655 nomen
943 3599 1128 3656 tuum
1168 3599 1233 3657 in
1265 3600 1448 3658 nulla
1483 3601 1795 3674 utilitate,
1838 3580 1956 3660 sed
1996 3602 2061 3660 in
2094 3607 2309 3661 morte
2341 3608 2463 3661 est.
2505 3621 2536 3659 n

681 3696 784 3757 15.
836 3697 960 3758 Sed
995 3700 1228 3775 quinta
1261 3702 1481 3777 imago
1527 3705 1710 3764 velut
1746 3704 2030 3764 formam
2079 3705 2391 3780 hominis»,
2426 3708 2702 3782 excepto
2750 3708 2993 3781 capite,
3031 3704 3341 3778 habebat,
3392 3710 3462 3763 et
3494 3721 3533 3764 a
3565 3720 3681 3781 ge-

594 3794 795 3861 nibus
842 3808 1055 3878 usque
1090 3803 1172 3863 ad
1206 3804 1494 3881 plantaS,
1531 3808 1896 3883 praedictis
1945 3809 2239 3868 tenebris
2289 3809 2484 3869 infixa
2534 3811 2698 3870 erat.
2734 3809 2898 3869 Nam
2948 3809 3015 3869 in
3047 3807 3267 3885 capite
3308 3808 3456 3884 ejus
3503 3802 3691 3869 nul‘la

595 3904 738 3964 alia
768 3901 982 3966 forma
1031 3909 1364 3984 apparuit,
1402 3914 1669 3986 praeter
1716 3912 1894 3988 quod
1926 3914 2143 3973 oculis
2190 3913 2604 3989 nigredinem
2637 3912 3038 3973 habentibus
3080 3912 3370 3987 undique
3418 3912 3692 3987 plenum

590 4009 745 4086 fuit,
777 4000 951 4072 inter
980 4024 1154 4089 quos
1182 4015 1419 4075 oculus
1451 4024 1624 4076 unus
1658 4018 1854 4094 quasi
1889 4018 1956 4077 in
1991 4018 2207 4079 fronte
2244 4020 2460 4095 ipsius
2491 4022 2659 4093 erat,
2696 4018 2813 4095 qui
2847 4018 3184 4079 interdurn
3216 4016 3401 4078 velut
3435 4018 3679 4080 ardens

590 4111 769 4187 ignis
812 4104 1156 4191 flagrabat.
1191 4115 1500 4179 Dextram
1552 4123 1777 4181 autem
1809 4130 2081 4181 manum
2128 4118 2211 4182 ad
2244 4122 2478 4199 pectus
2513 4137 2710 4182 suum
2758 4121 3251 4197 composuerat,
3292 4121 3357 4180 in
3402 4112 3685 4182 sinistra

595 4224 756 4275 vero
791 4218 1106 4280 baculum
1140 4224 1428 4298 tenebat,
1469 4238 1546 4284 ac
1580 4226 1858 4301 pallium
1891 4227 2070 4301 nigri
2104 4226 2353 4286 coloris
2388 4227 2517 4285 sibi
2552 4226 3152 4301 circumposuerat.

2093 4451 2196 4511 XI.

1798 4651 1996 4720 Verba?
2044 4652 2486 4740 InfidelitatiS.

693 4852 795 4927 16.
844 4854 925 4927 Εἰ
971 4858 1156 4929 dixit:
1199 4882 1234 4929 α
1270 4864 1482 4930 Aliam
1520 4865 1728 4929 vitam
1777 4870 2030 4943 nescio,
2069 4877 2269 4946 quam
2304 4856 2478 4930 hano
2521 4878 2724 4946 quam
2771 4862 2965 4929 video
3001 4869 3068 4929 et
3115 4862 3340 4946 tango,
3375 4873 3444 4931 et
3490 4873 3690 4947 quam

598 4983 634 5028 θ
670 4962 945 5047 palpare
992 4978 1291 5047 possum.
1327 4972 1538 5044 Quam
1584 4972 1961 5032 mercedem
1994 4971 2198 5032 dubia
2246 4975 2387 5034 vita
2422 4974 2586 5033 mihi
2619 4964 2839 5034 dabit?
2871 4964 2999 5033 sed
3048 4972 3129 5031 de
3163 4968 3290 5033 hac
3324 4972 3497 5034 dico:
3535 4970 3689 5050 Ipsa

601 5087 634 5127 ι
670 5078 796 5147 est,
833 5074 939 5134 vel
975 5091 1105 5134 non
1153 5081 1274 5135 est.
1310 5077 1388 5136 Et
1423 5077 1520 5135 sic
1554 5076 1933 5153 quaerendo
1986 5093 2063 5135 ac
2098 5077 2519 5152 requirend0‚
2573 5077 2858 5137 videndo
2893 5091 2972 5137 ac
3013 5076 3341 5137 audiendo
3374 5084 3442 5138 et
3476 5079 3692 5139 scien-
