<?xml version="1.0" encoding="UTF-8"?>
<!DOCTYPE html PUBLIC "-//W3C//DTD XHTML 1.0 Transitional//EN"
    "http://www.w3.org/TR/xhtml1/DTD/xhtml1-transitional.dtd">
<html xmlns="http://www.w3.org/1999/xhtml" xml:lang="en" lang="en">
 <head>
  <title>
</title>
<meta http-equiv="Content-Type" content="text/html;charset=utf-8" />
  <meta name='ocr-system' content='tesseract 3.04.00' />
  <meta name='ocr-capabilities' content='ocr_page ocr_carea ocr_par ocr_line ocrx_word'/>
</head>
<body>
  <div class='ocr_page' id='page_1' title='image "analectasacrasp05pitrgoog_0052.png"; bbox 0 0 4036 6117; ppageno 0'>
   <div class='ocr_carea' id='block_1_1' title="bbox 762 487 2560 553">
    <p class='ocr_par' dir='ltr' id='par_1_1' title="bbox 762 487 2560 553">
     <span class='ocr_line' id='line_1_1' title="bbox 762 487 2560 553; baseline 0.002 -7"><span class='ocrx_word' id='word_1_1' title='bbox 762 487 848 547; x_wconf 71' lang='lat'>16</span> <span class='ocrx_word' id='word_1_2' title='bbox 1910 506 1963 549; x_wconf 69' lang='lat' dir='ltr'>s,</span> <span class='ocrx_word' id='word_1_3' title='bbox 2017 506 2560 553; x_wconf 64' lang='lat' dir='ltr'>ninnsoAnms</span> 
     </span>
    </p>
   </div>
   <div class='ocr_carea' id='block_1_2' title="bbox 692 622 3774 809">
    <p class='ocr_par' dir='ltr' id='par_1_2' title="bbox 692 622 3774 809">
     <span class='ocr_line' id='line_1_2' title="bbox 697 622 3774 704; baseline 0.001 -24"><span class='ocrx_word' id='word_1_4' title='bbox 697 642 728 680; x_wconf 71' lang='lat' dir='ltr'>n</span> <span class='ocrx_word' id='word_1_5' title='bbox 766 622 944 682; x_wconf 90' lang='lat' dir='ltr'>omni</span> <span class='ocrx_word' id='word_1_6' title='bbox 995 636 1235 697; x_wconf 82' lang='lat' dir='ltr'>genere</span> <span class='ocrx_word' id='word_1_7' title='bbox 1283 622 1597 699; x_wconf 85' lang='lat' dir='ltr'>dijudico.</span> <span class='ocrx_word' id='word_1_8' title='bbox 1650 622 1821 682; x_wconf 85' lang='lat' dir='ltr'>Deus</span> <span class='ocrx_word' id='word_1_9' title='bbox 1854 624 2030 683; x_wconf 90' lang='lat' dir='ltr'>enim</span> <span class='ocrx_word' id='word_1_10' title='bbox 2064 624 2146 684; x_wconf 91' lang='lat' dir='ltr'>de</span> <span class='ocrx_word' id='word_1_11' title='bbox 2183 625 2341 684; x_wconf 90' lang='lat' dir='ltr'>limo</span> <span class='ocrx_word' id='word_1_12' title='bbox 2377 630 2597 685; x_wconf 90' lang='lat' dir='ltr'>terrae</span> <span class='ocrx_word' id='word_1_13' title='bbox 2634 624 2967 685; x_wconf 90' lang='lat' dir='ltr'>hominem</span> <span class='ocrx_word' id='word_1_14' title='bbox 3005 623 3341 702; x_wconf 86' lang='lat' dir='ltr'>formavit,</span> <span class='ocrx_word' id='word_1_15' title='bbox 3381 627 3443 685; x_wconf 90' lang='lat' dir='ltr'>in</span> <span class='ocrx_word' id='word_1_16' title='bbox 3476 643 3606 704; x_wconf 93' lang='lat' dir='ltr'>quo</span> <span class='ocrx_word' id='word_1_17' title='bbox 3638 640 3774 684; x_wconf 90' lang='lat' dir='ltr'>om-</span> 
     </span>
     <span class='ocr_line' id='line_1_3' title="bbox 692 726 3302 809; baseline 0.001 -25"><span class='ocrx_word' id='word_1_18' title='bbox 692 748 723 784; x_wconf 85' lang='lat'><strong>»</strong></span> <span class='ocrx_word' id='word_1_19' title='bbox 762 728 874 788; x_wconf 85' lang='lat' dir='ltr'>nia</span> <span class='ocrx_word' id='word_1_20' title='bbox 905 741 1111 802; x_wconf 88' lang='lat' dir='ltr'>opera</span> <span class='ocrx_word' id='word_1_21' title='bbox 1141 742 1265 787; x_wconf 90' lang='lat' dir='ltr'>sua</span> <span class='ocrx_word' id='word_1_22' title='bbox 1294 727 1728 802; x_wconf 83' lang='lat' dir='ltr'>perpetravit,</span> <span class='ocrx_word' id='word_1_23' title='bbox 1765 731 1832 788; x_wconf 89' lang='lat' dir='ltr'>et</span> <span class='ocrx_word' id='word_1_24' title='bbox 1864 727 1928 787; x_wconf 90' lang='lat' dir='ltr'>in</span> <span class='ocrx_word' id='word_1_25' title='bbox 1966 728 2152 788; x_wconf 89' lang='lat' dir='ltr'>illum</span> <span class='ocrx_word' id='word_1_26' title='bbox 2189 730 2365 790; x_wconf 88' lang='lat' dir='ltr'>sicut</span> <span class='ocrx_word' id='word_1_27' title='bbox 2399 730 2464 789; x_wconf 91' lang='lat' dir='ltr'>in</span> <span class='ocrx_word' id='word_1_28' title='bbox 2497 731 2840 805; x_wconf 87' lang='lat' dir='ltr'>speculum</span> <span class='ocrx_word' id='word_1_29' title='bbox 2876 730 3151 805; x_wconf 88' lang='lat' dir='ltr'>aspicio.</span> <span class='ocrx_word' id='word_1_30' title='bbox 3185 726 3230 809; x_wconf 89' lang='lat'>¹)</span> <span class='ocrx_word' id='word_1_31' title='bbox 3271 748 3302 787; x_wconf 79' lang='grc'><strong>»</strong></span> 
     </span>
    </p>
   </div>
   <div class='ocr_carea' id='block_1_3' title="bbox 2141 932 2308 997">
    <p class='ocr_par' dir='ltr' id='par_1_3' title="bbox 2141 932 2308 997">
     <span class='ocr_line' id='line_1_4' title="bbox 2141 932 2308 997; baseline 0.012 -2"><span class='ocrx_word' id='word_1_32' title='bbox 2141 932 2308 997; x_wconf 87' lang='lat' dir='ltr'><strong>XVI.</strong></span> 
     </span>
    </p>
   </div>
   <div class='ocr_carea' id='block_1_4' title="bbox 1032 1144 3429 1225">
    <p class='ocr_par' dir='ltr' id='par_1_4' title="bbox 1032 1144 3429 1225">
     <span class='ocr_line' id='line_1_5' title="bbox 1032 1144 3429 1225; baseline -0 -19"><span class='ocrx_word' id='word_1_33' title='bbox 1032 1146 1219 1221; x_wconf 82' lang='lat' dir='ltr'>Quod</span> <span class='ocrx_word' id='word_1_34' title='bbox 1266 1144 1567 1225; x_wconf 80' lang='lat' dir='ltr'>infideles</span> <span class='ocrx_word' id='word_1_35' title='bbox 1618 1147 2031 1223; x_wconf 67' lang='grc' dir='ltr'>ἰρηοναηίιιν,</span> <span class='ocrx_word' id='word_1_36' title='bbox 2083 1151 2146 1204; x_wconf 84' lang='lat' dir='ltr'>et</span> <span class='ocrx_word' id='word_1_37' title='bbox 2193 1146 2367 1224; x_wconf 76' lang='lat' dir='ltr'>quod</span> <span class='ocrx_word' id='word_1_38' title='bbox 2415 1163 2615 1223; x_wconf 81' lang='lat' dir='ltr'>opera</span> <span class='ocrx_word' id='word_1_39' title='bbox 2666 1147 2786 1206; x_wconf 80' lang='lat' dir='ltr'>Dei</span> <span class='ocrx_word' id='word_1_40' title='bbox 2833 1147 2906 1205; x_wconf 80' lang='lat' dir='ltr'>in</span> <span class='ocrx_word' id='word_1_41' title='bbox 2953 1148 3091 1205; x_wconf 80' lang='lat' dir='ltr'>vita</span> <span class='ocrx_word' id='word_1_42' title='bbox 3134 1151 3429 1205; x_wconf 79' lang='lat' dir='ltr'>manent.</span> 
     </span>
    </p>
   </div>
   <div class='ocr_carea' id='block_1_5' title="bbox 679 1354 3772 2264">
    <p class='ocr_par' dir='ltr' id='par_1_5' title="bbox 679 1354 3772 2264">
     <span class='ocr_line' id='line_1_6' title="bbox 769 1354 3770 1431; baseline -0.002 -14"><span class='ocrx_word' id='word_1_43' title='bbox 769 1357 879 1418; x_wconf 71' lang='lat'>28.</span> <span class='ocrx_word' id='word_1_44' title='bbox 930 1354 1178 1415; x_wconf 86' lang='lat' dir='ltr'>Deinde</span> <span class='ocrx_word' id='word_1_45' title='bbox 1226 1354 1454 1414; x_wconf 84' lang='lat' dir='ltr'>audivi</span> <span class='ocrx_word' id='word_1_46' title='bbox 1501 1370 1733 1413; x_wconf 84' lang='lat' dir='ltr'>vocem</span> <span class='ocrx_word' id='word_1_47' title='bbox 1783 1354 1865 1414; x_wconf 88' lang='lat' dir='ltr'>de</span> <span class='ocrx_word' id='word_1_48' title='bbox 1914 1356 2103 1415; x_wconf 90' lang='lat' dir='ltr'>coelo</span> <span class='ocrx_word' id='word_1_49' title='bbox 2153 1355 2505 1415; x_wconf 87' lang='lat' dir='ltr'>dicentem:</span> <span class='ocrx_word' id='word_1_50' title='bbox 2560 1375 2594 1413; x_wconf 68' lang='grc' dir='ltr'><em>α</em></span> <span class='ocrx_word' id='word_1_51' title='bbox 2647 1355 2806 1427; x_wconf 90' lang='lat' dir='ltr'>Quis</span> <span class='ocrx_word' id='word_1_52' title='bbox 2838 1360 2941 1416; x_wconf 89' lang='lat' dir='ltr'>est</span> <span class='ocrx_word' id='word_1_53' title='bbox 2979 1355 3044 1415; x_wconf 90' lang='lat' dir='ltr'>in</span> <span class='ocrx_word' id='word_1_54' title='bbox 3078 1356 3256 1415; x_wconf 90' lang='lat' dir='ltr'>omni</span> <span class='ocrx_word' id='word_1_55' title='bbox 3290 1356 3620 1428; x_wconf 88' lang='lat' dir='ltr'>creatura,</span> <span class='ocrx_word' id='word_1_56' title='bbox 3658 1355 3770 1431; x_wconf 91' lang='lat' dir='ltr'>qui</span> 
     </span>
     <span class='ocr_line' id='line_1_7' title="bbox 689 1456 3772 1539; baseline -0.001 -19"><span class='ocrx_word' id='word_1_57' title='bbox 689 1482 721 1520; x_wconf 85' lang='lat'><strong>»</strong></span> <span class='ocrx_word' id='word_1_58' title='bbox 760 1476 964 1538; x_wconf 92' lang='lat' dir='ltr'>opera</span> <span class='ocrx_word' id='word_1_59' title='bbox 986 1461 1106 1520; x_wconf 89' lang='lat' dir='ltr'>Dei</span> <span class='ocrx_word' id='word_1_60' title='bbox 1137 1458 1562 1518; x_wconf 89' lang='lat' dir='ltr'>dinumerare</span> <span class='ocrx_word' id='word_1_61' title='bbox 1598 1459 1843 1533; x_wconf 79' lang='lat' dir='ltr'>possit‘?</span> <span class='ocrx_word' id='word_1_62' title='bbox 1874 1459 1953 1518; x_wconf 81' lang='lat' dir='ltr'>Et</span> <span class='ocrx_word' id='word_1_63' title='bbox 1987 1462 2152 1534; x_wconf 88' lang='lat' dir='ltr'>quot</span> <span class='ocrx_word' id='word_1_64' title='bbox 2184 1465 2339 1519; x_wconf 92' lang='lat' dir='ltr'>sunt</span> <span class='ocrx_word' id='word_1_65' title='bbox 2374 1459 2441 1518; x_wconf 91' lang='lat' dir='ltr'>hi</span> <span class='ocrx_word' id='word_1_66' title='bbox 2476 1460 2591 1535; x_wconf 90' lang='lat' dir='ltr'>qui</span> <span class='ocrx_word' id='word_1_67' title='bbox 2628 1460 2691 1519; x_wconf 92' lang='lat' dir='ltr'>in</span> <span class='ocrx_word' id='word_1_68' title='bbox 2726 1465 2909 1519; x_wconf 90' lang='lat' dir='ltr'>terra</span> <span class='ocrx_word' id='word_1_69' title='bbox 2940 1459 3060 1520; x_wconf 91' lang='lat' dir='ltr'>Dei</span> <span class='ocrx_word' id='word_1_70' title='bbox 3088 1456 3140 1539; x_wconf 79' lang='lat'>²)</span> <span class='ocrx_word' id='word_1_71' title='bbox 3179 1458 3517 1518; x_wconf 78' lang='lat' dir='ltr'>habitant‘.&gt;</span> <span class='ocrx_word' id='word_1_72' title='bbox 3547 1458 3626 1516; x_wconf 88' lang='lat' dir='ltr'>Et</span> <span class='ocrx_word' id='word_1_73' title='bbox 3659 1458 3772 1534; x_wconf 90' lang='lat' dir='ltr'>qui</span> 
     </span>
     <span class='ocr_line' id='line_1_8' title="bbox 685 1562 3772 1641; baseline -0.001 -16"><span class='ocrx_word' id='word_1_74' title='bbox 685 1586 716 1625; x_wconf 70' lang='grc' dir='ltr'>ιο</span> <span class='ocrx_word' id='word_1_75' title='bbox 757 1571 932 1641; x_wconf 90' lang='lat' dir='ltr'>sunt,</span> <span class='ocrx_word' id='word_1_76' title='bbox 984 1569 1052 1624; x_wconf 89' lang='lat' dir='ltr'>et</span> <span class='ocrx_word' id='word_1_77' title='bbox 1099 1564 1331 1640; x_wconf 89' lang='lat' dir='ltr'>quales</span> <span class='ocrx_word' id='word_1_78' title='bbox 1366 1568 1541 1636; x_wconf 90' lang='lat' dir='ltr'>sunt,</span> <span class='ocrx_word' id='word_1_79' title='bbox 1578 1565 1645 1623; x_wconf 87' lang='lat' dir='ltr'>et</span> <span class='ocrx_word' id='word_1_80' title='bbox 1678 1565 1842 1639; x_wconf 88' lang='lat' dir='ltr'>quot</span> <span class='ocrx_word' id='word_1_81' title='bbox 1874 1569 2050 1636; x_wconf 89' lang='lat' dir='ltr'>sunt,</span> <span class='ocrx_word' id='word_1_82' title='bbox 2091 1563 2159 1622; x_wconf 89' lang='lat' dir='ltr'>hi</span> <span class='ocrx_word' id='word_1_83' title='bbox 2193 1565 2307 1641; x_wconf 92' lang='lat' dir='ltr'>qui</span> <span class='ocrx_word' id='word_1_84' title='bbox 2348 1564 2521 1623; x_wconf 89' lang='lat' dir='ltr'>intra</span> <span class='ocrx_word' id='word_1_85' title='bbox 2555 1579 2626 1623; x_wconf 88' lang='lat' dir='ltr'>se</span> <span class='ocrx_word' id='word_1_86' title='bbox 2662 1565 3050 1640; x_wconf 90' lang='lat' dir='ltr'>loquuntur,</span> <span class='ocrx_word' id='word_1_87' title='bbox 3086 1570 3153 1623; x_wconf 90' lang='lat' dir='ltr'>et</span> <span class='ocrx_word' id='word_1_88' title='bbox 3186 1562 3523 1623; x_wconf 84' lang='lat' dir='ltr'>affirmant</span> <span class='ocrx_word' id='word_1_89' title='bbox 3555 1562 3772 1637; x_wconf 81' lang='lat' dir='ltr'>nigre-</span> 
     </span>
     <span class='ocr_line' id='line_1_9' title="bbox 687 1661 3770 1746; baseline -0.002 -16"><span class='ocrx_word' id='word_1_90' title='bbox 687 1690 718 1729; x_wconf 77' lang='lat'><strong>»</strong></span> <span class='ocrx_word' id='word_1_91' title='bbox 757 1671 977 1729; x_wconf 89' lang='lat' dir='ltr'>dinem</span> <span class='ocrx_word' id='word_1_92' title='bbox 1028 1667 1462 1728; x_wconf 84' lang='lat' dir='ltr'>schismatum</span> <span class='ocrx_word' id='word_1_93' title='bbox 1510 1661 1611 1746; x_wconf 59' lang='grc' dir='ltr'>’ΥΡ</span> <span class='ocrx_word' id='word_1_94' title='bbox 1658 1668 1752 1726; x_wconf 91' lang='lat' dir='ltr'>ita</span> <span class='ocrx_word' id='word_1_95' title='bbox 1785 1667 1960 1743; x_wconf 90' lang='lat' dir='ltr'>quod</span> <span class='ocrx_word' id='word_1_96' title='bbox 1994 1668 2190 1727; x_wconf 87' lang='lat' dir='ltr'>deum</span> <span class='ocrx_word' id='word_1_97' title='bbox 2227 1684 2419 1728; x_wconf 90' lang='lat' dir='ltr'>suum</span> <span class='ocrx_word' id='word_1_98' title='bbox 2458 1669 2523 1728; x_wconf 91' lang='lat' dir='ltr'>in</span> <span class='ocrx_word' id='word_1_99' title='bbox 2558 1668 2885 1744; x_wconf 86' lang='lat' dir='ltr'>Aquilone</span> <span class='ocrx_word' id='word_1_100' title='bbox 2921 1670 3274 1743; x_wconf 90' lang='lat' dir='ltr'>quaerunt,</span> <span class='ocrx_word' id='word_1_101' title='bbox 3311 1673 3378 1727; x_wconf 91' lang='lat' dir='ltr'>et</span> <span class='ocrx_word' id='word_1_102' title='bbox 3409 1666 3583 1742; x_wconf 90' lang='lat' dir='ltr'>quod</span> <span class='ocrx_word' id='word_1_103' title='bbox 3619 1680 3770 1725; x_wconf 90' lang='lat' dir='ltr'>eum</span> 
     </span>
     <span class='ocr_line' id='line_1_10' title="bbox 685 1771 3770 1848; baseline -0.002 -15"><span class='ocrx_word' id='word_1_104' title='bbox 685 1794 717 1833; x_wconf 66' lang='lat' dir='ltr'><strong>n</strong></span> <span class='ocrx_word' id='word_1_105' title='bbox 756 1773 845 1833; x_wconf 92' lang='lat' dir='ltr'>ibi</span> <span class='ocrx_word' id='word_1_106' title='bbox 890 1772 1137 1846; x_wconf 90' lang='lat' dir='ltr'>colunt,</span> <span class='ocrx_word' id='word_1_107' title='bbox 1174 1775 1241 1831; x_wconf 91' lang='lat' dir='ltr'>et</span> <span class='ocrx_word' id='word_1_108' title='bbox 1273 1771 1450 1848; x_wconf 90' lang='lat' dir='ltr'>quod</span> <span class='ocrx_word' id='word_1_109' title='bbox 1483 1787 1615 1830; x_wconf 89' lang='lat' dir='ltr'>una</span> <span class='ocrx_word' id='word_1_110' title='bbox 1647 1787 1952 1848; x_wconf 86' lang='lat' dir='ltr'>quaeque</span> <span class='ocrx_word' id='word_1_111' title='bbox 1982 1772 2164 1848; x_wconf 88' lang='lat' dir='ltr'>justa</span> <span class='ocrx_word' id='word_1_112' title='bbox 2197 1788 2237 1831; x_wconf 89' lang='lat' dir='ltr'>a</span> <span class='ocrx_word' id='word_1_113' title='bbox 2269 1772 2403 1831; x_wconf 91' lang='lat' dir='ltr'>Deo</span> <span class='ocrx_word' id='word_1_114' title='bbox 2439 1773 2767 1846; x_wconf 87' lang='lat' dir='ltr'>instituta,</span> <span class='ocrx_word' id='word_1_115' title='bbox 2806 1771 3167 1832; x_wconf 90' lang='lat' dir='ltr'>secundum</span> <span class='ocrx_word' id='word_1_116' title='bbox 3203 1771 3581 1830; x_wconf 84' lang='lat' dir='ltr'>voluntates</span> <span class='ocrx_word' id='word_1_117' title='bbox 3615 1783 3770 1828; x_wconf 90' lang='lat' dir='ltr'>suas</span> 
     </span>
     <span class='ocr_line' id='line_1_11' title="bbox 685 1874 3767 1953; baseline -0.001 -16"><span class='ocrx_word' id='word_1_118' title='bbox 685 1897 715 1937; x_wconf 80' lang='grc'><strong><em>»</em></strong></span> <span class='ocrx_word' id='word_1_119' title='bbox 755 1892 1069 1953; x_wconf 88' lang='lat' dir='ltr'>perverse</span> <span class='ocrx_word' id='word_1_120' title='bbox 1115 1875 1483 1935; x_wconf 84' lang='lat' dir='ltr'>discutiunt</span> <span class='ocrx_word' id='word_1_121' title='bbox 1530 1878 1598 1936; x_wconf 90' lang='lat' dir='ltr'>et</span> <span class='ocrx_word' id='word_1_122' title='bbox 1644 1877 2083 1951; x_wconf 85' lang='lat' dir='ltr'>exscribrant,</span> <span class='ocrx_word' id='word_1_123' title='bbox 2134 1879 2201 1937; x_wconf 87' lang='lat' dir='ltr'>et</span> <span class='ocrx_word' id='word_1_124' title='bbox 2247 1892 2330 1936; x_wconf 92' lang='lat' dir='ltr'>ea</span> <span class='ocrx_word' id='word_1_125' title='bbox 2378 1878 2444 1936; x_wconf 89' lang='lat' dir='ltr'>in</span> <span class='ocrx_word' id='word_1_126' title='bbox 2486 1877 2800 1937; x_wconf 84' lang='lat' dir='ltr'>cordibus</span> <span class='ocrx_word' id='word_1_127' title='bbox 2835 1877 2974 1936; x_wconf 90' lang='lat' dir='ltr'>suis</span> <span class='ocrx_word' id='word_1_128' title='bbox 3007 1877 3415 1950; x_wconf 83' lang='lat' dir='ltr'>discerpunt,</span> <span class='ocrx_word' id='word_1_129' title='bbox 3450 1874 3767 1933; x_wconf 87' lang='lat' dir='ltr'>dicentes:</span> 
     </span>
     <span class='ocr_line' id='line_1_12' title="bbox 684 1978 3770 2056; baseline -0.002 -16"><span class='ocrx_word' id='word_1_130' title='bbox 684 2001 715 2040; x_wconf 72' lang='lat'>1&gt;</span> <span class='ocrx_word' id='word_1_131' title='bbox 755 1982 889 2041; x_wconf 87' lang='lat' dir='ltr'>Ista</span> <span class='ocrx_word' id='word_1_132' title='bbox 920 1982 1059 2040; x_wconf 89' lang='lat' dir='ltr'>vita</span> <span class='ocrx_word' id='word_1_133' title='bbox 1089 1980 1265 2040; x_wconf 88' lang='lat' dir='ltr'>bona</span> <span class='ocrx_word' id='word_1_134' title='bbox 1297 1982 1421 2056; x_wconf 88' lang='lat' dir='ltr'>est,</span> <span class='ocrx_word' id='word_1_135' title='bbox 1462 1980 1576 2040; x_wconf 89' lang='lat' dir='ltr'>illa</span> <span class='ocrx_word' id='word_1_136' title='bbox 1609 1996 1767 2041; x_wconf 86' lang='lat' dir='ltr'>vero</span> <span class='ocrx_word' id='word_1_137' title='bbox 1803 1981 1981 2041; x_wconf 89' lang='lat' dir='ltr'>mala</span> <span class='ocrx_word' id='word_1_138' title='bbox 2010 1984 2133 2042; x_wconf 91' lang='lat' dir='ltr'>est.</span> <span class='ocrx_word' id='word_1_139' title='bbox 2168 1981 2248 2042; x_wconf 87' lang='lat' dir='ltr'>Et</span> <span class='ocrx_word' id='word_1_140' title='bbox 2280 1982 2378 2041; x_wconf 89' lang='lat' dir='ltr'>sic</span> <span class='ocrx_word' id='word_1_141' title='bbox 2413 1982 2759 2041; x_wconf 89' lang='lat' dir='ltr'>scientiam</span> <span class='ocrx_word' id='word_1_142' title='bbox 2796 1997 2984 2040; x_wconf 88' lang='lat' dir='ltr'>suam</span> <span class='ocrx_word' id='word_1_143' title='bbox 3021 1996 3138 2055; x_wconf 93' lang='lat' dir='ltr'>pro</span> <span class='ocrx_word' id='word_1_144' title='bbox 3173 1979 3307 2039; x_wconf 91' lang='lat' dir='ltr'>Deo</span> <span class='ocrx_word' id='word_1_145' title='bbox 3343 1978 3611 2048; x_wconf 90' lang='lat' dir='ltr'>habent,</span> <span class='ocrx_word' id='word_1_146' title='bbox 3649 1992 3770 2035; x_wconf 91' lang='lat' dir='ltr'>nec</span> 
     </span>
     <span class='ocr_line' id='line_1_13' title="bbox 679 2075 3766 2162; baseline -0.002 -18"><span class='ocrx_word' id='word_1_147' title='bbox 679 2104 711 2144; x_wconf 82' lang='lat'><strong>»</strong></span> <span class='ocrx_word' id='word_1_148' title='bbox 751 2086 969 2146; x_wconf 91' lang='lat' dir='ltr'>sciunt</span> <span class='ocrx_word' id='word_1_149' title='bbox 1017 2084 1176 2161; x_wconf 90' lang='lat' dir='ltr'>quid</span> <span class='ocrx_word' id='word_1_150' title='bbox 1226 2083 1502 2159; x_wconf 86' lang='lat' dir='ltr'>faciunt3</span> <span class='ocrx_word' id='word_1_151' title='bbox 1556 2100 1759 2161; x_wconf 90' lang='lat' dir='ltr'>opera</span> <span class='ocrx_word' id='word_1_152' title='bbox 1805 2086 1980 2145; x_wconf 89' lang='lat' dir='ltr'>enim</span> <span class='ocrx_word' id='word_1_153' title='bbox 2031 2085 2171 2160; x_wconf 91' lang='lat' dir='ltr'>Dei,</span> <span class='ocrx_word' id='word_1_154' title='bbox 2225 2100 2397 2162; x_wconf 92' lang='lat' dir='ltr'>quae</span> <span class='ocrx_word' id='word_1_155' title='bbox 2448 2085 2513 2145; x_wconf 92' lang='lat' dir='ltr'>in</span> <span class='ocrx_word' id='word_1_156' title='bbox 2555 2075 2822 2144; x_wconf 89' lang='lat' dir='ltr'>homine</span> <span class='ocrx_word' id='word_1_157' title='bbox 2856 2088 3196 2159; x_wconf 85' lang='lat' dir='ltr'>operatur,</span> <span class='ocrx_word' id='word_1_158' title='bbox 3233 2083 3301 2142; x_wconf 90' lang='lat' dir='ltr'>in</span> <span class='ocrx_word' id='word_1_159' title='bbox 3336 2082 3591 2143; x_wconf 84' lang='lat' dir='ltr'>infinita</span> <span class='ocrx_word' id='word_1_160' title='bbox 3625 2080 3766 2139; x_wconf 85' lang='lat' dir='ltr'>vita</span> 
     </span>
     <span class='ocr_line' id='line_1_14' title="bbox 683 2184 3766 2264; baseline -0.002 -16"><span class='ocrx_word' id='word_1_161' title='bbox 683 2209 715 2248; x_wconf 77' lang='grc'><strong>»</strong></span> <span class='ocrx_word' id='word_1_162' title='bbox 754 2192 1059 2264; x_wconf 90' lang='lat' dir='ltr'>manent,</span> <span class='ocrx_word' id='word_1_163' title='bbox 1119 2189 1306 2250; x_wconf 87' lang='lat' dir='ltr'>velut</span> <span class='ocrx_word' id='word_1_164' title='bbox 1360 2189 1558 2249; x_wconf 91' lang='lat' dir='ltr'>etiam</span> <span class='ocrx_word' id='word_1_165' title='bbox 1617 2190 1823 2249; x_wconf 84' lang='lat' dir='ltr'>verba</span> <span class='ocrx_word' id='word_1_166' title='bbox 1878 2190 2242 2249; x_wconf 84' lang='lat' dir='ltr'>Ezechielis</span> <span class='ocrx_word' id='word_1_167' title='bbox 2297 2189 2685 2264; x_wconf 87' lang='lat' dir='ltr'>ostendunt,</span> <span class='ocrx_word' id='word_1_168' title='bbox 2736 2189 2850 2249; x_wconf 87' lang='lat' dir='ltr'>ubi</span> <span class='ocrx_word' id='word_1_169' title='bbox 2898 2189 2981 2248; x_wconf 90' lang='lat' dir='ltr'>de</span> <span class='ocrx_word' id='word_1_170' title='bbox 3029 2189 3317 2264; x_wconf 92' lang='lat' dir='ltr'>quatuor</span> <span class='ocrx_word' id='word_1_171' title='bbox 3364 2184 3766 2247; x_wconf 85' lang='lat' dir='ltr'>animalibus</span> 
     </span>
    </p>
   </div>
   <div class='ocr_carea' id='block_1_6' title="bbox 677 2293 1003 2354">
    <p class='ocr_par' dir='ltr' id='par_1_6' title="bbox 677 2293 1003 2354">
     <span class='ocr_line' id='line_1_15' title="bbox 677 2293 1003 2354; baseline 0.003 -4"><span class='ocrx_word' id='word_1_172' title='bbox 677 2311 710 2350; x_wconf 66' lang='lat' dir='ltr'>n</span> <span class='ocrx_word' id='word_1_173' title='bbox 749 2293 930 2354; x_wconf 88' lang='lat' dir='ltr'>dicit.</span> <span class='ocrx_word' id='word_1_174' title='bbox 972 2313 1003 2351; x_wconf 78' lang='lat'><strong>»</strong></span> 
     </span>
    </p>
   </div>
   <div class='ocr_carea' id='block_1_7' title="bbox 1913 2500 2537 2775">
    <p class='ocr_par' dir='ltr' id='par_1_7' title="bbox 1913 2500 2537 2775">
     <span class='ocr_line' id='line_1_16' title="bbox 2128 2500 2325 2565; baseline 0 -1"><span class='ocrx_word' id='word_1_175' title='bbox 2128 2500 2325 2565; x_wconf 88' lang='lat' dir='ltr'><strong>XVII.</strong></span> 
     </span>
     <span class='ocr_line' id='line_1_17' title="bbox 1913 2712 2537 2775; baseline -0.002 -2"><span class='ocrx_word' id='word_1_176' title='bbox 1913 2712 2111 2774; x_wconf 77' lang='lat' dir='ltr'>Verba</span> <span class='ocrx_word' id='word_1_177' title='bbox 2160 2715 2537 2775; x_wconf 74' lang='lat' dir='ltr'>Ezechielis.</span> 
     </span>
    </p>
   </div>
   <div class='ocr_carea' id='block_1_8' title="bbox 656 2914 3766 4039">
    <p class='ocr_par' dir='ltr' id='par_1_8' title="bbox 656 2914 3766 4039">
     <span class='ocr_line' id='line_1_18' title="bbox 763 2914 3766 3000; baseline -0.004 -14"><span class='ocrx_word' id='word_1_178' title='bbox 763 2925 871 2986; x_wconf 76' lang='lat'>29.</span> <span class='ocrx_word' id='word_1_179' title='bbox 913 2944 943 2984; x_wconf 86' lang='lat'>«</span> <span class='ocrx_word' id='word_1_180' title='bbox 974 2924 1205 2985; x_wconf 84' lang='lat' dir='ltr'>Facies</span> <span class='ocrx_word' id='word_1_181' title='bbox 1233 2923 1518 2984; x_wconf 89' lang='lat' dir='ltr'>hominis</span> <span class='ocrx_word' id='word_1_182' title='bbox 1545 2925 1611 2984; x_wconf 87' lang='lat' dir='ltr'>et</span> <span class='ocrx_word' id='word_1_183' title='bbox 1640 2923 1842 2983; x_wconf 86' lang='lat' dir='ltr'>facies</span> <span class='ocrx_word' id='word_1_184' title='bbox 1870 2924 2080 2983; x_wconf 91' lang='lat' dir='ltr'>leonis</span> <span class='ocrx_word' id='word_1_185' title='bbox 2113 2940 2152 2983; x_wconf 90' lang='lat' dir='ltr'>a</span> <span class='ocrx_word' id='word_1_186' title='bbox 2177 2924 2428 2985; x_wconf 85' lang='lat' dir='ltr'>dextris</span> <span class='ocrx_word' id='word_1_187' title='bbox 2461 2924 2756 3000; x_wconf 85' lang='lat' dir='ltr'>ipsorum</span> <span class='ocrx_word' id='word_1_188' title='bbox 2785 2925 3091 2999; x_wconf 88' lang='lat' dir='ltr'>quatuor.</span> <span class='ocrx_word' id='word_1_189' title='bbox 3129 2920 3358 2981; x_wconf 85' lang='lat' dir='ltr'>Facies</span> <span class='ocrx_word' id='word_1_190' title='bbox 3393 2918 3615 2977; x_wconf 87' lang='lat' dir='ltr'>autem</span> <span class='ocrx_word' id='word_1_191' title='bbox 3653 2914 3766 2974; x_wconf 92' lang='lat' dir='ltr'>bo-</span> 
     </span>
     <span class='ocr_line' id='line_1_19' title="bbox 670 3014 3756 3105; baseline -0.004 -17"><span class='ocrx_word' id='word_1_192' title='bbox 670 3047 702 3088; x_wconf 78' lang='lat'><strong>»</strong></span> <span class='ocrx_word' id='word_1_193' title='bbox 742 3030 845 3090; x_wconf 89' lang='lat' dir='ltr'>vis</span> <span class='ocrx_word' id='word_1_194' title='bbox 894 3044 935 3089; x_wconf 91' lang='lat' dir='ltr'>a</span> <span class='ocrx_word' id='word_1_195' title='bbox 982 3028 1272 3089; x_wconf 85' lang='lat' dir='ltr'>sinistris</span> <span class='ocrx_word' id='word_1_196' title='bbox 1323 3028 1618 3104; x_wconf 89' lang='lat' dir='ltr'>ipsorum</span> <span class='ocrx_word' id='word_1_197' title='bbox 1655 3030 1964 3104; x_wconf 83' lang='lat' dir='ltr'>quatuor3</span> <span class='ocrx_word' id='word_1_198' title='bbox 2000 3030 2070 3089; x_wconf 93' lang='lat' dir='ltr'>et</span> <span class='ocrx_word' id='word_1_199' title='bbox 2105 3027 2308 3088; x_wconf 80' lang='lat' dir='ltr'>facies</span> <span class='ocrx_word' id='word_1_200' title='bbox 2341 3028 2611 3105; x_wconf 88' lang='lat' dir='ltr'>aquilae</span> <span class='ocrx_word' id='word_1_201' title='bbox 2644 3028 2934 3103; x_wconf 85' lang='lat' dir='ltr'>desuper</span> <span class='ocrx_word' id='word_1_202' title='bbox 2969 3027 3263 3102; x_wconf 90' lang='lat' dir='ltr'>ipsorum</span> <span class='ocrx_word' id='word_1_203' title='bbox 3298 3026 3589 3099; x_wconf 90' lang='lat' dir='ltr'>quatuor</span> <span class='ocrx_word' id='word_1_204' title='bbox 3619 3014 3693 3099; x_wconf 80' lang='lat'>⁴).</span> <span class='ocrx_word' id='word_1_205' title='bbox 3725 3035 3756 3075; x_wconf 81' lang='lat'>»</span> 
     </span>
     <span class='ocr_line' id='line_1_20' title="bbox 661 3125 3759 3211; baseline -0.004 -16"><span class='ocrx_word' id='word_1_206' title='bbox 661 3134 867 3211; x_wconf 76' lang='lat' dir='ltr'>CuJus</span> <span class='ocrx_word' id='word_1_207' title='bbox 894 3150 1129 3194; x_wconf 90' lang='lat' dir='ltr'>sensus</span> <span class='ocrx_word' id='word_1_208' title='bbox 1164 3133 1318 3194; x_wconf 87' lang='lat' dir='ltr'>talis</span> <span class='ocrx_word' id='word_1_209' title='bbox 1343 3140 1464 3194; x_wconf 89' lang='lat' dir='ltr'>est.</span> <span class='ocrx_word' id='word_1_210' title='bbox 1494 3133 1657 3192; x_wconf 89' lang='lat' dir='ltr'>Nam</span> <span class='ocrx_word' id='word_1_211' title='bbox 1685 3149 1852 3207; x_wconf 89' lang='lat' dir='ltr'>opus</span> <span class='ocrx_word' id='word_1_212' title='bbox 1879 3134 2104 3208; x_wconf 88' lang='lat' dir='ltr'>operis</span> <span class='ocrx_word' id='word_1_213' title='bbox 2129 3133 2246 3192; x_wconf 91' lang='lat' dir='ltr'>Dei</span> <span class='ocrx_word' id='word_1_214' title='bbox 2273 3133 2471 3193; x_wconf 89' lang='lat' dir='ltr'>homo</span> <span class='ocrx_word' id='word_1_215' title='bbox 2505 3136 2627 3208; x_wconf 89' lang='lat' dir='ltr'>est,</span> <span class='ocrx_word' id='word_1_216' title='bbox 2668 3139 2734 3192; x_wconf 90' lang='lat' dir='ltr'>et</span> <span class='ocrx_word' id='word_1_217' title='bbox 2770 3133 2893 3192; x_wconf 88' lang='lat' dir='ltr'>hoc</span> <span class='ocrx_word' id='word_1_218' title='bbox 2926 3148 3094 3207; x_wconf 92' lang='lat' dir='ltr'>opus</span> <span class='ocrx_word' id='word_1_219' title='bbox 3128 3147 3170 3190; x_wconf 90' lang='lat' dir='ltr'>a</span> <span class='ocrx_word' id='word_1_220' title='bbox 3201 3129 3334 3188; x_wconf 89' lang='lat' dir='ltr'>Deo</span> <span class='ocrx_word' id='word_1_221' title='bbox 3368 3132 3490 3187; x_wconf 88' lang='lat' dir='ltr'>est.</span> <span class='ocrx_word' id='word_1_222' title='bbox 3529 3125 3759 3185; x_wconf 81' lang='lat' dir='ltr'>Facies</span> 
     </span>
     <span class='ocr_line' id='line_1_21' title="bbox 663 3229 3758 3317; baseline -0.004 -19"><span class='ocrx_word' id='word_1_223' title='bbox 663 3239 945 3298; x_wconf 77' lang='lat' dir='ltr'>hominis</span> <span class='ocrx_word' id='word_1_224' title='bbox 987 3237 1302 3312; x_wconf 89' lang='lat' dir='ltr'>pietatem</span> <span class='ocrx_word' id='word_1_225' title='bbox 1336 3236 1640 3313; x_wconf 83' lang='lat' dir='ltr'>designat</span> <span class='ocrx_word' id='word_1_226' title='bbox 1672 3231 1745 3317; x_wconf 81' lang='lat'>⁸),</span> <span class='ocrx_word' id='word_1_227' title='bbox 1783 3254 1901 3312; x_wconf 89' lang='lat' dir='ltr'>per</span> <span class='ocrx_word' id='word_1_228' title='bbox 1933 3253 2135 3314; x_wconf 88' lang='lat' dir='ltr'>quam</span> <span class='ocrx_word' id='word_1_229' title='bbox 2171 3237 2367 3299; x_wconf 91' lang='lat' dir='ltr'>homo</span> <span class='ocrx_word' id='word_1_230' title='bbox 2401 3237 2908 3297; x_wconf 84' lang='lat' dir='ltr'>sensibilitatem</span> <span class='ocrx_word' id='word_1_231' title='bbox 2945 3235 3166 3295; x_wconf 90' lang='lat' dir='ltr'>habet.</span> <span class='ocrx_word' id='word_1_232' title='bbox 3200 3235 3280 3293; x_wconf 87' lang='lat' dir='ltr'>Et</span> <span class='ocrx_word' id='word_1_233' title='bbox 3307 3234 3515 3311; x_wconf 74' lang='lat' dir='ltr'>facies</span> <span class='ocrx_word' id='word_1_234' title='bbox 3550 3229 3758 3288; x_wconf 78' lang='lat' dir='ltr'>leonis</span> 
     </span>
     <span class='ocr_line' id='line_1_22' title="bbox 659 3334 3755 3418; baseline -0.003 -18"><span class='ocrx_word' id='word_1_235' title='bbox 659 3343 972 3401; x_wconf 88' lang='lat' dir='ltr'>virtutem</span> <span class='ocrx_word' id='word_1_236' title='bbox 1021 3341 1161 3417; x_wconf 89' lang='lat' dir='ltr'>Dei,</span> <span class='ocrx_word' id='word_1_237' title='bbox 1215 3343 1280 3401; x_wconf 92' lang='lat' dir='ltr'>in</span> <span class='ocrx_word' id='word_1_238' title='bbox 1329 3357 1462 3418; x_wconf 92' lang='lat' dir='ltr'>qua</span> <span class='ocrx_word' id='word_1_239' title='bbox 1492 3341 1665 3401; x_wconf 90' lang='lat' dir='ltr'>Deus</span> <span class='ocrx_word' id='word_1_240' title='bbox 1701 3342 2221 3402; x_wconf 88' lang='lat' dir='ltr'>rationalitatem</span> <span class='ocrx_word' id='word_1_241' title='bbox 2260 3341 2510 3401; x_wconf 89' lang='lat' dir='ltr'>homini</span> <span class='ocrx_word' id='word_1_242' title='bbox 2544 3342 2747 3416; x_wconf 86' lang='lat' dir='ltr'>dedit3</span> <span class='ocrx_word' id='word_1_243' title='bbox 2785 3347 2852 3401; x_wconf 85' lang='lat' dir='ltr'>et</span> <span class='ocrx_word' id='word_1_244' title='bbox 2888 3341 3011 3399; x_wconf 89' lang='lat' dir='ltr'>hoc</span> <span class='ocrx_word' id='word_1_245' title='bbox 3042 3359 3083 3399; x_wconf 83' lang='lat' dir='ltr'>a</span> <span class='ocrx_word' id='word_1_246' title='bbox 3114 3340 3397 3412; x_wconf 74' lang='lat' dir='ltr'>dextris,</span> <span class='ocrx_word' id='word_1_247' title='bbox 3434 3334 3755 3412; x_wconf 88' lang='lat' dir='ltr'>quoniam</span> 
     </span>
     <span class='ocr_line' id='line_1_23' title="bbox 664 3438 3765 3522; baseline -0.003 -17"><span class='ocrx_word' id='word_1_248' title='bbox 664 3447 875 3520; x_wconf 87' lang='lat' dir='ltr'>pietas</span> <span class='ocrx_word' id='word_1_249' title='bbox 924 3449 991 3506; x_wconf 91' lang='lat' dir='ltr'>et</span> <span class='ocrx_word' id='word_1_250' title='bbox 1040 3444 1252 3505; x_wconf 90' lang='lat' dir='ltr'>virtus</span> <span class='ocrx_word' id='word_1_251' title='bbox 1299 3446 1455 3522; x_wconf 87' lang='lat' dir='ltr'>Dei,</span> <span class='ocrx_word' id='word_1_252' title='bbox 1507 3462 1627 3520; x_wconf 90' lang='lat' dir='ltr'>per</span> <span class='ocrx_word' id='word_1_253' title='bbox 1675 3446 2331 3521; x_wconf 88' lang='lat' dir='ltr'>comprehensionem</span> <span class='ocrx_word' id='word_1_254' title='bbox 2368 3447 2846 3522; x_wconf 83' lang='lat' dir='ltr'>magnitudinis</span> <span class='ocrx_word' id='word_1_255' title='bbox 2880 3446 3204 3505; x_wconf 90' lang='lat' dir='ltr'>bonorum</span> <span class='ocrx_word' id='word_1_256' title='bbox 3240 3457 3540 3517; x_wconf 86' lang='lat' dir='ltr'>operum,</span> <span class='ocrx_word' id='word_1_257' title='bbox 3576 3438 3765 3497; x_wconf 88' lang='lat' dir='ltr'>velut</span> 
     </span>
     <span class='ocr_line' id='line_1_24' title="bbox 656 3544 3751 3628; baseline -0.003 -20"><span class='ocrx_word' id='word_1_258' title='bbox 656 3551 821 3624; x_wconf 78' lang='lat' dir='ltr'>alaS,</span> <span class='ocrx_word' id='word_1_259' title='bbox 874 3548 1166 3608; x_wconf 86' lang='lat' dir='ltr'>divinam</span> <span class='ocrx_word' id='word_1_260' title='bbox 1218 3549 1717 3623; x_wconf 87' lang='lat' dir='ltr'>inspirationem</span> <span class='ocrx_word' id='word_1_261' title='bbox 1759 3551 2132 3610; x_wconf 88' lang='lat' dir='ltr'>ostendunt.</span> <span class='ocrx_word' id='word_1_262' title='bbox 2170 3550 2293 3609; x_wconf 89' lang='lat' dir='ltr'>Sed</span> <span class='ocrx_word' id='word_1_263' title='bbox 2326 3553 2531 3628; x_wconf 79' lang='lat' dir='ltr'>facies</span> <span class='ocrx_word' id='word_1_264' title='bbox 2564 3550 2735 3609; x_wconf 80' lang='lat' dir='ltr'>bovis</span> <span class='ocrx_word' id='word_1_265' title='bbox 2770 3549 3169 3609; x_wconf 87' lang='lat' dir='ltr'>sacrificium</span> <span class='ocrx_word' id='word_1_266' title='bbox 3206 3545 3382 3623; x_wconf 91' lang='lat' dir='ltr'>quod</span> <span class='ocrx_word' id='word_1_267' title='bbox 3412 3545 3587 3604; x_wconf 87' lang='lat' dir='ltr'>Deus</span> <span class='ocrx_word' id='word_1_268' title='bbox 3622 3544 3751 3613; x_wconf 88' lang='lat' dir='ltr'>est,</span> 
     </span>
     <span class='ocr_line' id='line_1_25' title="bbox 659 3646 3759 3730; baseline -0.004 -18"><span class='ocrx_word' id='word_1_269' title='bbox 659 3650 1037 3728; x_wconf 86' lang='lat' dir='ltr'>denuntiat3</span> <span class='ocrx_word' id='word_1_270' title='bbox 1092 3654 1159 3711; x_wconf 90' lang='lat' dir='ltr'>in</span> <span class='ocrx_word' id='word_1_271' title='bbox 1207 3669 1339 3729; x_wconf 93' lang='lat' dir='ltr'>quo</span> <span class='ocrx_word' id='word_1_272' title='bbox 1389 3653 1872 3713; x_wconf 89' lang='lat' dir='ltr'>demonstravit</span> <span class='ocrx_word' id='word_1_273' title='bbox 1921 3653 2173 3713; x_wconf 90' lang='lat' dir='ltr'>homini</span> <span class='ocrx_word' id='word_1_274' title='bbox 2221 3654 2355 3714; x_wconf 89' lang='lat' dir='ltr'>Deo</span> <span class='ocrx_word' id='word_1_275' title='bbox 2405 3656 2814 3730; x_wconf 84' lang='lat' dir='ltr'>sacrificare,</span> <span class='ocrx_word' id='word_1_276' title='bbox 2866 3657 2934 3713; x_wconf 90' lang='lat' dir='ltr'>et</span> <span class='ocrx_word' id='word_1_277' title='bbox 2982 3652 3106 3712; x_wconf 94' lang='lat' dir='ltr'>hoc</span> <span class='ocrx_word' id='word_1_278' title='bbox 3152 3651 3354 3712; x_wconf 90' lang='lat' dir='ltr'>etiam</span> <span class='ocrx_word' id='word_1_279' title='bbox 3391 3669 3432 3709; x_wconf 87' lang='lat' dir='ltr'>a</span> <span class='ocrx_word' id='word_1_280' title='bbox 3464 3646 3759 3708; x_wconf 80' lang='lat' dir='ltr'>sinistris</span> 
     </span>
     <span class='ocr_line' id='line_1_26' title="bbox 665 3749 3763 3834; baseline -0.002 -20"><span class='ocrx_word' id='word_1_281' title='bbox 665 3758 791 3831; x_wconf 89' lang='lat' dir='ltr'>est,</span> <span class='ocrx_word' id='word_1_282' title='bbox 845 3755 1159 3833; x_wconf 87' lang='lat' dir='ltr'>quoniam</span> <span class='ocrx_word' id='word_1_283' title='bbox 1210 3755 1276 3816; x_wconf 92' lang='lat' dir='ltr'>in</span> <span class='ocrx_word' id='word_1_284' title='bbox 1318 3756 1646 3817; x_wconf 84' lang='lat' dir='ltr'>sacrificio</span> <span class='ocrx_word' id='word_1_285' title='bbox 1679 3757 1948 3834; x_wconf 90' lang='lat' dir='ltr'>quidam</span> <span class='ocrx_word' id='word_1_286' title='bbox 1984 3757 2285 3818; x_wconf 86' lang='lat' dir='ltr'>defectus</span> <span class='ocrx_word' id='word_1_287' title='bbox 2319 3764 2443 3834; x_wconf 91' lang='lat' dir='ltr'>est,</span> <span class='ocrx_word' id='word_1_288' title='bbox 2480 3760 2593 3819; x_wconf 88' lang='lat' dir='ltr'>ubi</span> <span class='ocrx_word' id='word_1_289' title='bbox 2630 3774 2830 3818; x_wconf 91' lang='lat' dir='ltr'>unum</span> <span class='ocrx_word' id='word_1_290' title='bbox 2866 3758 3088 3833; x_wconf 89' lang='lat' dir='ltr'>datur,</span> <span class='ocrx_word' id='word_1_291' title='bbox 3125 3762 3191 3815; x_wconf 89' lang='lat' dir='ltr'>et</span> <span class='ocrx_word' id='word_1_292' title='bbox 3225 3753 3405 3815; x_wconf 92' lang='lat' dir='ltr'>aliud</span> <span class='ocrx_word' id='word_1_293' title='bbox 3442 3749 3763 3826; x_wconf 88' lang='lat' dir='ltr'>relinqui·-</span> 
     </span>
     <span class='ocr_line' id='line_1_27' title="bbox 661 3853 3754 3941; baseline -0.002 -23"><span class='ocrx_word' id='word_1_294' title='bbox 661 3866 792 3935; x_wconf 84' lang='lat' dir='ltr'>tur3</span> <span class='ocrx_word' id='word_1_295' title='bbox 846 3861 1020 3919; x_wconf 86' lang='lat' dir='ltr'>sicut</span> <span class='ocrx_word' id='word_1_296' title='bbox 1067 3860 1266 3920; x_wconf 91' lang='lat' dir='ltr'>etiam</span> <span class='ocrx_word' id='word_1_297' title='bbox 1319 3861 1432 3936; x_wconf 91' lang='lat' dir='ltr'>qui</span> <span class='ocrx_word' id='word_1_298' title='bbox 1481 3861 1891 3921; x_wconf 81' lang='lat' dir='ltr'>voluntatem</span> <span class='ocrx_word' id='word_1_299' title='bbox 1945 3878 2133 3921; x_wconf 86' lang='lat' dir='ltr'>suam</span> <span class='ocrx_word' id='word_1_300' title='bbox 2168 3862 2301 3922; x_wconf 90' lang='lat' dir='ltr'>Deo</span> <span class='ocrx_word' id='word_1_301' title='bbox 2336 3862 2535 3924; x_wconf 76' lang='lat' dir='ltr'>offert</span> <span class='ocrx_word' id='word_1_302' title='bbox 2564 3859 2637 3941; x_wconf 76' lang='lat'>⁸),</span> <span class='ocrx_word' id='word_1_303' title='bbox 2679 3863 3009 3922; x_wconf 87' lang='lat' dir='ltr'>interdum</span> <span class='ocrx_word' id='word_1_304' title='bbox 3046 3858 3381 3933; x_wconf 87' lang='lat' dir='ltr'>coelestia,</span> <span class='ocrx_word' id='word_1_305' title='bbox 3421 3853 3754 3917; x_wconf 87' lang='lat' dir='ltr'>interdum</span> 
     </span>
     <span class='ocr_line' id='line_1_28' title="bbox 659 3958 3755 4039; baseline -0.002 -17"><span class='ocrx_word' id='word_1_306' title='bbox 659 3965 1010 4024; x_wconf 86' lang='lat' dir='ltr'>terrestria</span> <span class='ocrx_word' id='word_1_307' title='bbox 1056 3965 1436 4026; x_wconf 85' lang='lat' dir='ltr'>meditatur.</span> <span class='ocrx_word' id='word_1_308' title='bbox 1474 3966 1636 4024; x_wconf 86' lang='lat' dir='ltr'>Nam</span> <span class='ocrx_word' id='word_1_309' title='bbox 1674 3966 1739 4025; x_wconf 91' lang='lat' dir='ltr'>in</span> <span class='ocrx_word' id='word_1_310' title='bbox 1772 3966 2101 4026; x_wconf 87' lang='lat' dir='ltr'>sacrificio</span> <span class='ocrx_word' id='word_1_311' title='bbox 2136 3966 2308 4026; x_wconf 85' lang='lat' dir='ltr'>Deus</span> <span class='ocrx_word' id='word_1_312' title='bbox 2345 3966 2676 4026; x_wconf 88' lang='lat' dir='ltr'>hominem</span> <span class='ocrx_word' id='word_1_313' title='bbox 2712 3966 2795 4025; x_wconf 88' lang='lat' dir='ltr'>ad</span> <span class='ocrx_word' id='word_1_314' title='bbox 2832 3983 2901 4026; x_wconf 90' lang='lat' dir='ltr'>se</span> <span class='ocrx_word' id='word_1_315' title='bbox 2939 3966 3165 4039; x_wconf 84' lang='lat' dir='ltr'>t1·ahit;</span> <span class='ocrx_word' id='word_1_316' title='bbox 3202 3971 3269 4023; x_wconf 90' lang='lat' dir='ltr'>et</span> <span class='ocrx_word' id='word_1_317' title='bbox 3302 3964 3503 4022; x_wconf 91' lang='lat' dir='ltr'>etiam</span> <span class='ocrx_word' id='word_1_318' title='bbox 3541 3958 3755 4017; x_wconf 86' lang='lat' dir='ltr'>homi·-</span> 
     </span>
    </p>
   </div>
   <div class='ocr_carea' id='block_1_9' title="bbox 640 4121 3752 5238">
    <p class='ocr_par' dir='ltr' id='par_1_9' title="bbox 655 4121 3752 4462">
     <span class='ocr_line' id='line_1_29' title="bbox 734 4121 3752 4205; baseline -0.003 -19"><span class='ocrx_word' id='word_1_319' title='bbox 734 4131 774 4196; x_wconf 90' lang='lat'>¹)</span> <span class='ocrx_word' id='word_1_320' title='bbox 808 4131 1007 4189; x_wconf 90' lang='lat' dir='ltr'>Nescio</span> <span class='ocrx_word' id='word_1_321' title='bbox 1031 4149 1104 4188; x_wconf 88' lang='lat' dir='ltr'>an</span> <span class='ocrx_word' id='word_1_322' title='bbox 1130 4133 1348 4205; x_wconf 89' lang='lat' dir='ltr'>aliquid</span> <span class='ocrx_word' id='word_1_323' title='bbox 1375 4135 1437 4190; x_wconf 89' lang='lat' dir='ltr'>in</span> <span class='ocrx_word' id='word_1_324' title='bbox 1462 4140 1705 4205; x_wconf 86' lang='lat' dir='ltr'>utroque</span> <span class='ocrx_word' id='word_1_325' title='bbox 1730 4133 1921 4190; x_wconf 89' lang='lat' dir='ltr'>codice</span> <span class='ocrx_word' id='word_1_326' title='bbox 1951 4131 2172 4189; x_wconf 87' lang='lat' dir='ltr'>excide-</span> <span class='ocrx_word' id='word_1_327' title='bbox 2246 4130 2460 4194; x_wconf 88' lang='lat' dir='ltr'>nantis;</span> <span class='ocrx_word' id='word_1_328' title='bbox 2488 4148 2632 4202; x_wconf 89' lang='lat' dir='ltr'>quae</span> <span class='ocrx_word' id='word_1_329' title='bbox 2653 4131 2940 4188; x_wconf 84' lang='lat' dir='ltr'>interdum</span> <span class='ocrx_word' id='word_1_330' title='bbox 2961 4136 3049 4186; x_wconf 88' lang='lat' dir='ltr'>sat</span> <span class='ocrx_word' id='word_1_331' title='bbox 3072 4130 3397 4201; x_wconf 89' lang='lat' dir='ltr'>importuno</span> <span class='ocrx_word' id='word_1_332' title='bbox 3417 4121 3752 4181; x_wconf 86' lang='lat' dir='ltr'>discrimine</span> 
     </span>
     <span class='ocr_line' id='line_1_30' title="bbox 655 4213 3750 4293; baseline -0.002 -26"><span class='ocrx_word' id='word_1_333' title='bbox 655 4214 753 4270; x_wconf 83' lang='lat' dir='ltr'>rit.</span> <span class='ocrx_word' id='word_1_334' title='bbox 785 4217 999 4273; x_wconf 90' lang='lat' dir='ltr'>Ultima</span> <span class='ocrx_word' id='word_1_335' title='bbox 1023 4221 1190 4275; x_wconf 86' lang='lat' dir='ltr'>verba</span> <span class='ocrx_word' id='word_1_336' title='bbox 1213 4237 1316 4278; x_wconf 86' lang='lat' dir='ltr'>nec</span> <span class='ocrx_word' id='word_1_337' title='bbox 1335 4221 1629 4293; x_wconf 88' lang='lat' dir='ltr'>perspicua</span> <span class='ocrx_word' id='word_1_338' title='bbox 1657 4226 1811 4284; x_wconf 87' lang='lat' dir='ltr'>sunt,</span> <span class='ocrx_word' id='word_1_339' title='bbox 1836 4236 2017 4291; x_wconf 84' lang='lat' dir='ltr'>neque</span> <span class='ocrx_word' id='word_1_340' title='bbox 2041 4224 2168 4291; x_wconf 85' lang='lat' dir='ltr'>apte</span> <span class='ocrx_word' id='word_1_341' title='bbox 2241 4215 2596 4275; x_wconf 75' lang='lat' dir='ltr'>dividuntur:</span> <span class='ocrx_word' id='word_1_342' title='bbox 2638 4217 2914 4274; x_wconf 89' lang='lat' dir='ltr'>continuo</span> <span class='ocrx_word' id='word_1_343' title='bbox 2949 4219 3069 4286; x_wconf 83' lang='lat' dir='ltr'>lege</span> <span class='ocrx_word' id='word_1_344' title='bbox 3096 4231 3251 4270; x_wconf 90' lang='lat' dir='ltr'>num.</span> <span class='ocrx_word' id='word_1_345' title='bbox 3282 4218 3372 4275; x_wconf 81' lang='lat'>29,</span> <span class='ocrx_word' id='word_1_346' title='bbox 3402 4216 3492 4273; x_wconf 83' lang='grc'>30,</span> <span class='ocrx_word' id='word_1_347' title='bbox 3531 4213 3589 4264; x_wconf 89' lang='lat' dir='ltr'>et</span> <span class='ocrx_word' id='word_1_348' title='bbox 3617 4223 3750 4263; x_wconf 79' lang='lat' dir='ltr'>mox</span> 
     </span>
     <span class='ocr_line' id='line_1_31' title="bbox 656 4297 3747 4378; baseline -0.003 -23"><span class='ocrx_word' id='word_1_349' title='bbox 656 4300 986 4366; x_wconf 76' lang='lat' dir='ltr'>cohaerent3</span> <span class='ocrx_word' id='word_1_350' title='bbox 1015 4320 1079 4359; x_wconf 87' lang='lat' dir='ltr'>ac</span> <span class='ocrx_word' id='word_1_351' title='bbox 1105 4305 1201 4359; x_wconf 71' lang='lat' dir='ltr'>vix</span> <span class='ocrx_word' id='word_1_352' title='bbox 1231 4322 1344 4361; x_wconf 91' lang='lat' dir='ltr'>non</span> <span class='ocrx_word' id='word_1_353' title='bbox 1371 4312 1732 4378; x_wconf 83' lang='lat' dir='ltr'>exspectatur</span> <span class='ocrx_word' id='word_1_354' title='bbox 1754 4308 1918 4363; x_wconf 79' lang='lat' dir='ltr'>Pacis</span> <span class='ocrx_word' id='word_1_355' title='bbox 1942 4323 2167 4378; x_wconf 82' lang='lat' dir='ltr'>respon-</span> <span class='ocrx_word' id='word_1_356' title='bbox 2240 4324 2294 4363; x_wconf 91' lang='lat' dir='ltr'>n.</span> <span class='ocrx_word' id='word_1_357' title='bbox 2328 4311 2416 4369; x_wconf 80' lang='grc'>32,</span> <span class='ocrx_word' id='word_1_358' title='bbox 2447 4311 2513 4360; x_wconf 92' lang='grc'>33</span> <span class='ocrx_word' id='word_1_359' title='bbox 2551 4311 2659 4362; x_wconf 88' lang='lat' dir='ltr'>etc.</span> <span class='ocrx_word' id='word_1_360' title='bbox 2690 4306 2986 4361; x_wconf 86' lang='lat' dir='ltr'>Formulae</span> <span class='ocrx_word' id='word_1_361' title='bbox 3024 4302 3232 4375; x_wconf 87' lang='lat' dir='ltr'>passim</span> <span class='ocrx_word' id='word_1_362' title='bbox 3269 4301 3327 4356; x_wconf 89' lang='lat' dir='ltr'>in</span> <span class='ocrx_word' id='word_1_363' title='bbox 3353 4299 3460 4354; x_wconf 89' lang='lat' dir='ltr'>boc</span> <span class='ocrx_word' id='word_1_364' title='bbox 3491 4311 3661 4368; x_wconf 86' lang='lat' dir='ltr'>opere</span> <span class='ocrx_word' id='word_1_365' title='bbox 3689 4297 3747 4348; x_wconf 87' lang='lat' dir='ltr'>et</span> 
     </span>
     <span class='ocr_line' id='line_1_32' title="bbox 658 4380 3750 4462; baseline -0.002 -23"><span class='ocrx_word' id='word_1_366' title='bbox 658 4401 783 4440; x_wconf 87' lang='lat' dir='ltr'>sum</span> <span class='ocrx_word' id='word_1_367' title='bbox 811 4388 880 4442; x_wconf 90' lang='lat' dir='ltr'>ad</span> <span class='ocrx_word' id='word_1_368' title='bbox 908 4389 1076 4443; x_wconf 88' lang='lat' dir='ltr'>verba</span> <span class='ocrx_word' id='word_1_369' title='bbox 1107 4389 1321 4452; x_wconf 77' lang='lat' dir='ltr'>Gladii,</span> <span class='ocrx_word' id='word_1_370' title='bbox 1354 4396 1419 4445; x_wconf 88' lang='lat' dir='ltr'>ut</span> <span class='ocrx_word' id='word_1_371' title='bbox 1447 4396 1715 4462; x_wconf 88' lang='lat' dir='ltr'>perpetua</span> <span class='ocrx_word' id='word_1_372' title='bbox 1743 4391 1915 4446; x_wconf 85' lang='lat' dir='ltr'>series</span> <span class='ocrx_word' id='word_1_373' title='bbox 1945 4391 2160 4446; x_wconf 85' lang='lat' dir='ltr'>suadet.</span> <span class='ocrx_word' id='word_1_374' title='bbox 2239 4409 2392 4448; x_wconf 88' lang='lat' dir='ltr'>more</span> <span class='ocrx_word' id='word_1_375' title='bbox 2420 4391 2858 4448; x_wconf 85' lang='lat' dir='ltr'>vaticinantium</span> <span class='ocrx_word' id='word_1_376' title='bbox 2880 4390 3155 4462; x_wconf 86' lang='lat' dir='ltr'>repetitae</span> <span class='ocrx_word' id='word_1_377' title='bbox 3183 4392 3241 4443; x_wconf 89' lang='lat' dir='ltr'>et</span> <span class='ocrx_word' id='word_1_378' title='bbox 3274 4387 3657 4443; x_wconf 83' lang='lat' dir='ltr'>conservatae,</span> <span class='ocrx_word' id='word_1_379' title='bbox 3689 4380 3750 4435; x_wconf 89' lang='lat' dir='ltr'>in</span> 
     </span>
    </p>

    <p class='ocr_par' dir='ltr' id='par_1_10' title="bbox 640 4467 3751 5238">
     <span class='ocr_line' id='line_1_33' title="bbox 723 4467 3751 4548; baseline -0.002 -21"><span class='ocrx_word' id='word_1_380' title='bbox 723 4474 769 4540; x_wconf 80' lang='lat'>2)</span> <span class='ocrx_word' id='word_1_381' title='bbox 795 4481 921 4530; x_wconf 77' lang='lat' dir='ltr'>sunt</span> <span class='ocrx_word' id='word_1_382' title='bbox 945 4478 1130 4547; x_wconf 79' lang='lat' dir='ltr'>quiin</span> <span class='ocrx_word' id='word_1_383' title='bbox 1154 4494 1320 4548; x_wconf 75' lang='lat' dir='ltr'>reqno</span> <span class='ocrx_word' id='word_1_384' title='bbox 1349 4476 1447 4530; x_wconf 77' lang='lat' dir='ltr'>Dei</span> <span class='ocrx_word' id='word_1_385' title='bbox 1484 4475 1548 4532; x_wconf 71' lang='lat' dir='ltr'>A.</span> <span class='ocrx_word' id='word_1_386' title='bbox 1581 4509 1645 4517; x_wconf 83' lang='lat'>·-</span> <span class='ocrx_word' id='word_1_387' title='bbox 1672 4476 1716 4543; x_wconf 76' lang='lat'>⁸)</span> <span class='ocrx_word' id='word_1_388' title='bbox 1752 4477 2069 4533; x_wconf 91' lang='lat' dir='ltr'>Schismata</span> <span class='ocrx_word' id='word_1_389' title='bbox 2098 4477 2137 4531; x_wconf 92' lang='lat' dir='ltr'>il</span> <span class='ocrx_word' id='word_1_390' title='bbox 2236 4476 2474 4534; x_wconf 88' lang='lat' dir='ltr'>caeteris</span> <span class='ocrx_word' id='word_1_391' title='bbox 2512 4476 2764 4548; x_wconf 84' lang='lat' dir='ltr'>ejusdem</span> <span class='ocrx_word' id='word_1_392' title='bbox 2810 4474 2958 4530; x_wconf 79' lang='lat' dir='ltr'>vatis</span> <span class='ocrx_word' id='word_1_393' title='bbox 3001 4473 3270 4546; x_wconf 89' lang='lat' dir='ltr'>operibus</span> <span class='ocrx_word' id='word_1_394' title='bbox 3309 4470 3592 4526; x_wconf 83' lang='lat' dir='ltr'>exsulant.</span> <span class='ocrx_word' id='word_1_395' title='bbox 3640 4467 3751 4520; x_wconf 82' lang='lat' dir='ltr'>Va·</span> 
     </span>
     <span class='ocr_line' id='line_1_34' title="bbox 656 4555 3748 4636; baseline -0.005 -15"><span class='ocrx_word' id='word_1_396' title='bbox 656 4560 728 4621; x_wconf 69' lang='lat'>¹⁸,</span> <span class='ocrx_word' id='word_1_397' title='bbox 756 4575 901 4629; x_wconf 82' lang='lat' dir='ltr'>quae</span> <span class='ocrx_word' id='word_1_398' title='bbox 939 4563 1096 4616; x_wconf 81' lang='lat' dir='ltr'>deum</span> <span class='ocrx_word' id='word_1_399' title='bbox 1114 4578 1275 4615; x_wconf 75' lang='lat' dir='ltr'>suum</span> <span class='ocrx_word' id='word_1_400' title='bbox 1305 4563 1377 4617; x_wconf 79' lang='lat' dir='ltr'>ab</span> <span class='ocrx_word' id='word_1_401' title='bbox 1405 4563 1675 4635; x_wconf 74' lang='lat' dir='ltr'>Aquilone</span> <span class='ocrx_word' id='word_1_402' title='bbox 1705 4569 1997 4636; x_wconf 69' lang='lat' dir='ltr'>quaerunt,</span> <span class='ocrx_word' id='word_1_403' title='bbox 2029 4561 2163 4617; x_wconf 89' lang='lat' dir='ltr'>saci-</span> <span class='ocrx_word' id='word_1_404' title='bbox 2235 4568 2326 4619; x_wconf 88' lang='lat' dir='ltr'>cat</span> <span class='ocrx_word' id='word_1_405' title='bbox 2375 4579 2446 4618; x_wconf 91' lang='lat' dir='ltr'>ne</span> <span class='ocrx_word' id='word_1_406' title='bbox 2489 4562 2547 4617; x_wconf 91' lang='lat' dir='ltr'>id</span> <span class='ocrx_word' id='word_1_407' title='bbox 2591 4565 2808 4623; x_wconf 84' lang='lat' dir='ltr'>notare,</span> <span class='ocrx_word' id='word_1_408' title='bbox 2855 4560 3017 4631; x_wconf 86' lang='lat' dir='ltr'>quasi</span> <span class='ocrx_word' id='word_1_409' title='bbox 3065 4564 3299 4614; x_wconf 85' lang='lat' dir='ltr'>tesseras</span> <span class='ocrx_word' id='word_1_410' title='bbox 3337 4573 3459 4612; x_wconf 86' lang='lat' dir='ltr'>esse</span> <span class='ocrx_word' id='word_1_411' title='bbox 3505 4555 3748 4609; x_wconf 88' lang='lat' dir='ltr'>nonnul-</span> 
     </span>
     <span class='ocr_line' id='line_1_35' title="bbox 651 4640 3748 4720; baseline -0.003 -19"><span class='ocrx_word' id='word_1_412' title='bbox 651 4646 703 4702; x_wconf 89' lang='lat' dir='ltr'>le</span> <span class='ocrx_word' id='word_1_413' title='bbox 733 4647 976 4719; x_wconf 84' lang='lat' dir='ltr'>reperies</span> <span class='ocrx_word' id='word_1_414' title='bbox 1005 4648 1066 4702; x_wconf 91' lang='lat' dir='ltr'>in</span> <span class='ocrx_word' id='word_1_415' title='bbox 1102 4647 1356 4704; x_wconf 88' lang='lat' dir='ltr'>dissidiis</span> <span class='ocrx_word' id='word_1_416' title='bbox 1382 4665 1525 4720; x_wconf 89' lang='lat' dir='ltr'>quae</span> <span class='ocrx_word' id='word_1_417' title='bbox 1553 4649 1819 4705; x_wconf 89' lang='lat' dir='ltr'>adversus</span> <span class='ocrx_word' id='word_1_418' title='bbox 1853 4647 2160 4705; x_wconf 86' lang='lat' dir='ltr'>Ecclesiam</span> <span class='ocrx_word' id='word_1_419' title='bbox 2236 4650 2316 4704; x_wconf 91' lang='lat' dir='ltr'>las</span> <span class='ocrx_word' id='word_1_420' title='bbox 2355 4649 2652 4711; x_wconf 87' lang='lat' dir='ltr'>solemnes,</span> <span class='ocrx_word' id='word_1_421' title='bbox 2693 4652 2819 4719; x_wconf 90' lang='lat' dir='ltr'>post</span> <span class='ocrx_word' id='word_1_422' title='bbox 2856 4647 3025 4702; x_wconf 73' lang='lat' dir='ltr'>verba</span> <span class='ocrx_word' id='word_1_423' title='bbox 3066 4646 3251 4701; x_wconf 85' lang='lat' dir='ltr'>sacra?</span> <span class='ocrx_word' id='word_1_424' title='bbox 3288 4641 3514 4698; x_wconf 69' lang='lat' dir='ltr'>brevior</span> <span class='ocrx_word' id='word_1_425' title='bbox 3550 4646 3636 4696; x_wconf 88' lang='lat' dir='ltr'>est</span> <span class='ocrx_word' id='word_1_426' title='bbox 3688 4640 3748 4694; x_wconf 90' lang='lat' dir='ltr'>in</span> 
     </span>
     <span class='ocr_line' id='line_1_36' title="bbox 651 4725 3748 4806; baseline -0.002 -20"><span class='ocrx_word' id='word_1_427' title='bbox 651 4733 961 4788; x_wconf 84' lang='lat' dir='ltr'>Romanam</span> <span class='ocrx_word' id='word_1_428' title='bbox 1000 4734 1070 4789; x_wconf 89' lang='lat' dir='ltr'>ab</span> <span class='ocrx_word' id='word_1_429' title='bbox 1094 4730 1381 4804; x_wconf 80' lang='lat' dir='ltr'>Aquilone</span> <span class='ocrx_word' id='word_1_430' title='bbox 1419 4735 1599 4789; x_wconf 77' lang='lat' dir='ltr'>movit</span> <span class='ocrx_word' id='word_1_431' title='bbox 1625 4734 1953 4790; x_wconf 85' lang='lat' dir='ltr'>Fredericus</span> <span class='ocrx_word' id='word_1_432' title='bbox 1988 4734 2162 4806; x_wconf 89' lang='lat' dir='ltr'>impe-</span> <span class='ocrx_word' id='word_1_433' title='bbox 2235 4734 2383 4790; x_wconf 88' lang='lat' dir='ltr'>libro</span> <span class='ocrx_word' id='word_1_434' title='bbox 2430 4735 2661 4792; x_wconf 76' lang='lat' dir='ltr'>Scivias:</span> <span class='ocrx_word' id='word_1_435' title='bbox 2706 4759 2727 4784; x_wconf 68' lang='grc' dir='ltr'><strong>ε</strong></span> <span class='ocrx_word' id='word_1_436' title='bbox 2763 4731 2916 4804; x_wconf 81' lang='lat' dir='ltr'>quod</span> <span class='ocrx_word' id='word_1_437' title='bbox 2952 4730 3184 4787; x_wconf 89' lang='lat' dir='ltr'>dicitur.</span> <span class='ocrx_word' id='word_1_438' title='bbox 3228 4752 3248 4777; x_wconf 71' lang='grc' dir='ltr'>ι</span> <span class='ocrx_word' id='word_1_439' title='bbox 3283 4726 3527 4796; x_wconf 82' lang='lat' dir='ltr'>Longior</span> <span class='ocrx_word' id='word_1_440' title='bbox 3573 4725 3633 4780; x_wconf 91' lang='lat' dir='ltr'>in</span> <span class='ocrx_word' id='word_1_441' title='bbox 3678 4725 3748 4780; x_wconf 89' lang='lat' dir='ltr'>li·</span> 
     </span>
     <span class='ocr_line' id='line_1_37' title="bbox 649 4811 3746 4894; baseline -0.006 -10"><span class='ocrx_word' id='word_1_442' title='bbox 649 4825 823 4883; x_wconf 69' lang='lat'>1&#39;8101&#39;.</span> <span class='ocrx_word' id='word_1_443' title='bbox 873 4821 972 4876; x_wconf 71' lang='lat' dir='ltr'>sub</span> <span class='ocrx_word' id='word_1_444' title='bbox 1012 4837 1273 4893; x_wconf 78' lang='lat' dir='ltr'>pressura</span> <span class='ocrx_word' id='word_1_445' title='bbox 1318 4821 1642 4894; x_wconf 78' lang='lat' dir='ltr'>apostolicae</span> <span class='ocrx_word' id='word_1_446' title='bbox 1682 4823 1824 4878; x_wconf 71' lang='lat' dir='ltr'>sedis</span> <span class='ocrx_word' id='word_1_447' title='bbox 1868 4822 1939 4876; x_wconf 92' lang='lat' dir='ltr'>ab</span> <span class='ocrx_word' id='word_1_448' title='bbox 1990 4821 2161 4878; x_wconf 90' lang='lat' dir='ltr'>initio</span> <span class='ocrx_word' id='word_1_449' title='bbox 2235 4821 2335 4875; x_wconf 89' lang='lat' dir='ltr'>bro</span> <span class='ocrx_word' id='word_1_450' title='bbox 2380 4820 2707 4876; x_wconf 78' lang='lat' dir='ltr'>Divinorum</span> <span class='ocrx_word' id='word_1_451' title='bbox 2747 4836 2988 4891; x_wconf 79' lang='lat' dir='ltr'>operum.-</span> <span class='ocrx_word' id='word_1_452' title='bbox 3039 4839 3057 4864; x_wconf 83' lang='grc' dir='ltr'>ι</span> <span class='ocrx_word' id='word_1_453' title='bbox 3095 4815 3245 4886; x_wconf 92' lang='lat' dir='ltr'>quod</span> <span class='ocrx_word' id='word_1_454' title='bbox 3296 4812 3376 4869; x_wconf 85' lang='lat' dir='ltr'>sic</span> <span class='ocrx_word' id='word_1_455' title='bbox 3425 4811 3746 4868; x_wconf 85' lang='lat' dir='ltr'>intellectui</span> 
     </span>
     <span class='ocr_line' id='line_1_38' title="bbox 650 4905 3747 4981; baseline -0.001 -20"><span class='ocrx_word' id='word_1_456' title='bbox 650 4911 974 4963; x_wconf 83' lang='lat' dir='ltr'>memorata.</span> <span class='ocrx_word' id='word_1_457' title='bbox 1006 4937 1074 4946; x_wconf 89' lang='lat'><strong>—</strong></span> <span class='ocrx_word' id='word_1_458' title='bbox 1102 4907 1144 4973; x_wconf 76' lang='lat'>⁴)</span> <span class='ocrx_word' id='word_1_459' title='bbox 1173 4906 1377 4962; x_wconf 85' lang='lat' dir='ltr'>Ezech.</span> <span class='ocrx_word' id='word_1_460' title='bbox 1414 4914 1465 4970; x_wconf 84' lang='lat'>1,</span> <span class='ocrx_word' id='word_1_461' title='bbox 1495 4911 1577 4963; x_wconf 85' lang='lat'>10.</span> <span class='ocrx_word' id='word_1_462' title='bbox 1610 4906 1904 4979; x_wconf 87' lang='lat' dir='ltr'>Incipiunt</span> <span class='ocrx_word' id='word_1_463' title='bbox 1931 4909 2050 4963; x_wconf 91' lang='lat' dir='ltr'>loca</span> <span class='ocrx_word' id='word_1_464' title='bbox 2077 4924 2161 4963; x_wconf 91' lang='lat' dir='ltr'>sa—</span> <span class='ocrx_word' id='word_1_465' title='bbox 2234 4912 2408 4981; x_wconf 86' lang='lat' dir='ltr'>patet.</span> <span class='ocrx_word' id='word_1_466' title='bbox 2450 4931 2470 4958; x_wconf 75' lang='grc' dir='ltr'><strong>ι</strong></span> <span class='ocrx_word' id='word_1_467' title='bbox 2518 4909 2760 4964; x_wconf 86' lang='lat' dir='ltr'>Mediam</span> <span class='ocrx_word' id='word_1_468' title='bbox 2810 4908 2904 4963; x_wconf 89' lang='lat' dir='ltr'>hic</span> <span class='ocrx_word' id='word_1_469' title='bbox 2944 4907 3233 4962; x_wconf 81' lang='lat' dir='ltr'>hahemus:</span> <span class='ocrx_word' id='word_1_470' title='bbox 3285 4929 3305 4954; x_wconf 77' lang='grc' dir='ltr'>ι</span> <span class='ocrx_word' id='word_1_471' title='bbox 3343 4905 3509 4975; x_wconf 86' lang='lat' dir='ltr'>cujus</span> <span class='ocrx_word' id='word_1_472' title='bbox 3547 4920 3747 4959; x_wconf 89' lang='lat' dir='ltr'>sensus</span> 
     </span>
     <span class='ocr_line' id='line_1_39' title="bbox 642 4991 3745 5063; baseline -0.002 -14"><span class='ocrx_word' id='word_1_473' title='bbox 642 5009 759 5054; x_wconf 78' lang='lat' dir='ltr'>cra,</span> <span class='ocrx_word' id='word_1_474' title='bbox 800 5008 945 5063; x_wconf 88' lang='lat' dir='ltr'>quae</span> <span class='ocrx_word' id='word_1_475' title='bbox 991 4993 1106 5046; x_wconf 89' lang='lat' dir='ltr'>lato</span> <span class='ocrx_word' id='word_1_476' title='bbox 1150 4991 1382 5062; x_wconf 88' lang='lat' dir='ltr'>quidem</span> <span class='ocrx_word' id='word_1_477' title='bbox 1429 5008 1619 5055; x_wconf 86' lang='lat' dir='ltr'>sensu,</span> <span class='ocrx_word' id='word_1_478' title='bbox 1661 4994 2160 5050; x_wconf 88' lang='lat' dir='ltr'>accommodalitio</span> <span class='ocrx_word' id='word_1_479' title='bbox 2237 4993 2365 5050; x_wconf 87' lang='lat' dir='ltr'>talis</span> <span class='ocrx_word' id='word_1_480' title='bbox 2403 4998 2505 5049; x_wconf 86' lang='lat' dir='ltr'>est.</span> <span class='ocrx_word' id='word_1_481' title='bbox 2545 5016 2565 5043; x_wconf 76' lang='grc' dir='ltr'><strong>ι</strong></span> <span class='ocrx_word' id='word_1_482' title='bbox 2605 4993 2984 5050; x_wconf 87' lang='lat' dir='ltr'>constantiam</span> <span class='ocrx_word' id='word_1_483' title='bbox 3026 4992 3083 5046; x_wconf 92' lang='lat' dir='ltr'>in</span> <span class='ocrx_word' id='word_1_484' title='bbox 3126 4991 3398 5047; x_wconf 74' lang='lat' dir='ltr'>varietate</span> <span class='ocrx_word' id='word_1_485' title='bbox 3439 4995 3632 5045; x_wconf 87' lang='lat' dir='ltr'>notare</span> <span class='ocrx_word' id='word_1_486' title='bbox 3654 4991 3745 5061; x_wconf 84' lang='lat' dir='ltr'>ju-</span> 
     </span>
     <span class='ocr_line' id='line_1_40' title="bbox 640 5078 3742 5151; baseline -0.002 -17"><span class='ocrx_word' id='word_1_487' title='bbox 640 5095 809 5150; x_wconf 85' lang='lat' dir='ltr'>quem</span> <span class='ocrx_word' id='word_1_488' title='bbox 838 5078 1061 5142; x_wconf 89' lang='lat' dir='ltr'>dicunt,</span> <span class='ocrx_word' id='word_1_489' title='bbox 1099 5093 1321 5133; x_wconf 89' lang='lat' dir='ltr'>sumere</span> <span class='ocrx_word' id='word_1_490' title='bbox 1349 5078 1549 5135; x_wconf 89' lang='lat' dir='ltr'>Nostra</span> <span class='ocrx_word' id='word_1_491' title='bbox 1588 5080 1751 5141; x_wconf 86' lang='lat' dir='ltr'>solet,</span> <span class='ocrx_word' id='word_1_492' title='bbox 1782 5079 1931 5133; x_wconf 82' lang='lat' dir='ltr'>haud</span> <span class='ocrx_word' id='word_1_493' title='bbox 1969 5085 2156 5134; x_wconf 86' lang='lat' dir='ltr'>tamen</span> <span class='ocrx_word' id='word_1_494' title='bbox 2234 5080 2334 5136; x_wconf 79' lang='lat' dir='ltr'>vit.</span> <span class='ocrx_word' id='word_1_495' title='bbox 2368 5112 2433 5120; x_wconf 95' lang='lat'>—</span> <span class='ocrx_word' id='word_1_496' title='bbox 2460 5082 2502 5142; x_wconf 82' lang='lat'>⁵)</span> <span class='ocrx_word' id='word_1_497' title='bbox 2545 5080 2733 5136; x_wconf 75' lang='lat' dir='ltr'>Facies</span> <span class='ocrx_word' id='word_1_498' title='bbox 2768 5084 2909 5135; x_wconf 81' lang='lat' dir='ltr'>enim</span> <span class='ocrx_word' id='word_1_499' title='bbox 2946 5081 3180 5135; x_wconf 77' lang='lat' dir='ltr'>hominis</span> <span class='ocrx_word' id='word_1_500' title='bbox 3207 5082 3460 5151; x_wconf 76' lang='lat' dir='ltr'>pie-tatem</span> <span class='ocrx_word' id='word_1_501' title='bbox 3492 5079 3742 5148; x_wconf 74' lang='lat' dir='ltr'>desiquot</span> 
     </span>
     <span class='ocr_line' id='line_1_41' title="bbox 640 5162 2842 5238; baseline -0 -17"><span class='ocrx_word' id='word_1_502' title='bbox 640 5164 766 5221; x_wconf 85' lang='lat' dir='ltr'>sine</span> <span class='ocrx_word' id='word_1_503' title='bbox 810 5164 993 5220; x_wconf 88' lang='lat' dir='ltr'>multo</span> <span class='ocrx_word' id='word_1_504' title='bbox 1030 5162 1312 5228; x_wconf 89' lang='lat' dir='ltr'>acumine,</span> <span class='ocrx_word' id='word_1_505' title='bbox 1361 5170 1417 5219; x_wconf 87' lang='lat' dir='ltr'>ct</span> <span class='ocrx_word' id='word_1_506' title='bbox 1459 5165 1612 5234; x_wconf 83' lang='lat' dir='ltr'>largo</span> <span class='ocrx_word' id='word_1_507' title='bbox 1654 5164 1790 5220; x_wconf 85' lang='lat' dir='ltr'>flatu</span> <span class='ocrx_word' id='word_1_508' title='bbox 1833 5180 2032 5234; x_wconf 79' lang='lat' dir='ltr'>magna</span> <span class='ocrx_word' id='word_1_509' title='bbox 2074 5181 2158 5220; x_wconf 88' lang='lat' dir='ltr'>so·</span> <span class='ocrx_word' id='word_1_510' title='bbox 2232 5166 2297 5222; x_wconf 83' lang='grc' dir='ltr'>Α.</span> <span class='ocrx_word' id='word_1_511' title='bbox 2337 5198 2399 5206; x_wconf 86' lang='lat'>—-</span> <span class='ocrx_word' id='word_1_512' title='bbox 2424 5167 2468 5234; x_wconf 80' lang='lat'>⁶)</span> <span class='ocrx_word' id='word_1_513' title='bbox 2496 5168 2727 5238; x_wconf 65' lang='lat' dir='ltr'>offerunt</span> <span class='ocrx_word' id='word_1_514' title='bbox 2753 5165 2842 5220; x_wconf 89' lang='lat' dir='ltr'>W.</span> 
     </span>
    </p>
   </div>
  </div>
 </body>
</html>
