4036 6117
657 469 787 533 148
1815 486 1866 530 s.
1919 484 2478 530 HILDEGARfflS

592 613 774 666 ctum
803 612 929 678 est,
961 606 1186 664 audivi
1213 621 1443 664 vocem
1473 604 1700 664 verbis
1729 605 1880 663 istis
1909 606 2007 664 sic
2035 605 2565 679 respondentem:
2600 625 2629 660 «
2662 604 2713 662 Ο
2739 620 2852 662 ars
2875 598 2921 682 ¹)
2949 602 3281 662 diabolica
3306 608 3373 662 et
3408 600 3697 678 impudi-

593 728 626 766 »
668 725 768 783 ca,
807 708 966 785 quid
1002 709 1333 784 loqueris?
1365 709 1571 770 Omne
1608 709 2127 772 instrumentum
2159 708 2336 768 Deus
2372 709 2471 767 sic
2504 708 2820 780 instituit,
2857 706 3032 785 quod
3068 705 3588 783 unumquodque
3623 706 3691 762 in

589 829 621 867 »
663 810 842 870 aliud
895 811 1231 887 respiciat.
1288 810 1544 882 Quanto
1593 811 1745 886 plus
1792 810 1969 869 enim
2018 811 2195 869 alius
2243 811 2326 870 ab
2376 811 2507 869 alio
2559 811 2759 886 sapit,
2796 809 2973 887 quod
3009 811 3076 869 in
3109 825 3181 868 se
3223 809 3463 882 nescit,
3501 811 3689 866 tanto

591 934 624 974 2>
662 916 815 992 plus
837 913 886 994 ²)
926 916 1208 976 scientia
1236 916 1332 975 illi
1365 916 1577 990 adest;
1608 923 1674 975 et
1707 917 1791 975 ob
1826 916 1950 976 hoc
1984 917 2189 976 etiam
2220 917 2453 975 oculos
2486 931 2606 992 per
2640 915 2992 975 scientiam
3020 914 3245 988 habet,
3276 920 3350 974 ut
3375 913 3505 973 sibi
3539 928 3695 989 pro-

588 1040 620 1078 »
660 1021 913 1091 videat,
949 1036 1030 1080 ne
1063 1021 1439 1097 periculum
1476 1021 1796 1096 incurrat,
1833 1027 1898 1080 et
1933 1037 2015 1082 ue
2050 1021 2117 1080 in
2151 1021 2287 1081 ullo
2320 1021 2621 1097 periculo
2670 1020 3111 1096 periclitetur.
3163 1017 3230 1080 Si
3279 1019 3457 1077 enim
3493 1017 3691 1076 homo

589 1141 621 1181 n
663 1140 792 1184 non
829 1123 1210 1198 inspiceret,
1247 1125 1355 1183 cui
1396 1124 1673 1200 imperio
1710 1124 2089 1198 praeesset?
2123 1140 2293 1200 quae
2329 1129 2638 1183 creatura
2675 1123 2771 1182 illi
2805 1123 3131 1197 obediret,
3179 1128 3247 1182 et
3281 1137 3453 1198 quae
3502 1134 3691 1179 crea-

595 1242 626 1281 »
669 1230 821 1283 tura
858 1223 954 1282 illi
990 1225 1440 1284 ministraret?
1474 1226 1686 1285 Homo
1721 1242 1873 1284 cum
1907 1226 2242 1302 adjutorio
2279 1231 2744 1287 creaturarum
2792 1241 2871 1285 ea
2919 1240 3089 1302 quae
3126 1225 3257 1284 sibi
3305 1222 3693 1283 necessaria

592 1347 624 1386 »
666 1336 822 1388 sunt
854 1337 1191 1406 operatur,
1226 1330 1388 1389 Nam
1427 1331 1659 1391 hortos
1695 1336 1914 1390 rostro
1953 1330 2142 1404 fodit,
2181 1347 2381 1406 agros
2417 1336 2643 1389 aratro
2676 1331 2944 1406 evertit,
2983 1346 3135 1390 cum
3169 1329 3388 1389 bubus
3415 1343 3688 1405 quoque

592 1453 625 1492 ι)
665 1440 834 1510 arat,
871 1442 937 1494 et
970 1452 1086 1494 eos
1123 1436 1466 1496 ambulare
1495 1437 1705 1513 jubet.
1743 1439 1835 1496 Ac
1870 1437 2390 1513 unumquodque
2425 1453 2636 1512 genus
2684 1442 3150 1497 creaturarum
3184 1436 3550 1495 secundum
3585 1434 3688 1495 of-

595 1558 628 1598 »
668 1540 892 1600 ficium
926 1558 1121 1600 suum
1157 1542 1358 1618 capit,
1396 1549 1462 1601 et
1498 1543 1863 1601 secundum
1898 1542 2076 1618 quod
2113 1543 2294 1601 illius
2329 1543 2412 1602 ad
2445 1543 2808 1602 utilitatem
2845 1559 3039 1602 suam
3089 1542 3361 1618 indiget.
3412 1542 3491 1602 Et
3525 1558 3693 1618 qua·-

598 1662 630 1702 ι
670 1660 742 1703 re
777 1645 1149 1704 contemnis
1183 1644 1542 1721 hominem,
1580 1647 1646 1706 in
1678 1664 1809 1723 quo
1844 1648 2103 1707 coelum
2136 1652 2203 1705 et
2228 1653 2409 1706 terra
2444 1646 2877 1722 intelligitur?
2904 1648 3035 1706 Aut
3059 1663 3180 1706 cur
3212 1648 3417 1707 etiam
3441 1647 3696 1708 doctri-

598 1766 631 1806 »
671 1765 823 1808 nam
858 1755 925 1809 et
955 1749 1200 1809 donum
1234 1749 1523 1824 Spiritus
1570 1750 1818 1825 Sancti,
1869 1750 2045 1826 quod
2088 1750 2376 1826 Spiritus
2410 1749 2693 1810 Sanctus
2742 1751 3127 1811 hominibus
3178 1749 3441 1826 infudit,
3493 1766 3694 1826 repu-

607 1873 640 1912 »
678 1853 862 1914 dias?
895 1854 1106 1914 Homo
1143 1871 1429 1931 namque
1479 1854 1855 1915 aedificium
1903 1861 1972 1914 et
2018 1855 2232 1915 altare
2279 1854 2412 1914 Deo
2448 1854 2776 1929 aedificat,
2816 1855 2882 1914 in
2916 1872 3047 1932 quo
3079 1856 3142 1915 ei
3187 1857 3460 1917 serviat.
3508 1856 3694 1918 Unde

602 1979 634 2019 ι
673 1977 796 2037 ego
832 1961 1000 2021 dona
1052 1961 1340 2037 Spiritus
1389 1961 1611 2021 Sancti
1661 1978 1833 2038 quae
1883 1961 1949 2021 in
1983 1962 2251 2022 homine
2284 1976 2638 2036 cognosco,
2674 1977 2877 2036 opera
2910 1962 3030 2022 Dei
3063 1978 3215 2024 esse
3250 1965 3414 2038 sci0,
3452 1971 3519 2025 et
3554 1964 3693 2025 illis

601 2086 632 2125 υ
674 2066 1069 2145 symphonia
1104 2083 1272 2127 sum.
1307 2066 1623 2126 Diadema
1657 2083 1924 2143 quoque
1959 2067 2139 2142 regis
2175 2068 2240 2125 in
2275 2067 2604 2126 creaturis
2640 2069 2708 2126 et
2741 2067 2806 2124 in
2840 2068 3158 2143 operibus
3190 2084 3420 2129 earum
3450 2063 3502 2148 ⁸)
3537 2085 3694 2129 cum

603 2193 635 2232 »
671 2173 938 2250 justitia
987 2171 1224 2246 habeo,
1275 2178 1344 2230 et
1390 2171 1514 2230 hos
1549 2172 1616 2230 in
1651 2171 1900 2231 honore
1949 2172 2255 2246 inspicio,
2292 2187 2370 2231 ac
2404 2187 2557 2230 cum
2597 2171 2913 2248 operibus
2949 2172 3248 2246 ipsorum
3282 2188 3545 2249 operor,
3602 2174 3696 2235 ita

603 2298 636 2337 1·
675 2278 851 2356 quod
887 2279 950 2336 in
987 2277 1230 2352 gaudio
1267 2292 1370 2334 me
1405 2276 1674 2350 habent,
1712 2277 2028 2352 quoniam
2061 2293 2180 2352 per
2206 2276 2385 2335 viam
2415 2275 2719 2352 justitiae
2747 2276 3026 2335 baculus
3060 2293 3293 2336 eorum
3327 2294 3496 2337 sum.
3525 2278 3698 2350 Qua-

598 2400 631 2440 »
671 2386 945 2457 propter
978 2381 1076 2439 illi
1110 2380 1224 2456 qui
1260 2395 1364 2439 me
1397 2379 1902 2456 contempserit,
1956 2381 2024 2439 in
2071 2385 2347 2456 puteum
2395 2379 2608 2439 cadet.
2659 2379 2824 2439 Nam
2857 2379 2938 2438 de
2973 2381 3255 2441 saliente
3304 2380 3486 2443 fonte
3535 2398 3692 2459 pro-

603 2504 635 2544 »
675 2486 876 2560 cessi,
912 2499 1034 2548 nec
1069 2483 1203 2552 ulla
1238 2489 1505 2543 terrena
1538 2499 1743 2543 causa
1791 2483 2074 2544 terrebit
2121 2499 2246 2543 me.
2296 2483 2431 2558 Ego
2463 2483 2759 2543 diluculo
2795 2484 3080 2558 surrexi,
3133 2499 3211 2543 ac
3250 2483 3692 2559 diligentissi-

611 2610 643 2649 »
685 2607 791 2650 ma
826 2589 1043 2649 amica
1089 2586 1206 2647 Dei
1243 2604 1416 2662 sum,
1466 2594 1532 2647 et
1567 2604 1719 2647 cum
1765 2587 1898 2646 Deo
1950 2588 2286 2662 morabor,
2338 2603 2460 2647 nec
2494 2588 2577 2647 ab
2610 2604 2688 2648 eo
2725 2586 3052 2648 recedam.
3103 2587 3230 2647 Per
3264 2588 3484 2664 ipsum
3516 2589 3698 2649 enim

600 2715 634 2755 »
675 2695 889 2756 solida
925 2694 1292 2754 salubritas
1327 2709 1499 2768 sum;
1537 2699 1603 2752 et
1641 2694 1704 2751 in
1738 2693 2013 2752 ardente
2063 2692 2377 2753 ariditate
2427 2709 2557 2752 non
2604 2691 2793 2764 cad0‚
2831 2692 2990 2768 quia
3032 2691 3361 2753 floriditas
3399 2694 3700 2754 omnium

601 2821 634 2860 κ
679 2802 996 2861 arborum
1046 2815 1219 2874 sum,
1270 2814 1440 2875 quas
1489 2797 1705 2857 hiems
1753 2814 1883 2856 non
1932 2796 2237 2872 arefacit,
2288 2804 2355 2856 et
2389 2812 2560 2873 quae
2593 2802 2869 2873 propter
2901 2802 3374 2873 tempestatem
3421 2814 3553 2859 non
3586 2816 3700 2861 ca-

602 2929 634 2968 »
673 2908 858 2967 dunt.
896 2906 969 2966 In
1004 2910 1228 2965 monte
1262 2904 1417 2964 Sion
1448 2903 1701 2978 habito,
1738 2909 1805 2962 et
1840 2903 1907 2962 in
1939 2904 2168 2980 quiete
2205 2919 2376 2978 sum,
2428 2918 2507 2962 ac
2543 2903 2606 2963 in
2642 2902 3151 2962 mansuetudine
3185 2903 3354 2979 Agni
3402 2904 3697 2981 ambulo,

598 3032 630 3071 1>
669 3014 734 3072 et
768 3012 834 3072 in
867 3009 1150 3071 victoria
1185 3009 1331 3086 ejus
1367 3023 1594 3084 surge,
1633 3025 1710 3068 ac
1746 3009 2030 3070 victoria
2080 3008 2258 3083 regis
2293 3023 2464 3083 sum,
2517 3022 2637 3067 nec
2684 3007 2866 3067 victa
2899 3007 3223 3082 inveniar,
3275 2999 3469 3069 nemo
3503 3009 3683 3071 enim

602 3142 632 3179 »
677 3136 777 3178 me
815 3117 1130 3193 movebit,
1167 3132 1359 3176 nemo
1398 3131 1500 3174 me
1537 3116 1837 3190 terrebit,
1876 3116 2034 3191 quia
2067 3132 2308 3175 casura
2342 3132 2472 3174 non
2505 3131 2676 3174 sum.
2718 3132 2749 3170 ³>

689 3226 748 3284 4.
786 3224 910 3284 Sed
946 3222 1238 3282 secunda
1272 3222 1491 3296 imago
1527 3222 1854 3297 puerilem
1892 3219 2131 3279 faciem
2164 3226 2231 3279 et
2264 3221 2453 3280 albos
2489 3219 2770 3293 capillos
2805 3218 3121 3294 habebat,
3174 3237 3251 3280 ac
3285 3221 3510 3281 tunica
3555 3223 3702 3298 pal-

607 3330 724 3390 lidi
758 3329 1007 3390 eoloris
1044 3326 1465 3402 induebatur,
1506 3327 1572 3385 in
1605 3341 1803 3402 quam
1839 3324 2116 3384 brachia
2149 3329 2216 3382 et
2249 3339 2487 3382 manus
2535 3340 2697 3382 suas
2746 3323 3177 3397 subduxerat,
3229 3332 3297 3384 et
3343 3341 3463 3401 per
3493 3341 3697 3401 quam

601 3435 804 3510 pedes
840 3450 1001 3493 suos
1037 3449 1113 3492 ac
1147 3437 1413 3491 caetera
1448 3430 1746 3491 membra
1781 3447 1903 3489 sua
1941 3430 2032 3488 ita
2067 3429 2437 3501 obtexerat,
2476 3427 2651 3504 quod
2686 3428 2940 3488 nullam
2967 3430 3169 3489 aliam
3205 3429 3488 3491 formam
3524 3431 3591 3490 in
3614 3446 3697 3492 ea

609 3542 990 3599 discernere
1026 3537 1350 3597 valebam.
2706 3530 2715 3540 '

2093 3750 2199 3809 111.

1883 3958 2085 4018 Verba
2139 3960 2461 4037 Tor-paria.

705 4176 764 4236 5.
799 4175 879 4234 Et
903 4172 1090 4234 dixit:
1125 4192 1156 4230 ι
1191 4172 1323 4232 Cur
1356 4174 1707 4245 angustam
1744 4183 1822 4227 ac
1856 4167 2266 4227 laboriosam
2300 4169 2508 4228 vitam
2543 4167 2931 4229 sufferrem?
2963 4170 3042 4229 Et
3074 4185 3196 4230 eur
3226 4171 3553 4248 plurimas
3592 4172 3711 4233 tri-

615 4300 645 4336 »
687 4280 1064 4339 bulationes
1101 4276 1529 4349 sustinerem,
1567 4288 1718 4332 cum
1753 4271 1965 4331 multa
1997 4277 2275 4347 peccata
2311 4288 2440 4331 non
2479 4270 2786 4332 fecerim?
2826 4274 3194 4350 Unicuique
3229 4276 3407 4334 enim
3449 4281 3711 4336 creatu-

621 4403 650 4441 »
693 4399 805 4443 rae
838 4397 989 4441 esse
1024 4397 1218 4441 suum
1255 4380 1465 4439 adest.
1501 4378 1686 4438 Multi
1723 4382 1942 4437 autem
1981 4376 2440 4452 lacrimantur,
2490 4382 2559 4436 et
2606 4377 2886 4452 ululant,
2939 4394 3017 4437 ac
3051 4394 3297 4455 corpus
3331 4396 3522 4442 suum
3572 4397 3713 4443 ma-

619 4508 650 4545 »
691 4492 949 4555 cerant,
988 4486 1077 4545 ita
1111 4484 1286 4561 quod
1323 4484 1431 4543 vix
1466 4483 1694 4542 vivere
1727 4486 2011 4557 possunt
2043 4476 2116 4559 ⁴),
2153 4486 2221 4539 et
2255 4486 2478 4541 tamen
2507 4498 2754 4558 pravos
2788 4498 3008 4543 mores
3041 4483 3311 4559 habent,
3340 4491 3408 4546 et
3432 4492 3711 4562 peccato

619 4610 651 4648 1>
691 4595 1040 4668 peccatum
1073 4588 1343 4647 addunt.
1378 4587 1456 4646 Et
1492 4586 1650 4662 quid
1689 4586 1822 4645 illis
1855 4584 2241 4661 praedictus
2268 4585 2460 4645 labor
2484 4584 2789 4660 prodest‘.>
2819 4586 2954 4661 Ego
2990 4592 3211 4646 autem
3241 4588 3309 4647 in
3336 4586 3617 4648 mollitia
3650 4583 3700 4667 ⁸)

628 4715 658 4753 »
697 4701 765 4754 et
800 4696 865 4753 in
901 4692 1055 4769 fuga
1091 4692 1395 4752 laborum
1433 4692 1778 4750 meliorem
1814 4690 2020 4749 vitam
2058 4689 2211 4748 aliis
2246 4688 2482 4762 habe0,
2511 4693 2579 4750 et
2610 4691 2868 4750 nullum
2902 4689 3196 4751 laborem
3226 4692 3399 4752 n010.
3429 4690 3495 4752 Si
3529 4692 3705 4751 enim

621 4816 652 4855 »
695 4798 988 4858 laborem
1025 4802 1091 4856 et
1128 4796 1258 4855 alia
1297 4794 1460 4853 mihi
1500 4794 1736 4852 nociva
1775 4791 1979 4867 fugio,
2020 4808 2173 4852 num
2212 4791 2387 4851 Deus
2421 4800 2696 4868 propter
2732 4793 2858 4853 hoc
2892 4809 2995 4852 me
3032 4793 3297 4868 perdet?
3333 4813 3364 4851 ιι

696 5031 737 5091 ¹)
765 5031 851 5085 An
881 5034 1128 5101 praestat
1168 5027 1473 5097 singularis
1508 5026 1749 5081 varietas
1790 5025 1846 5081 in
1874 5024 1940 5081 A:
1974 5026 2119 5081 Pars
2210 5027 2298 5080 W.
2346 5026 2653 5082 Emendare
2692 5027 2888 5083 suadet
2927 5042 2980 5081 n.
3025 5030 3113 5083 29.
3157 5058 3223 5066 —
3253 5027 3297 5093 ³)
3333 5046 3515 5085 eor-um
3540 5027 3607 5084 A.
3642 5058 3712 5068 —-

623 5117 920 5173 diabolica!
958 5115 1030 5171 cl'.
1074 5120 1290 5170 caetera
1331 5112 1629 5184 colloquia.
1680 5142 1742 5151 —-
1778 5114 1822 5175 2)
1857 5113 2023 5183 plura
2049 5112 2118 5175 A.
2211 5113 2255 5179 ⁴>
2280 5116 2484 5183 possint
2511 5113 2600 5168 W.
2636 5116 2678 5179 ⁵)
2705 5115 2935 5170 mollicie
2960 5115 3051 5171 W.
3084 5114 3155 5171 cs.
3189 5130 3244 5173 n.
3284 5120 3366 5170 ¹9.
