4036 6117
1388 492 1810 541 expost‘no
1855 493 2513 542 EVANGEmonun.
3287 476 3412 538 301

493 611 817 689 Apertum
864 620 957 673 est
993 619 1218 673 autem
1251 614 1452 688 illico,
1489 615 1748 676 scilicet
1795 614 2223 675 manifestata
2256 620 2383 689 est,
2431 633 2497 673 os
2530 610 2693 687 ejus,
2744 613 3057 673 videlicet
3087 614 3233 673 laus
3265 613 3488 673 Patris

406 719 470 772 et
522 716 753 793 linqua
798 715 963 792 ejus,
1015 718 1080 778 id
1136 723 1240 778 est
1286 718 1745 795 rationalitaS,
1797 725 1858 779 et
1910 718 2295 797 loquebatur
2341 718 2728 779 benedicens
2777 719 3010 792 Deum,
3062 717 3489 793 magnifican-

404 817 490 877 do
525 835 698 880 eum.
1355 832 1360 836 ’

494 921 578 981 Et
625 925 845 1000 factus
892 931 987 984 est
1038 928 1235 985 timor
1281 927 1578 1000 stuporis
1628 926 1694 986 in
1724 942 1898 987 nova
1944 926 2437 1001 concinnantia,
2489 925 2646 1003 quia
2695 926 2763 985 in
2814 924 2940 984 hoc
2971 922 3148 999 quod
3183 923 3483 998 ignotum

404 1029 537 1095 est,
591 1025 788 1086 homo
835 1027 1126 1103 primum
1179 1031 1425 1104 stupet,
1477 1045 1678 1106 super
1724 1047 1949 1089 omnes
1983 1032 2228 1090 vicinos
2262 1046 2512 1103 eorum,
2550 1027 2811 1088 scilicet
2842 1025 3136 1101 angelos,
3173 1032 3236 1085 et
3287 1043 3487 1102 super

404 1130 627 1188 omnia
653 1136 968 1190 montana
1001 1132 1314 1207 Judaeae,
1346 1133 1411 1193 id
1445 1140 1550 1195 est
1576 1149 1778 1210 super
1810 1150 2074 1194 omnem
2108 1133 2535 1194 sanctitatem
2567 1130 2937 1191 videntium
2961 1123 3035 1208 ¹),
3064 1127 3488 1206 divul9aban-

401 1240 515 1293 tur
546 1238 769 1295 omnia
798 1236 998 1296 verba
1029 1242 1209 1312 haec,
1249 1237 1562 1299 videlicet
1593 1239 1814 1298 omnia
1849 1245 2084 1299 sancta
2116 1253 2341 1314 opera.

492 1339 575 1399 Et
603 1346 973 1416 posuerunt
1007 1342 1297 1402 notando
1330 1360 1554 1403 omnes
1588 1343 1704 1419 qui
1738 1342 2091 1403 audierant
2123 1342 2289 1403 haec
2322 1340 2783 1417 intelligendO,
2820 1342 2894 1399 in
2925 1338 3116 1399 corde
3150 1352 3289 1411 suo,
3324 1350 3489 1411 gau-

400 1441 586 1502 dium
634 1449 703 1504 et
737 1445 1105 1521 suspirium
1153 1453 1429 1523 propter
1458 1446 1753 1507 divinam
1802 1447 2114 1522 gratiam,
2150 1448 2470 1507 dicentes:
2512 1446 2669 1519 Quis
2696 1450 2897 1522 putas
2932 1439 3284 1518 cogitando
3309 1458 3487 1518 puer

401 1550 524 1608 iste
574 1551 702 1609 erit
739 1551 805 1609 in
854 1551 1248 1612 sanctitate?
1278 1551 1419 1612 Hoc
1466 1558 1591 1613 est:
1629 1552 1680 1612 O
1730 1567 1931 1629 quam
1969 1551 2125 1611 felix
2157 1557 2239 1631 *et
2279 1566 2482 1628 quam
2531 1556 2764 1611 sancta
2796 1550 3018 1609 anima
3068 1548 3199 1607 ista
3233 1547 3299 1606 in
3332 1561 3487 1622 ope-

404 1655 592 1716 ribus
641 1657 784 1716 suis
817 1656 947 1717 est!
1005 1658 1276 1718 Etenim
1319 1675 1561 1719 manus
1596 1659 1883 1734 Domini,
1937 1657 2001 1718 id
2035 1663 2141 1718 est
2186 1657 2486 1717 divinum
2522 1656 2843 1717 auxilium
2876 1660 3019 1715 erat
3054 1671 3203 1715 cum
3243 1653 3383 1726 illo,
3420 1651 3486 1710 in

404 1757 698 1833 fulgente
732 1760 880 1821 luce
913 1765 981 1821 et
1012 1777 1231 1838 opere.

491 1863 573 1923 Et
624 1864 978 1925 Zacharias
1021 1871 1217 1943 pater
1264 1861 1428 1941 ejus,
1469 1864 1534 1925 id
1583 1871 1690 1927 est
1719 1864 1921 1941 DeuS,
1972 1866 2288 1943 impletus
2322 1871 2416 1926 est
2469 1867 2731 1944 Spiritu
2782 1865 3055 1935 Sancto,
3108 1862 3368 1923 scilicet
3418 1860 3484 1920 in

402 1968 598 2028 laude
631 1970 1012 2030 sanctitatis
1050 1971 1252 2046 illius,
1290 1977 1352 2030 et
1379 1973 1796 2048 prophetavit
1832 1971 2084 2032 dicens.-

492 2072 894 2133 Benedictus
944 2073 1264 2133 Dominus
1299 2074 1475 2134 Deus
1511 2074 1721 2134 Israel
1758 2075 1824 2135 in
1860 2075 2241 2150 sanctitate,
2275 2076 2389 2153 qui
2421 2075 2710 2134 visitavit
2747 2071 3188 2150 inspiratione
3218 2074 3283 2129 et
3324 2070 3483 2147 fecit

403 2177 471 2234 in
520 2177 1008 2252 magnificentia
1043 2178 1590 2255 redemptionem,
1644 2178 1905 2238 scilicet
1938 2180 2382 2255 ereptionem,
2412 2177 2624 2255 plebis
2657 2196 2838 2253 suae,
2874 2175 3189 2237 videlicet
3223 2171 3485 2234 animae

402 2278 581 2339 illius
616 2280 696 2339 de
729 2283 1054 2357 peccatiS,
1091 2288 1366 2358 propter
1397 2283 1569 2343 bona
1603 2283 1850 2359 quibus
1884 2298 2037 2343 eum
2074 2299 2342 2360 semper
2372 2283 2681 2359 inspexit.

1808 2525 2041 2633 XX

1279 2764 1359 2823 In
1409 2765 1755 2834 Dominica
1800 2766 1898 2826 IV
1932 2774 2077 2844 post
2131 2768 2585 2827 Pentecosten.

1917 2961 1964 3019 Ι.

493 3168 655 3229 Cum
702 3165 951 3243 turbae,
985 3165 1036 3246 ²)
1091 3166 1154 3227 id
1203 3174 1309 3228 est
1354 3168 1638 3228 materia
1687 3171 2174 3244 creaturarum,
2224 3171 2585 3243 irruerent,
2637 3167 2894 3227 scilicet
2938 3165 3376 3243 properarent
3405 3161 3479 3220 in

399 3269 627 3331 Jesum
675 3270 756 3331 ad
791 3271 1030 3346 Deum,
1079 3278 1153 3330 ut
1187 3272 1499 3332 audirent
1547 3271 1815 3331 verbum
1848 3273 2005 3348 Dei,
2056 3273 2370 3332 videlicet
2404 3287 2639 3333 sonum
2694 3270 2905 3345 illum,
2941 3269 3055 3328 ubi
3088 3266 3263 3326 Deus
3311 3263 3479 3324 dixit

399 3373 564 3433 Fiat.
601 3373 682 3433 Et
718 3376 856 3452 ipse
888 3374 1065 3435 Deus
1099 3374 1305 3434 stabat
1340 3376 1535 3452 quasi
1562 3377 1642 3436 ad
1677 3377 2084 3452 operandum
2122 3395 2304 3437 secus
2338 3382 2643 3455 staqnum
2677 3374 3101 3447 Genesareth,
3131 3369 3245 3431 ubi
3276 3365 3484 3444 Spiri-

407 3483 516 3536 tus
549 3476 807 3536 Domini
845 3477 1186 3539 ferebatur
1220 3494 1424 3555 super
1456 3496 1686 3556 aquaS.

490 3583 572 3642 Et
618 3583 780 3642 vidit
816 3583 981 3642 duas
1014 3602 1240 3655 naves,
1276 3584 1588 3644 videlicet
1635 3585 1966 3646 elementa
1999 3587 2067 3646 et
2099 3591 2402 3645 caeteras
2436 3586 2815 3658 creaturaS,
2852 3587 3102 3642 stantes
3134 3597 3318 3640 secus
3351 3585 3485 3639 sta-

397 3704 644 3763 ynum,
697 3687 1010 3762 quoniam
1057 3686 1140 3747 de
1187 3703 1362 3764 aqua
1410 3692 1569 3750 sunt
1614 3690 1810 3766 quasi
1864 3689 2178 3750 volatiles
2225 3690 2667 3764 temperatae,
2711 3689 3071 3765 piscatores
3116 3690 3362 3758 autem,
3412 3681 3479 3742 id

398 3793 503 3848 est
549 3788 771 3850 officia
803 3795 1266 3851 creaturarum
1314 3793 1795 3855 descenderant
1838 3792 2238 3867 obediendo,
2291 3799 2354 3853 et
2406 3792 2707 3854 lavabant
2755 3789 3121 3852 exercendo
3167 3791 3363 3864 retia,
3415 3786 3482 3847 id

399 3902 505 3955 est
537 3910 758 3970 opera.

490 3999 868 4060 Ascendens
918 4005 1138 4060 autem
1191 4000 1259 4059 in
1304 4000 1722 4076 providentia
1757 4016 1881 4062 sua
1926 4004 1999 4062 in
2031 4020 2239 4062 unam
2284 4003 2530 4076 navim,
2567 4001 2827 4060 scilicet
2874 4004 3276 4072 creaturam,
3310 4013 3478 4074 quae

400 4107 543 4164 erat
594 4103 907 4173 Simonis,
959 4103 1218 4163 scilicet
1266 4103 1587 4180 hominiS,
1637 4107 1883 4183 roqavit
1917 4124 2070 4166 eum
2103 4103 2543 4178 ostendendo,
2594 4109 2668 4164 ut
2703 4122 2743 4164 a
2788 4109 2997 4172 terra,
3031 4100 3345 4162 videlicet
3391 4101 3477 4161 ab

401 4206 556 4266 aliis
602 4207 935 4266 creaturis
967 4208 1312 4268 reduceret
1356 4209 1708 4285 pusillum,
1746 4209 1840 4268 ita
1888 4215 1963 4270 ut
1994 4209 2193 4270 homo
2244 4209 2311 4268 in
2342 4208 2668 4285 dignitate
2711 4208 2865 4269 aliis
2894 4208 3239 4284 praelatus
3271 4207 3474 4266 esset.

400 4310 488 4371 Et
535 4311 768 4370 sedens
819 4311 884 4371 in
946 4311 1318 4388 majestate,
1367 4312 1628 4374 docebat
1676 4312 2067 4388 ordinando,
2132 4315 2213 4374 de
2266 4314 2598 4387 navicula,
2649 4312 2715 4373 id
2763 4316 2868 4372 est
2918 4313 2983 4371 in
3033 4310 3483 4372 rationalitate

399 4431 601 4493 quam
636 4416 885 4477 homini
921 4417 1217 4494 dederat,
1253 4419 1495 4481 turbas.

498 4520 575 4581 Ut
623 4524 894 4582 cessavit
936 4529 1158 4582 autem
1193 4523 1393 4601 loqui,
1431 4524 1495 4584 id
1528 4530 1631 4585 est
1663 4540 1813 4584 cum
1849 4531 2198 4586 creaturas
2231 4528 2550 4601 creasset,
2586 4527 2759 4586 dixit
2793 4525 2880 4586 ad
2913 4525 3267 4601 Simonem,
3303 4524 3480 4585 scili·-

402 4632 511 4688 cet
543 4626 624 4687 ad
674 4626 1030 4687 hominem:
1082 4629 1225 4690 Duc
1256 4631 1330 4690 in
1363 4631 1597 4704 altum,
1637 4628 1702 4689 id
1747 4635 1853 4690 est
1884 4636 2034 4691 esto
2068 4631 2482 4708 praecellens
2519 4632 2586 4692 in
2632 4631 2988 4706 creaturis,
3023 4636 3087 4690 et
3123 4631 3345 4691 laxate
3378 4648 3481 4689 re-

401 4731 500 4790 tia
528 4734 766 4803 vestra,
804 4730 1064 4789 scilicet
1100 4729 1296 4791 facite
1330 4748 1532 4808 opera
1565 4735 1640 4792 in
1675 4738 2051 4810 capturam,
2086 4733 2402 4794 videlicet
2435 4734 2517 4794 ad
2553 4734 2933 4795 utilitatem.

491 4833 572 4894 Et
599 4834 1003 4911 respondens
1039 4834 1286 4909 Simon,
1322 4837 1496 4897 dixit
1530 4837 1656 4897 illi:
1697 4838 2118 4915 Praeceptor,
2148 4837 2213 4897 id
2247 4844 2353 4899 est
2387 4839 2686 4914 Creator,
2716 4857 2844 4916 per
2877 4844 3080 4898 totam
3103 4843 3359 4896 noctem
3384 4834 3478 4894 la-

402 4936 727 5013 borantes,
779 4937 1040 4999 scilicet
1075 4938 1141 4998 in
1175 4939 1551 5015 ignorantia
1582 4957 2004 5020 permanenS,
2040 4944 2215 5004 nihil
2249 4946 2565 5022 cepimus,
2605 4943 2697 5004 ita
2731 4948 2804 5004 ut
2840 4943 3096 5003 inutilis
3130 4955 3370 5002 essem:
3406 4943 3477 4999 in

475 5137 516 5205 ¹)
557 5137 685 5195 sort.
731 5142 1026 5197 videntium
1053 5141 1238 5199 Deum.
1277 5173 1340 5181 —
1365 5144 1410 5206 ²)
1439 5144 1570 5201 Luc.
1606 5145 1678 5207 V,
1711 5151 1736 5198 ¹
1767 5177 1785 5185 -
1819 5151 1899 5200 Η.
