4036 6117
1261 521 1505 569 mann
1552 521 1758 569 vrrae
1808 520 2302 569 nemi-onum.
2351 521 2409 567 ι).
2459 518 2548 565 vr.
3240 500 3371 561 235

336 647 634 709 minibus
681 645 1046 723 persuasit,
1084 645 1261 721 quod
1296 661 1369 705 se
1418 645 1710 705 invicem
1758 643 2160 705 occiderent.
2211 641 2337 702 Sed
2381 648 2459 702 ut
2503 646 2781 717 peccata
2829 637 3169 701 hominum
3214 639 3437 699 abole-

338 756 602 821 rentur,
633 750 883 825 AgnuS,
914 750 1174 809 scilicet
1197 749 1407 808 Filius
1432 748 1572 823 Dei,
1612 763 1812 807 carne
1837 744 1884 826 ¹)
1917 746 2318 807 induebatur
2340 752 2408 805 et
2433 746 2698 805 occisus
2734 750 2857 804 est.
2886 744 3072 804 Nunc
3097 758 3257 817 ergo
3284 758 3437 818 pro-

336 862 493 931 pter
538 854 848 915 eumdem
898 855 1159 929 Agnum
1207 854 1413 913 occisi
1461 854 1753 926 veniant,
1790 857 1858 912 et
1890 851 2180 911 effusum
2228 851 2619 925 sanguinem
2655 863 3010 924 corporum
3053 862 3331 907 suorum
3367 845 3434 905 in

337 959 735 1035 sanguinem
770 958 985 1035 ipsius
1019 957 1188 1033 Agni
1217 957 1512 1016 fundant.
1542 956 1616 1015 In
1642 955 1766 1015 hac
1804 970 1968 1015 voce
2001 955 2348 1030 praefatae
2378 954 2640 1014 animae
2672 952 2753 1011 de
2789 952 2959 1010 mari
2994 965 3265 1010 sursum
3298 949 3432 1007 ele-

333 1062 692 1137 vabantur,
751 1068 820 1122 et
867 1062 1053 1122 velut
1100 1060 1504 1136 sanguineae
1552 1062 1782 1134 guttae
1832 1059 1914 1119 ab
1964 1060 2065 1119 eis
2115 1073 2317 1134 super
2364 1050 2616 1118 terram
2666 1054 3178 1131 spargebantur,
3214 1058 3283 1112 et
3331 1053 3430 1111 sic

335 1166 559 1226 omnis
591 1165 906 1226 coelestis
941 1165 1290 1226 harmonia
1324 1165 1584 1224 cantico
1619 1180 1812 1237 novo,
1850 1163 1917 1222 in
1948 1163 2412 1223 testimonium
2445 1162 2612 1238 Agni
2649 1160 2764 1237 qui
2797 1159 3062 1220 occisus
3096 1163 3223 1233 est,
3262 1159 3430 1233 ipsis

337 1268 764 1329 occurrebat.

430 1370 539 1431 40.
573 1370 652 1432 Et
686 1372 950 1448 quoties
984 1371 1289 1448 praefata
1322 1389 1449 1432 vox
1482 1371 1717 1433 eodem
1754 1372 1972 1445 modo,
2010 1378 2084 1431 ut
2116 1369 2532 1448 praedictum
2581 1374 2708 1444 est,
2752 1368 3281 1441 vociferabatur,
3334 1372 3433 1427 to·-

334 1476 468 1535 ties
500 1475 773 1536 eaedem
810 1477 1092 1549 animae,
1133 1492 1369 1553 sparso
1406 1477 1752 1551 sanguine,
1781 1476 1865 1536 ad
1891 1477 2151 1535 cantica
2177 1491 2371 1549 nova,
2409 1477 2713 1548 utsupra
2737 1473 3266 1532 demonstratum
3299 1478 3426 1545 est,

333 1580 797 1641 elevabantur.
849 1581 1130 1641 Caetera
1164 1584 1386 1640 autem
1419 1586 1809 1641 ornamenta
1845 1582 2127 1641 istorum
2164 1596 2335 1655 quae
2370 1580 2658 1653 plurima
2704 1578 2995 1650 fuerunt,
3031 1575 3262 1636 videre
3294 1592 3427 1636 non

330 1688 656 1762 poteram.
693 1686 859 1757 Quia
893 1687 1066 1745 enim
1105 1686 1242 1760 isti,
1278 1684 1435 1745 dum
1485 1686 1553 1745 in
1587 1686 1980 1762 corporibus
2033 1685 2176 1744 suis
2209 1690 2459 1757 essent,
2512 1683 2638 1743 fide
2672 1690 2739 1742 et
2772 1698 2973 1758 opere
3005 1681 3138 1742 Deo
3173 1683 3427 1742 servie-

330 1792 520 1865 rant,
583 1792 651 1850 et
707 1790 1020 1866 quoniam
1078 1806 1361 1867 corpora
1419 1807 1541 1850 sua
1599 1806 1837 1866 magno
1898 1789 2310 1850 fortitudinis
2362 1790 2614 1865 impetu
2661 1805 2783 1866 pro
2829 1788 2945 1848 Dei
2996 1805 3226 1848 amore
3273 1804 3427 1849 con-

332 1876 789 1970 tempserant,
841 1895 909 1954 in
941 1894 1246 1969 praefata
1294 1895 1602 1954 claritate
1636 1900 1705 1953 et
1753 1895 1819 1953 in
1854 1894 2114 1953 deliciis
2163 1894 2310 1969 ejus
2345 1893 2752 1952 mansionem
2789 1899 2857 1951 et
2888 1891 3146 1952 infinita
3181 1891 3425 1967 gaudia

331 2013 781 2074 supernorum
828 1999 1282 2075 praemiorum
1331 1998 1554 2074 adepti
1605 2001 1777 2058 sunt.
1827 1998 1907 2057 Et
1953 1998 2111 2073 quia
2154 1999 2553 2056 anxietatem
2606 2012 2804 2071 quarn
2838 1996 2908 2055 in
2955 1997 3275 2071 martyrio
3311 1995 3427 2056 ha-

331 2098 640 2176 buerant,
684 2104 749 2160 in
778 2101 1165 2161 fortitudine
1201 2101 1523 2160 mentium
1559 2118 1832 2161 suarum
1867 2102 2447 2175 conculcaverant,
2483 2100 2594 2159 ubi
2634 2115 2752 2173 per
2785 2100 3230 2159 constantiam
3265 2102 3428 2160 mol-

329 2204 543 2265 litiem
593 2204 1054 2265 instabilitatis
1088 2205 1515 2280 abjicienteS,
1568 2205 2109 2264 ardentissimam
2145 2204 2544 2263 charitatem
2595 2201 2676 2261 ad
2712 2201 2919 2262 Deum
2971 2202 3424 2277 apprehende-

329 2312 516 2372 rant.
569 2322 693 2367 ceu
729 2323 935 2384 supra
981 2323 1166 2367 mare
1202 2309 1493 2382 stabant,
1531 2307 1706 2383 quod
1742 2323 1862 2366 nec
1896 2309 2234 2382 manabat,
2271 2323 2392 2367 nec
2426 2306 2991 2367 humectationem
3025 2307 3201 2367 sicut
3248 2323 3422 2383 aqua

330 2408 644 2484 habebat;
683 2410 797 2470 sed
831 2410 1007 2485 quod
1043 2416 1301 2471 tantum
1339 2411 1664 2486 fulgorem
1715 2413 2075 2472 maximum
2125 2412 2205 2470 de
2242 2427 2313 2471 se
2362 2411 2682 2471 reddebat
2711 2408 2784 2488 ²).
2837 2410 2961 2471 Sed
2993 2417 3060 2469 et
3107 2413 3417 2488 quoniam

330 2517 519 2593 ipsos
556 2518 621 2576 in
670 2518 988 2592 sanguine
1025 2533 1146 2577 suo
1181 2523 1590 2591 coercenteS,
1630 2518 1696 2576 in
1744 2533 1982 2592 magna
2033 2517 2275 2575 fiducia
2322 2517 2528 2575 Deum
2578 2517 2946 2590 coluerant,
2996 2520 3185 2576 veste
3235 2518 3424 2578 rubri

328 2621 672 2697 hyacinthi
738 2622 985 2681 coloris
1042 2622 1526 2695 vestiebantur;
1584 2628 1652 2680 et
1715 2622 2028 2696 quoniam
2091 2637 2368 2695 magnos
2433 2621 2697 2680 labores
2760 2636 2881 2694 pro
2945 2620 3170 2680 divino
3234 2621 3421 2682 cultu

326 2725 809 2799 sustinuerant,
847 2741 1017 2800 quos
1066 2726 1268 2784 etiam
1305 2726 1551 2801 ubique
1598 2725 1771 2785 bon¹o
1805 2725 1931 2784 fine
1979 2732 2647 2801 consummaverant,
2701 2742 2852 2785 cum
2902 2726 3165 2800 seipsos
3214 2727 3421 2786 sacri-

325 2828 551 2888 ficium
582 2826 714 2887 Deo
753 2828 1069 2902 fecerant,
1109 2829 1409 2888 membra
1442 2844 1797 2904 corporum
1832 2845 2111 2888 suorum
2147 2834 2670 2903 contemnentes,
2707 2831 2774 2889 et
2805 2844 2883 2887 ea
2928 2829 3300 2889 tortoribus
3334 2830 3418 2888 ad

323 2931 594 2991 diversa
643 2935 970 2991 tormenta
1021 2932 1493 3006 subjicienteS,
1545 2932 1775 2991 eadem
1812 2934 2024 2992 vestis
2060 2949 2265 3007 supra
2313 2932 2652 3006 humerOS,
2720 2948 2798 2991 ac
2847 2933 2911 2991 in
2961 2933 3248 2992 circuitu
3311 2949 3421 2992 su-

327 3050 447 3110 pra
494 3032 699 3111 pedes
732 3050 962 3095 eorum
985 3027 1036 3113 ³)
1072 3039 1139 3093 et
1170 3034 1354 3094 velut
1387 3035 1900 3110 pretiosissimis
1935 3035 2272 3112 lapidibus
2306 3034 2769 3096 decorabatur.

415 3138 521 3197 41.
573 3137 1011 3197 Altitudinem
1059 3153 1326 3214 quoque
1377 3139 1520 3213 spei
1571 3138 1635 3196 in
1693 3139 2025 3213 sapientia
2082 3138 2459 3213 gestabant,
2496 3153 2646 3197 cum
2681 3153 2801 3213 per
2849 3138 3213 3213 puritatem
3261 3138 3414 3198 fidei

329 3240 690 3300 fraternam
767 3239 1190 3300 dilectionem
1265 3242 1510 3317 ubique
1565 3241 1926 3315 intuenteS,
1992 3247 2059 3300 et
2116 3243 2649 3316 compassionem
2711 3241 2865 3300 aliis
2930 3241 3411 3318 impendenteS,

324 3342 530 3404 Deum
565 3343 634 3403 in
667 3344 979 3404 cordibus
1016 3346 1161 3404 suis
1195 3345 1639 3419 extollebant,
1692 3360 1843 3403 cum
1879 3346 1945 3403 in
1980 3344 2366 3421 semetipsis
2397 3345 2790 3421 patientiam
2825 3344 3173 3419 habentes,
3211 3360 3416 3404 mem·-

329 3445 469 3506 bris
520 3447 663 3507 suis
710 3465 839 3507 non
886 3448 1287 3524 parcebant3
1340 3464 1417 3507 ac
1467 3447 1716 3508 idcirco
1764 3463 2047 3508 coronas
2097 3448 2281 3508 velut
2327 3466 2407 3507 ex
2441 3449 2805 3524 purissimo
2856 3465 3018 3507 auro
3055 3447 3410 3524 fulgenteS,

327 3550 394 3609 et
440 3550 625 3608 velut
671 3549 1110 3610 lucidissimis
1160 3551 1454 3626 speculis
1504 3551 1572 3609 in
1618 3551 1906 3610 circuitu
1952 3552 2334 3626 distincta5‚
2376 3552 2440 3610 in
2481 3551 2815 3627 capitibus
2866 3552 3008 3611 suis
3056 3550 3412 3614 habebant.

323 3650 404 3712 Et
433 3651 638 3711 etiam
688 3653 926 3712 itinera
949 3649 996 3731 ⁴)
1032 3653 1296 3713 viarum
1327 3653 1445 3712 Dei
1480 3654 1546 3712 in
1593 3654 1917 3730 patientia
1948 3660 2016 3713 et
2066 3655 2131 3714 in
2163 3653 2489 3714 effusione
2538 3655 2887 3729 sanguinis
2922 3654 3027 3713 sui
3059 3669 3411 3730 percurre-

325 3754 513 3830 bant3
563 3755 737 3816 unde
770 3758 1239 3818 calceamentis
1287 3759 1484 3835 quasi
1520 3759 1874 3835 smaragdo
1923 3765 1991 3818 et
2029 3761 2264 3819 berillo
2298 3761 2555 3820 ornatis
2588 3759 3053 3821 induebantur.
3090 3759 3215 3821 Sed
3247 3764 3315 3823 et
3348 3764 3417 3827 in

330 3860 647 3935 operibus
682 3860 825 3920 suis
857 3862 1212 3921 victoriam
1245 3862 1501 3938 absque
1536 3864 1714 3922 omni
1742 3851 2137 3938 contagione
2172 3863 2624 3923 simulationis
2648 3857 2695 3941 ⁵)
2731 3879 2967 3937 puram
3002 3870 3068 3924 et
3096 3867 3410 3926 mundam

331 3965 668 4041 tenebant,
706 3967 773 4025 in
806 3984 935 4042 qua
968 3967 1240 4042 plurimi
1277 3969 1576 4042 exempla
1610 3970 2027 4028 constantiae
2060 3975 2127 4027 et
2160 3969 2521 4044 patientiae
2562 3970 2994 4044 accipienteS‚
3030 3970 3239 4032 Deum
3273 3979 3413 4034 toto

324 4068 566 4128 mentis
615 4070 860 4128 intuitu
910 4070 1376 4146 inspexerunt3
1430 4074 1839 4147 quapropter
1885 4078 1952 4130 et
2000 4072 2129 4148 ipsi
2164 4073 2231 4131 in
2279 4072 2586 4131 manibus
2623 4073 2767 4132 suis
2813 4074 3075 4149 palmas
3123 4091 3248 4135 ceu
3295 4092 3416 4152 pu-

333 4172 605 4232 rissima
651 4188 827 4248 aqua
873 4174 1254 4250 perlucidas
1303 4175 1670 4249 habebant,
1726 4176 1789 4234 in
1839 4176 2086 4251 quibus
2120 4175 2322 4235 etiam
2373 4175 2661 4250 plurima
2697 4177 3022 4236 miracula
3068 4177 3185 4237 Dei
3220 4181 3413 4254 quasi

329 4273 395 4332 in
429 4275 724 4350 speculis
758 4277 1188 4351 apparebant.

415 4385 521 4445 42.
572 4385 752 4456 Quae
800 4388 1021 4447 omnia
1071 4405 1197 4449 vox
1244 4387 1327 4448 de
1375 4390 1560 4450 coelo
1610 4406 1857 4451 sonans
1908 4391 2307 4459 testabatur,
2346 4407 2517 4466 quae
2551 4398 2618 4450 et
2663 4390 3016 4453 Diabolum
3063 4394 3197 4456 Deo
3248 4397 3417 4456 resi-

327 4494 635 4566 stentem,
665 4492 823 4551 etin
861 4492 1188 4552 infernum
1224 4493 1672 4569 submersum,
1708 4511 1788 4554 ex
1822 4494 2207 4555 hominibus
2241 4495 2564 4571 quosdam
2601 4497 2732 4556 sibi
2775 4498 3164 4558 consociare
3198 4503 3418 4560 osten-

323 4595 542 4669 debat,
578 4597 823 4671 quibus
871 4598 1073 4656 etiam
1107 4597 1466 4658 homicidia
1513 4600 1895 4675 persuadet;
1934 4601 2050 4660 sed
2100 4607 2172 4661 ut
2206 4601 2402 4660 homo
2437 4603 2549 4662 ille
2583 4603 2978 4680 eriperetur,
3016 4605 3257 4666 Filium
3292 4606 3412 4666 Dei

329 4697 742 4757 incarnatum
775 4701 842 4758 et
871 4700 1166 4759 occisum
1201 4703 1556 4778 clamabat,
1593 4702 1951 4763 exhortans
1999 4706 2203 4764 etiam
2240 4712 2311 4765 ut
2346 4707 2459 4782 qui
2495 4710 2769 4784 propter
2802 4708 3042 4768 Filium
3075 4708 3192 4769 Dei
3241 4726 3418 4771 mor-

327 4803 457 4860 tem
493 4800 873 4876 subissent,
926 4805 1246 4878 martyria
1280 4821 1399 4864 sua
1448 4807 1768 4881 martyrio
1806 4808 2018 4883 ipsius
2067 4807 2623 4870 demonstrarent.
2659 4811 2732 4871 In
2780 4811 2905 4871 hac
2936 4828 3124 4887 voce,
3163 4814 3298 4873 illis
3351 4814 3414 4873 in

325 4907 612 4966 victoria
646 4924 769 4967 sua
802 4911 1156 4984 exaltatiS,·
1178 4917 1508 4972 tormenta
1543 4929 1715 4989 quae
1763 4915 1846 4975 ab
1882 4914 2108 4989 impiis
2140 4921 2207 4974 et
2242 4916 2604 4976 incredulis
2652 4919 2834 4994 passi
2872 4925 3049 4993 sunt,
3090 4919 3170 4978 ad
3206 4919 3419 4978 vindi-

330 5011 506 5070 ctam
563 5025 797 5070 eorum
841 5012 1024 5088 justo
1072 5013 1187 5073 Dei
1233 5014 1483 5090 judicio
1541 5019 1936 5079 emicabant.
1984 5019 2167 5079 Unde
2217 5025 2283 5077 et
2318 5022 2535 5080 omnis
2570 5023 2884 5082 coelestis
2934 5023 3291 5097 exercituS,
3348 5024 3412 5081 in

401 5193 444 5260 ¹)
469 5211 682 5251 carnem
709 5197 798 5252 W.
837 5229 896 5235 —
923 5199 967 5266 2)
994 5198 1240 5255 manebat
1266 5200 1331 5255 Α.
1372 5232 1427 5238 -
1459 5200 1502 5267 ³)
1529 5220 1710 5257 eorum
1734 5217 1842 5257 om.
1876 5202 1940 5258 A.
1975 5237 2038 5243 —
2070 5205 2112 5273 ⁴)
2144 5208 2201 5260 in
2232 5209 2431 5261 itinera
2468 5206 2557 5262 W.
2590 5238 2652 5244 —
2682 5208 2724 5273 ⁵)
2749 5206 3145 5262 simulationem
3172 5205 3261 5260 W.
