4036 6117
654 456 745 513 36
1806 473 1856 516 s.
1920 470 2484 518 inhnmanum

1994 694 2296 756 LXVIIII.

1874 905 1969 966 De
2001 902 2427 978 joculatrice.

677 1114 784 1178 82.
835 1118 960 1177 Sed
997 1119 1197 1177 tertia
1234 1117 1455 1191 imago
1500 1116 1859 1192 joculatrix
1894 1115 1960 1174 in
1994 1115 2482 1190 significatione
2531 1134 2653 1176 sua
2687 1121 2814 1190 est3
2852 1130 3025 1191 quae
3073 1113 3378 1176 homines
3412 1132 3452 1173 a
3485 1110 3717 1175 coele-

581 1226 803 1284 stibus
854 1226 935 1284 ad
985 1224 1252 1284 diversa
1303 1224 1690 1300 spectacula
1742 1222 2350 1282 inconvenientium
2398 1229 2700 1282 motuum
2747 1221 3023 1282 trahens
3070 1220 3536 1298 petulantiam,
3589 1217 3714 1278 hic

583 1330 1049 1405 subsequitur,
1088 1331 1403 1406 quoniam
1438 1331 1622 1388 velut
1655 1328 1877 1387 fistula
1912 1334 1979 1387 et
2011 1329 2196 1387 velut
2229 1329 2487 1387 musica
2527 1329 2707 1388 illius
2739 1334 2866 1403 est;
2903 1328 3060 1405 quia
3097 1344 3248 1387 cum
3282 1326 3483 1405 huJus
3517 1323 3713 1385 modi

584 1431 888 1492 homines
940 1433 1245 1509 fatigatio
1294 1439 1362 1493 et
1395 1433 1688 1492 taedium
1738 1432 2101 1508 petulantis
2150 1433 2357 1491 animi
2404 1433 2509 1492 sui
2560 1432 2878 1507 tetigerit,
2929 1433 3103 1491 alios
3146 1432 3336 1506 jocos
3383 1431 3571 1490 velut
3621 1426 3713 1488 ad

579 1538 1046 1611 respirandum
1095 1538 1596 1613 aggrediuntur;
1635 1544 1701 1596 et
1738 1537 1986 1596 homini
2022 1538 2462 1610 assimilatur,
2498 1545 2773 1613 excepto
2822 1537 3000 1613 quod
3036 1542 3420 1597 tortuosum
3451 1550 3706 1596 nasum

578 1637 802 1711 habet,
840 1641 996 1715 quia
1035 1640 1207 1699 idem
1242 1642 1481 1699 vitium
1519 1642 1582 1699 in
1619 1640 1899 1698 scientia
1934 1639 2092 1698 boni
2135 1646 2201 1699 et
2234 1640 2415 1712 mali,
2453 1640 2821 1699 secundum
2868 1640 3204 1699 desideria
3239 1640 3595 1699 oculorum
3630 1642 3706 1697 et

578 1745 826 1819 carniS,
865 1744 1168 1804 homines
1204 1746 1285 1804 ad
1322 1762 1393 1804 se
1428 1745 1705 1819 colligit;
1742 1750 1809 1803 et
1847 1744 1909 1802 in
1947 1745 2154 1803 stulta
2206 1745 2591 1819 insipientia
2626 1759 2704 1804 ac
2740 1745 2805 1803 in
2840 1745 3049 1804 stulto
3099 1744 3467 1817 intellectu,
3506 1742 3705 1802 velut

589 1849 657 1908 in
693 1849 962 1908 informi
1006 1866 1194 1924 naso,
1229 1849 1438 1908 Deum
1471 1866 1600 1908 non
1633 1865 1784 1907 esse
1816 1848 1999 1909 dicit.
2036 1848 2161 1907 Sed
2206 1850 2382 1925 quod
2420 1866 2656 1908 manus
2701 1849 2848 1924 ejus
2884 1855 2956 1909 ut
2990 1848 3195 1925 pedes
3242 1848 3386 1907 ursi
3423 1853 3605 1921 sunt,
3643 1851 3720 1906 et

579 1955 762 2030 quod
798 1956 999 2030 pedes
1047 1956 1261 2031 ipsius
1298 1962 1371 2015 ut
1404 1956 1606 2031 pedes
1640 1953 1923 2029 grifonis
1958 1960 2303 2030 apparent,
2341 1953 2466 2014 hoc
2514 1961 2620 2015 est
2654 1954 2831 2031 quod
2867 1954 3183 2015 sordidos
3229 1969 3454 2013 mores
3485 1958 3555 2011 et
3593 1953 3725 2012 im-

584 2062 831 2120 munda
865 2077 1071 2136 opera
1114 2060 1416 2119 homines
1452 2060 1697 2119 habere
1734 2058 1916 2133 facit,
1954 2066 2021 2118 et
2055 2060 2231 2135 quod
2265 2061 2468 2119 etiam
2503 2060 2570 2119 in
2602 2061 2913 2136 vestigiis
2950 2060 3222 2136 rapinae
3254 2057 3421 2117 nulli
3455 2056 3714 2133 paruit,

597 2164 714 2224 ubi
749 2166 1109 2240 quicquam
1146 2180 1264 2239 per
1295 2163 1723 2223 dolositatem
1758 2164 1926 2221 artis
1961 2179 2123 2222 suae
2156 2164 2447 2239 diripere
2479 2164 2748 2240 poterit.
2783 2165 2946 2223 Nam
2989 2179 3109 2239 per
3160 2162 3286 2222 hoc
3318 2161 3561 2220 vitium
3594 2160 3726 2219 ho-

594 2270 809 2328 mines
844 2271 1063 2345 magis
1110 2270 1485 2344 spoliantur
1517 2285 1718 2343 quam
1753 2267 2005 2343 aliquid
2055 2270 2369 2328 utilitatis
2404 2276 2921 2346 consequantur.
2957 2271 3198 2345 Nigros
3247 2275 3471 2328 autem
3504 2267 3726 2344 capil-

596 2373 700 2431 los
736 2372 960 2446 habet,
996 2379 1063 2431 et
1097 2371 1346 2447 pallida
1380 2378 1569 2430 veste
1604 2371 1923 2446 induitur,
1960 2372 2277 2446 quoniam
2313 2373 2377 2431 in
2411 2374 2754 2448 nigredine
2789 2374 3166 2432 vanitatum
3211 2371 3433 2431 omnia
3465 2370 3727 2446 princi-

599 2476 711 2552 pia
748 2492 1027 2551 operum
1069 2493 1345 2535 suorum
1387 2475 1702 2545 offuscat,
1739 2477 1953 2535 lenem
1990 2477 2314 2537 laetitiam
2349 2478 2479 2537 sibi
2513 2478 2716 2537 etiam
2751 2478 3284 2553 circumponenS,
3321 2476 3481 2553 quia
3515 2476 3726 2537 mori-

599 2580 725 2637 bus
760 2579 1090 2655 quusque
1141 2578 1429 2637 hominis
1463 2594 1536 2638 se
1583 2584 1875 2655 coaptat,
1913 2585 1985 2639 ut
2017 2597 2137 2655 per
2171 2580 2294 2639 hoc
2328 2597 2445 2639 eos
2481 2581 2611 2639 sibi
2646 2578 3022 2650 attrahenS,
3058 2595 3175 2638 eos
3211 2593 3442 2637 secum
3481 2575 3724 2636 ludere

605 2681 830 2757 faciat,
868 2682 1427 2759 quemadmodum
1460 2684 1665 2743 etiam
1702 2685 1765 2742 in
1801 2685 2133 2744 locutione
2166 2703 2288 2744 sua
2323 2687 2635 2760 superius
2669 2682 2990 2746 declarat.
3034 2684 3158 2744 Sed
3194 2701 3322 2744 vox
3358 2683 3488 2743 sibi
3525 2699 3729 2759 repu-

608 2790 876 2862 gnantis
923 2788 1367 2849 verecundiae
1399 2804 1435 2848 e
1483 2796 1716 2849 contra
1750 2791 2020 2865 clamat,
2058 2796 2125 2851 et
2171 2796 2243 2851 ut
2276 2791 2581 2851 homines
2631 2791 3053 2852 honestatem
3088 2804 3348 2849 morum
3397 2785 3724 2860 habeant,

600 2892 960 2968 persuadet
991 2887 1063 2970 ¹).

2062 3104 2243 3167 Lxx.

1868 3317 1961 3379 De
2011 3319 2460 3382 obduratione.

698 3520 801 3586 83.
854 3526 1105 3597 Quarta
1141 3531 1365 3587 autem
1401 3527 1620 3604 imago
1672 3527 2184 3588 obdurationem
2218 3529 2533 3604 ostendit,
2571 3544 2742 3605 quae
2791 3526 2900 3589 hic
2927 3525 3394 3605 joculatricem
3441 3525 3730 3588 comita·

607 3638 737 3692 tur:
774 3632 1089 3707 quoniam
1123 3648 1274 3691 cum
1310 3631 1506 3691 homo
1542 3632 1609 3691 in
1644 3632 2025 3707 hujusmodi
2051 3634 2579 3710 joculationibus
2632 3633 2974 3709 fatigatUS,
3013 3633 3308 3693 taedium
3353 3632 3724 3707 acceperit,

607 3737 1009 3796 obduratam
1066 3744 1354 3795 mentem
1406 3737 1652 3796 habere
1712 3738 1967 3814 incipit,
2020 3740 2177 3814 quia
2226 3739 2503 3798 coelesti
2554 3755 2704 3798 rore
2751 3744 2976 3798 tactus
3024 3755 3155 3798 non
3199 3745 3331 3812 est,
3393 3737 3486 3797 ita
3542 3735 3728 3813 quod

609 3845 816 3904 etiam
864 3851 1153 3902 mentem
1203 3861 1395 3903 suam
1443 3861 1564 3904 nec
1616 3846 1760 3921 lege
1807 3852 2341 3923 praeceptorum,
2393 3863 2515 3906 nec
2562 3853 2788 3907 aratro
2848 3846 3346 3923 Scripturarum
3404 3845 3728 3920 sulcavit;

610 3947 785 4007 unde
832 3948 1037 4007 etiam
1073 3947 1232 4023 quid
1282 3948 1372 4007 sit
1405 3948 1651 4008 bonum
1702 3950 2238 4025 refraenationis‚
2275 3967 2405 4010 non
2455 3951 2680 4011 sentit.
2713 3950 2794 4010 Et
2837 3951 3032 4027 quasi
3081 3950 3331 4009 densus
3380 3947 3608 4008 sumus
3642 3946 3730 4009 ad

611 4061 944 4115 staturam
991 4053 1282 4113 hominis
1329 4059 1456 4128 est,
1509 4055 1824 4129 quoniam
1871 4057 2054 4115 nulla
2089 4056 2405 4130 tenuitaS,
2459 4057 2576 4115 sed
2623 4057 2954 4132 quaedam
3000 4055 3288 4115 firmitas
3336 4053 3728 4114 malitiosae

610 4159 1049 4235 malignitatis
1084 4159 1150 4217 in
1182 4158 1621 4219 obduratione
1653 4164 1780 4235 est,
1818 4166 1884 4218 et
1919 4158 2045 4218 boc
2079 4159 2444 4220 secundum
2479 4177 2862 4220 mensuram
2913 4160 3231 4233 hominis,
3268 4158 3426 4235 quia
3459 4158 3728 4219 nullum

610 4264 862 4321 malum
911 4263 1037 4321 sub
1086 4262 1373 4336 homine,
1425 4280 1546 4323 nec
1596 4280 1800 4340 supra
1836 4262 2174 4324 hominem
2221 4271 2329 4324 est
2360 4262 2439 4344 ²),
2492 4265 2667 4341 quod
2718 4266 2862 4341 ipse
2913 4266 2980 4324 in
3027 4263 3346 4340 operibus
3396 4264 3541 4322 suis
3589 4280 3728 4323 non

615 4364 1159 4442 comprehendat;
1211 4368 1526 4442 quoniam
1561 4384 1678 4427 nec
1725 4385 2032 4445 parvum,
2067 4385 2188 4428 nec
2239 4386 2552 4444 magnum
2588 4370 2837 4429 malum
2885 4375 3013 4443 est,
3051 4369 3117 4428 in
3151 4383 3283 4444 quo
3333 4367 3724 4427 malitiosus

611 4473 809 4532 homo
844 4487 974 4530 non
1022 4470 1410 4532 delectetur.
1445 4472 1631 4543 Quod
1681 4479 1903 4532 autem
1938 4474 2121 4532 nulla
2170 4475 2468 4534 membra
2501 4474 2831 4535 humanae
2881 4473 3132 4534 formae
3176 4472 3401 4546 habet,
3438 4477 3723 4548 excepto

614 4574 790 4652 quod
825 4573 1113 4649 grandes
1147 4581 1213 4634 et
1246 4574 1627 4649 nig1·i.oculi
1667 4577 1730 4635 in
1765 4592 1842 4635 eo
1879 4583 2225 4652 apparent,
2263 4577 2388 4636 hoc
2421 4585 2524 4637 est
2573 4578 2748 4654 quod
2784 4577 2958 4637 idem
2993 4577 3233 4636 vitium
3282 4575 3587 4635 homines
3625 4577 3724 4636 ita

616 4681 906 4755 indurat,
946 4680 1122 4755 quod
1176 4681 1531 4754 imaginem
1564 4681 1678 4739 Dei
1716 4697 1836 4739 nec
1871 4683 2075 4752 scire,
2112 4697 2232 4740 nec
2268 4696 2671 4758 cognoscere
2722 4684 2786 4742 in
2821 4684 2976 4741 aliis
3026 4680 3408 4741 hominibus
3459 4680 3718 4756 volunt,

608 4791 765 4866 quia
803 4790 928 4865 ipsi
964 4789 1215 4847 nullam
1250 4788 1728 4861 benignitatem
1764 4788 2110 4863 habenteS,
2149 4790 2404 4865 absque
2437 4790 2616 4850 omni
2652 4789 3117 4850 misericordia
3148 4794 3217 4848 et
3249 4787 3722 4847 benevolentia

618 4901 795 4972 sunt,
837 4894 954 4952 scd
1005 4894 1070 4951 in
1114 4892 1567 4968 magnitudine
1616 4893 2109 4952 maledictionis
2159 4911 2236 4953 ac
2287 4893 2352 4953 in
2400 4894 2743 4970 nigredine
2775 4889 2823 4974 3)
2875 4894 3233 4955 oblivionis
3279 4892 3396 4952 Dei
3436 4892 3728 4952 circum-

615 5000 929 5077 spiciunt,
966 5004 1365 5073 quaerentes
1400 5014 1597 5073 quem
1632 5015 1784 5057 cum
1817 5015 2072 5057 veneno
2109 4999 2398 5058 invidiae
2430 5001 2613 5059 velut
2659 5017 2911 5060 veneno
2961 4999 3271 5077 aspidum
3318 4999 3604 5060 laedant.
3639 4997 3721 5057 Et

689 5142 730 5209 ¹)
756 5146 1081 5214 persuadent
1105 5143 1197 5199 W.
1232 5175 1296 5182 —
1320 5145 1365 5212 ²)
1391 5149 1466 5199 est
1492 5159 1601 5201 om.
1633 5140 1700 5199 A.
1732 5140 1866 5198 dein
1893 5142 1968 5201 id.
2000 5143 2428 5217 comprehendat.
2467 5175 2530 5183 -
2555 5140 2599 5211 ³)
2627 5159 2691 5197 ac
2716 5140 3001 5213 niyredine
3024 5138 3092 5196 A.
