4036 6117
754 446 890 519 540.

676 594 716 636 o
751 584 823 637 tu
872 578 1216 652 magister,
1259 577 1323 636 in
1373 578 1887 653 magistratione
1923 580 2173 640 multos
2223 580 2482 640 rivulos
2518 580 2584 638 in
2617 577 2984 652 Scripturis
3021 576 3269 652 habes,
3319 571 3366 656 ἵ)
3403 592 3575 654 quos
3608 577 3766 639 inter

683 679 858 739 alios
911 679 1243 738 interdum
1283 682 1572 756 spargis,
1626 683 1889 743 scilicet
1924 682 2100 742 inter
2135 699 2416 758 magnos
2450 689 2517 742 et
2566 697 2835 759 parvos,
2866 680 2991 742 Sed
3025 681 3221 743 valde
3257 684 3599 756 trem³sco,
3634 697 3765 758 pro·

681 789 833 857 pter
878 783 1202 843 humilem
1240 784 1523 843 formam
1547 828 1565 855 ,
1617 802 1788 861 quae
1827 787 1890 845 in
1928 802 2032 845 me
2066 795 2192 847 est.
2228 787 2413 847 Nunc
2448 786 2623 847 audi.
2660 786 2797 847 Rex
2834 787 2898 844 in
2934 786 3103 847 solio
3139 803 3261 847 suo
3298 787 3508 857 sedet,
3547 794 3615 845 et
3648 803 3770 846 ma-

678 888 847 960 gnas
895 887 1244 946 columnas
1295 891 1363 947 et
1409 889 1604 948 valde
1653 890 1997 964 elegantes
2049 890 2114 949 in
2151 891 2412 965 magnis
2461 891 2876 950 ornamentis
2926 906 3151 949 coram
3202 905 3274 949 se
3309 889 3765 965 stat11i13quae

677 1005 884 1065 supra
929 987 980 1069 ²)
1018 995 1410 1051 ornamenta
1457 993 1684 1053 eboris
1720 1000 1946 1053 erecta
1996 1000 2175 1067 sunt,
2213 998 2278 1054 et
2328 1010 2499 1071 quae
2530 989 2578 1072 ⁸)
2632 995 2854 1054 omnia
2897 994 3284 1054 indumenta
3332 993 3512 1068 regis
3549 994 3616 1052 in
3647 1009 3770 1052 ma-

675 1094 828 1168 gnis
863 1094 1235 1155 honoribus
1270 1097 1651 1171 gestabant,
1687 1104 1755 1157 et
1788 1114 1867 1157 ea
1901 1099 2152 1174 ubique
2185 1099 2647 1159 ostendebant.
2681 1094 2731 1177 ⁴)

763 1200 947 1260 Tunc
981 1202 1121 1275 regi
1159 1201 1435 1276 placuit,
1473 1208 1538 1260 et
1575 1217 1853 1277 parvam
1890 1218 2170 1277 pennam
2208 1202 2289 1262 de
2325 1210 2504 1263 terra
2542 1203 2821 1276 levavit,
2858 1208 2927 1263 et
2978 1202 3075 1262 illi
3108 1203 3451 1277 praecepit
3492 1207 3571 1260 ut
3602 1201 3771 1260 vola-

679 1310 806 1380 ret,
859 1305 1034 1365 sicut
1066 1304 1241 1364 idem
1295 1320 1408 1363 rex
1444 1306 1676 1365 voluit.
1727 1306 1948 1365 Penna
1983 1309 2206 1366 autem
2258 1323 2296 1366 a
2332 1308 2557 1382 seipsa
2606 1322 2735 1365 non
2771 1305 2975 1379 volat,
3027 1305 3143 1363 sed
3179 1319 3296 1363 aer
3342 1320 3491 1364 eam
3533 1310 3764 1379 portat.

679 1410 789 1470 Sic
837 1426 960 1486 ego
995 1427 1125 1470 non
1174 1428 1322 1471 sum
1360 1412 1615 1471 imbuta
1666 1411 1956 1471 humana
1990 1412 2329 1485 doctrina,
2382 1428 2504 1471 nec
2538 1411 2927 1488 potentibus
2962 1412 3244 1483 viribus,
3280 1426 3400 1471 nec
3433 1412 3639 1472 etiam
3673 1425 3773 1470 ae-

682 1525 835 1578 stuo
882 1518 952 1578 in
986 1519 1272 1578 sanitate
1321 1519 1656 1594 corporis,
1695 1519 1812 1578 sed
1850 1520 1916 1578 in
1949 1519 2286 1595 adjutorio
2320 1518 2436 1577 Dei
2472 1520 2794 1579 consisto.
2841 1518 2921 1579 Et
2953 1518 3101 1577 dico
3137 1518 3281 1578 tibi:
3314 1513 3364 1593 ⁵)
3401 1518 3456 1577 A
3486 1516 3769 1592 quodam

685 1625 953 1685 homine
1004 1626 1069 1684 in
1102 1626 1409 1686 doctrina
1457 1627 1724 1701 fluente,
1759 1628 1827 1686 et
1874 1641 1978 1685 me
2016 1628 2501 1700 interrogante,
2554 1625 2802 1697 audivi,
2840 1625 3015 1700 quod
3056 1645 3088 1683 ε
3118 1626 3498 1685 Paternitas
3536 1623 3769 1683 summi

679 1720 900 1789 Patris
948 1736 1016 1789 et
1048 1729 1368 1790 divinitas
1417 1730 1530 1789 Dei
1585 1746 1714 1789 non
1762 1736 1944 1790 esset
1992 1730 2191 1790 Deus,
2239 1725 2287 1808 ⁶)
2323 1730 2401 1789 Et
2453 1745 2557 1789 me
2591 1729 2908 1806 pusillam
2960 1730 3248 1804 rogavit,
3283 1735 3358 1788 ut
3404 1728 3487 1788 de
3525 1727 3653 1786 hoc
3697 1725 3772 1786 ad

678 1847 916 1893 verum
952 1833 1175 1892 lumen
1209 1834 1597 1908 diligentius
1628 1831 1677 1912 ⁷)
1714 1834 2110 1909 aspicerem.

767 1936 849 1996 Et
878 1936 1041 2010 vidi,
1094 1943 1161 1996 et
1194 1937 1420 2012 didici,
1461 1938 1526 1996 in
1563 1952 1795 1996 verum
1836 1938 2058 1997 lumen
2093 1937 2400 2011 videndo,
2452 1943 2520 1996 et
2554 1952 2686 1996 non
2721 1953 2841 2013 per
2875 1952 2979 1996 me
3010 1931 3060 2013 ⁸)
3100 1937 3166 1996 in
3201 1953 3306 1996 me
3356 1934 3770 2011 requirendo,

681 2038 858 2115 quod
906 2040 1286 2099 Paternitas
1319 2046 1385 2100 et
1433 2041 1764 2101 Divinitas
1799 2041 1974 2100 Deus
2024 2048 2152 2115 est;
2193 2042 2350 2116 quia
2402 2040 2601 2101 homo
2640 2040 2809 2100 banc
2843 2057 2972 2099 non
3008 2040 3209 2099 habet
3244 2045 3674 2113 potestatem,
3708 2045 3773 2097 ut

671 2146 754 2203 de
800 2144 936 2204 Deo
970 2144 1182 2218 dicat,
1235 2146 1410 2205 sicut
1444 2146 1525 2204 de
1577 2145 1992 2205 humanitate
2031 2145 2342 2219 hominis,
2381 2152 2448 2204 et
2482 2146 2657 2204 sicut
2691 2145 2772 2204 de
2807 2146 3030 2204 colore
3070 2144 3224 2203 facti
3264 2146 3492 2220 operis
3528 2143 3613 2203 de
3649 2160 3773 2202 ma-

677 2264 766 2307 nu
817 2247 1129 2307 hominis,
1171 2248 1415 2307 Videns
1461 2263 1622 2322 ergo
1659 2248 1769 2307 lux
1821 2248 1885 2307 in
1920 2256 2183 2306 secreto
2235 2249 2440 2307 verbo
2476 2248 2847 2324 sapientiae
2897 2247 3081 2306 dicit:
3132 2246 3309 2306 Deus
3360 2246 3605 2321 plenus
3654 2251 3768 2317 est,

677 2357 745 2410 et
780 2351 1058 2425 integer,
1095 2358 1162 2411 et
1197 2353 1451 2427 absque
1485 2353 1814 2428 principio
1852 2354 2253 2427 temporum;
2289 2355 2356 2411 et
2391 2353 2537 2411 ideo
2572 2369 2700 2411 non
2735 2358 2957 2428 potest
2990 2351 3197 2411 dividi
3236 2366 3571 2424 sermone,
3610 2352 3773 2410 sicut

678 2455 876 2515 homo
926 2456 1133 2515 dividi
1173 2464 1412 2531 potest:
1463 2461 1782 2532 quoniam
1817 2456 1990 2516 Deus
2027 2460 2236 2517 totum
2273 2464 2378 2516 est
2422 2452 2470 2529 ⁹)
2508 2464 2574 2517 et
2616 2474 2745 2517 non
2779 2458 2983 2526 aliuS,
3037 2472 3114 2516 ac
3165 2456 3411 2515 idcirco
3445 2451 3518 2533 ω)
3563 2456 3660 2515 illi
3690 2455 3775 2514 ni-

682 2558 779 2617 hil
829 2560 1377 2633 abstrahendum,
1431 2567 1545 2620 aut
1596 2561 1967 2620 addendum
2021 2563 2143 2621 est.
2196 2561 2357 2620 Nam
2409 2562 2612 2621 etiam
2662 2568 2730 2620 et
2773 2562 3152 2622 Paternitas
3200 2568 3270 2620 et
3300 2558 3640 2619 Divinitas
3684 2562 3777 2620 est

685 2667 833 2742 ille,
885 2668 999 2742 qui
1034 2675 1175 2741 est,
1231 2675 1302 2727 ut
1337 2668 1592 2727 dictum
1641 2675 1765 2728 est:
1804 2668 1932 2743 qu
1967 2687 2113 2727 sum
2147 2673 2260 2745 qui
2296 2688 2462 2729 sum.
2496 2663 2563 2747 ¹¹)
2600 2669 2680 2729 Et
2714 2670 2829 2744 qui
2863 2670 2990 2741 est,
3043 2667 3530 2744 plenitudinem
3570 2668 3775 2727 habet.

683 2772 1059 2842 Quomodo?
1095 2771 1404 2843 faciendi,
1442 2772 1736 2841 creandi,
1777 2772 2185 2845 perficiendi.
2227 2767 2295 2849 ¹²)

774 2873 1192 2949 Quicumque
1241 2873 1415 2932 enim
1452 2874 1617 2932 dicit
1664 2874 1842 2949 quod
1874 2873 2253 2933 Paternitas
2302 2880 2369 2933 et
2403 2873 2734 2934 Divinitas
2783 2891 2911 2935 non
2955 2875 3046 2934 sit
3093 2874 3291 2948 Deus,
3331 2875 3440 2934 hic
3489 2876 3778 2935 nominat

681 2987 1003 3058 punctum
1054 2981 1309 3058 absque
1344 2981 1621 3041 circulo.
1671 2981 1750 3039 Et
1785 2981 1840 3039 si
1893 2987 2211 3056 punctum
2250 2980 2393 3039 vult
2442 2981 2689 3040 habere
2734 2983 2990 3058 absque
3023 2983 3301 3055 circulo,
3335 2975 3404 3060 ¹⁸)
3443 2982 3635 3041 illum
3673 2980 3774 3057 qui

680 3069 994 3147 aeternus
1043 3095 1170 3161 est,
1209 3093 1430 3163 negat.
1482 3087 1559 3145 Et
1594 3087 2000 3162 quicumque
2051 3092 2251 3161 negat
2298 3086 2475 3162 quod
2525 3087 2903 3148 paternitas
2944 3094 3010 3148 et
3057 3088 3388 3148 Divinitas
3438 3087 3618 3147 Deus
3666 3087 3771 3158 sit,

682 3195 889 3255 Deum
927 3201 1146 3269 negat,
1185 3193 1344 3269 quia
1379 3193 1521 3252 vult
1568 3192 1742 3268 quod
1780 3192 2007 3268 aliqua
2042 3193 2351 3250 vacuitas
2395 3192 2460 3250 in
2508 3192 2642 3251 Deo
2694 3195 2805 3266 sit,
2858 3193 3032 3268 quod
3083 3210 3214 3254 non
3261 3201 3387 3253 est:
3441 3193 3561 3251 sed
3613 3192 3776 3251 Deus

685 3300 921 3372 plenus
969 3304 1100 3366 est,
1136 3292 1201 3374 ¹⁴)
1240 3302 1306 3354 et.
1340 3295 1517 3370 quod
1556 3296 1619 3353 in
1654 3295 1786 3354 Deo
1820 3302 1946 3365 est,
1999 3294 2176 3352 Deus
2212 3300 2334 3354 est.
2386 3294 2561 3354 Deus
2596 3297 2769 3354 enlin
2808 3313 2928 3355 nec
2961 3298 3205 3370 excuti,
3251 3311 3371 3354 nec
3412 3284 3774 3354 excribrari

685 3401 1049 3461 secundum
1089 3400 1422 3459 hominem
1471 3406 1716 3474 potest,
1755 3400 1912 3474 quia
1965 3400 2027 3456 in
2063 3397 2195 3456 Deo
2247 3398 2410 3457 nihil
2446 3401 2550 3458 est
2598 3400 2772 3475 quod
2809 3400 2983 3459 Deus
3020 3417 3147 3459 non
3192 3401 3298 3460 sit.
3336 3399 3415 3458 Et
3464 3400 3770 3474 quoniam

686 3512 995 3566 creatura
1046 3506 1307 3564 initium
1355 3505 1591 3578 habet,
1643 3521 1722 3564 ex
1774 3506 1897 3563 hoc
1951 3502 2203 3563 invenit
2256 3503 2676 3563 rationalitas
2727 3506 3015 3566 hominis
3062 3506 3271 3565 Deum
3320 3522 3440 3581 per
3487 3506 3770 3578 nomina,

689 3614 866 3670 sicut
899 3617 965 3668 et
1000 3610 1148 3685 ipsa
1183 3611 1247 3668 in
1283 3610 1693 3685 proprietate
1731 3625 1852 3666 sua
1889 3607 2083 3682 plena
2117 3612 2223 3665 est
2253 3609 2618 3667 nominum.

773 3713 958 3772 Nunc
994 3713 1236 3771 iterum
1271 3712 1456 3784 audi,
1494 3729 1531 3769 o
1568 3712 1789 3784 homo,
1825 3709 2306 3786 pauperculam
2355 3709 2638 3771 formam
2676 3713 2740 3774 in
2774 3712 3026 3789 Spiritu
3060 3715 3183 3775 tibi
3216 3715 3576 3777 dicentem:
3610 3713 3779 3773 Deus

1909 464 1961 509 S.
2014 461 2564 509 HILDEGARDIS

752 3983 794 4048 ¹)
834 3981 950 4038 vix
989 3982 1202 4062 clarius
1239 3982 1601 4038 describetur
1625 3979 1843 4037 Odonis
1882 3978 2057 4036 codex
2084 3979 2184 4034 Pa·

685 4070 944 4125 risiensis
983 4069 1377 4136 Quaestionum
1411 4068 1477 4122 ad
1518 4067 1819 4136 omnigena
1858 4065 2186 4135 Scripturae

691 4158 806 4212 loca
839 4154 1214 4210 multifariam
1248 4155 1523 4225 exposita.
1550 4185 1606 4193 -
1635 4155 1681 4215 2)
1708 4169 1849 4224 quae
1871 4157 2000 4206 sunt
2026 4167 2187 4204 orna·

679 4250 858 4299 menta
886 4242 960 4310 H.
993 4245 1094 4314 qui
1116 4259 1279 4311 super
1305 4239 1363 4296 C.
1399 4271 1463 4279 —-
1491 4238 1535 4302 ³)
1560 4242 1731 4311 etqui
1756 4237 1813 4292 C.
1857 4268 1921 4277 —
1955 4237 1999 4301 ⁴)
2038 4242 2087 4292 et
2122 4253 2188 4290 ea

679 4333 883 4403 ubique
916 4329 1258 4383 ostendebant
1299 4340 1410 4380 om.
1458 4323 1532 4378 H.
1579 4355 1642 4363 —
1683 4325 1725 4386 ⁵)
1769 4321 1881 4377 Hic
1922 4323 2082 4391 plura
2128 4320 2186 4374 in

684 4417 805 4469 solo
847 4412 902 4468 Η
942 4411 1147 4466 omissa
1197 4417 1253 4466 et
1292 4409 1623 4481 interposita
1669 4408 1725 4462 in
1774 4409 1924 4463 hunc
1969 4422 2184 4478 perver-

685 4514 810 4554 sum
854 4498 1099 4553 modum:
1133 4497 1270 4552 Dico
1309 4497 1441 4558 tibi,
1475 4496 1739 4568 quomoda»
1778 4497 1838 4548 in
1864 4510 1994 4548 vera
2022 4496 2186 4547 visio-

680 4603 748 4639 ne
785 4585 971 4641 edocta
1006 4601 1145 4642 sum.
1185 4583 1324 4655 quid
1356 4586 1665 4654 paternitas
1700 4587 1749 4636 et
1785 4583 2057 4636 divinitas
2092 4583 2188 4643 sit,

683 4673 946 4744 quoniam
986 4685 1083 4739 eqo
1119 4685 1154 4721 a
1194 4673 1243 4721 te
1273 4669 1489 4738 percepi
1531 4667 1629 4720 hoc
1659 4668 1921 4736 plurimis
1957 4684 2189 4721 necessa-

682 4758 832 4810 rium
866 4770 994 4813 esse.
1031 4758 1300 4824 quatenus
1335 4755 1599 4806 veraciter
1636 4754 1697 4805 in
1735 4768 1864 4806 vera
1900 4752 2008 4821 fide
2038 4753 2189 4806 robo-

680 4848 890 4896 rentur.
923 4838 1069 4894 Nam
1092 4838 1168 4892 ad
1193 4853 1376 4891 verum
1402 4836 1580 4890 tumen
1606 4837 1730 4891 vidi
1761 4843 1810 4891 et
1835 4837 2010 4891 didici
2048 4841 2192 4910 viqi·

685 4928 865 4981 lanter
888 4932 937 4980 et
960 4929 1144 4996 aperte
1168 4922 1421 4981 videndo,
1450 4924 1597 4993 quod
1622 4938 1730 4976 non
1761 4939 1856 4992 per
1879 4941 1958 4977 me
1981 4928 2091 4978 cte.
2123 4953 2190 4962 —

680 5011 727 5069 ⁶)
752 5008 1019 5082 Objectio
1045 5013 1153 5067 est.
1187 5008 1350 5077 plane
1385 5008 1606 5076 sculpta
1638 5007 1695 5061 in
1719 5005 1939 5061 officina
1967 5007 2189 5063 Gilber-

692 5098 806 5150 tina
849 5125 913 5135 —
950 5097 994 5158 ⁷)
1035 5095 1213 5149 lumen
1249 5094 1544 5165 diffinitatis
1581 5090 1638 5147 C.
1687 5123 1751 5132 —
1791 5092 1834 5156 ⁸)
1873 5099 1924 5148 et
1965 5111 2061 5150 nee
2090 5114 2191 5167 per

2276 3998 2356 4035 me
2380 3980 2441 4035 1..
2472 4012 2541 4021 —
2565 3982 2611 4047 ⁹)
2638 3989 2781 4041 totus
2803 3992 2878 4041 est
2904 3984 2962 4041 C.
2996 4014 3061 4024 —
3096 3984 3164 4048 ¹⁰)
3191 3985 3339 4040 male
3377 3988 3434 4039 et
3460 3981 3694 4039 confuse
3715 3977 3769 4034 Η

2277 4064 2505 4122 iterum:
2547 4074 2598 4123 et
2633 4070 2754 4125 ideo
2778 4087 2887 4125 non
2916 4076 3084 4142 potest
3119 4072 3304 4126 dividi
3344 4087 3605 4131 sermone.
3643 4070 3773 4123 sieut

2274 4152 2429 4207 homo
2465 4154 2650 4209 dividi
2677 4161 2872 4226 potest,
2909 4158 3170 4228 quoniam
3204 4154 3349 4210 Deus
3385 4162 3558 4211 totum
3593 4161 3693 4218 est,
3727 4159 3771 4209 ά

2274 4255 2383 4294 non
2424 4239 2609 4302 alius,
2649 4256 2716 4294 ac
2751 4242 2972 4296 idcirco.
3014 4270 3074 4281 —
3118 4240 3184 4304 ¹¹)
3222 4240 3400 4296 Exod.
3447 4240 3553 4302 ΙΙΙ.
3603 4241 3685 4294 ¹⁴.
3712 4267 3773 4278 -

2276 4324 2343 4384 ¹2)
2387 4323 2544 4389 Quae
2587 4325 2776 4387 verba,
2821 4326 2967 4380 unde
3008 4331 3189 4380 totum
3230 4330 3631 4394 argumentum
3663 4339 3774 4395 por·

2276 4426 2339 4463 ro
2389 4410 2785 4480 explicandum
2834 4410 3359 4474 circumscribitur,
3408 4411 3532 4467 fuse
3570 4409 3775 4467 evolvit

2279 4494 2643 4563 Hildegardis
2667 4495 2723 4551 in
2743 4497 2960 4553 Scivias
2983 4497 3079 4553 lib.
3105 4497 3211 4562 ΙΙΙ,
3229 4497 3333 4553 vis.
3352 4498 3483 4559 vu.
3503 4515 3565 4562 n,
3583 4501 3771 4562 7,8,⁹,

2280 4597 2343 4636 ac
2373 4588 2525 4636 totus
2554 4583 2708 4637 locus
2733 4582 2787 4635 in
2822 4582 3017 4637 codice
3045 4583 3423 4637 Laurentiano
3449 4584 3641 4639 eadem
3672 4598 3775 4638 ma·

2280 4681 2355 4722 nu
2383 4666 2534 4722 docti
2577 4675 2631 4722 et
2669 4667 2965 4736 diligentis
3004 4668 3297 4738 cujusdam
3331 4668 3436 4723 viri
3466 4685 3611 4724 saec.
3642 4665 3773 4723 xm

2281 4752 2554 4823 epistolae
2596 4760 2818 4807 nostrae
2857 4752 3185 4823 subjicitur:
3231 4752 3285 4806 id
3311 4753 3459 4822 quod
3503 4751 3649 4820 sugit
3690 4752 3776 4805 do-

2281 4844 2436 4893 ctum
2462 4837 2825 4899 Bandinium,
2848 4837 2939 4892 cui
2969 4836 3142 4891 etiam
3167 4853 3306 4890 nova
3330 4846 3383 4894 ct
3416 4837 3630 4894 inedita
3659 4852 3774 4892 eva·

2281 4923 2357 4978 sit
2383 4923 2643 4992 epistola.
2677 4952 2736 4961 —
2768 4922 2832 4982 ¹³)
2859 4929 2909 4978 et
2949 4927 3001 4978 si
3022 4931 3281 4995 punctum
3316 4942 3367 4980 υ.
3399 4926 3453 4980 lt.
3484 4941 3540 4979 a.
3571 4922 3770 4979 circulo

2278 5024 2390 5065 om.
2418 5007 2492 5064 Η.
2522 5008 2667 5063 idem
2698 5022 2823 5062 mox
2854 5007 3023 5062 hahet
3050 5025 3354 5082 negata.—
3377 5010 3444 5077 Η)
3470 5015 3519 5067 et
3547 5009 3694 5082 quod
3717 5009 3772 5061 in

2281 5096 2393 5156 Deo
2420 5102 2516 5158 est,
2546 5095 2693 5150 Deus
2716 5101 2791 5149 est
2816 5108 2927 5150 om.
2961 5093 3020 5149 1..
3052 5124 3118 5134 —
