4036 6117
735 415 822 476 26
1891 428 1944 474 s.
1995 427 2553 477 HILDEGARDIS

659 548 779 621 xit,
814 549 882 606 et
914 545 1072 621 quia
1103 543 1407 619 angelica
1437 543 1774 618 praesidia
1807 543 2061 604 homini
2095 543 2331 605 adesse
2363 544 2745 617 destinavit,
2781 548 2849 605 et
2883 544 3005 605 hoc
3040 547 3176 605 tam
3211 544 3278 605 iu
3310 545 3523 606 veteri
3555 552 3752 622 quain

659 654 727 713 in
772 667 942 711 novo
985 649 1407 709 Testamento
1444 647 1622 721 fecit,
1659 647 1775 708 sed
1811 650 2032 709 tamen
2066 648 2318 725 majore
2352 649 2710 709 dilectione
2747 649 2813 709 in
2847 666 3018 709 novo
3054 665 3255 726 quam
3292 649 3360 711 in
3393 648 3606 710 veteri
3636 650 3757 710 Te·-

654 759 1008 828 stament0,
1059 768 1178 813 eos
1225 752 1661 813 consociavit.
1712 753 1878 813 Nam
1926 755 2208 828 angelus
2246 753 2310 812 in
2344 754 2557 813 veteri
2593 754 3018 814 Testamento
3052 754 3238 813 velut
3270 770 3400 814 vox
3432 753 3511 813 ad
3547 752 3758 814 homi·

660 874 808 919 nem
842 863 1011 933 erat,
1050 857 1117 916 in
1148 873 1319 917 novo
1353 861 1575 917 autem
1611 854 1863 918 homini
1900 856 1992 917 ita
2026 857 2424 933 conjunctus
2457 862 2586 933 est,
2622 862 2697 917 ut
2728 874 2857 918 vox
2889 856 3105 917 Verbo
3139 856 3582 934 conjungitur.

2129 1062 2296 1126 XLI.

1746 1273 1940 1335 Beati
1986 1274 2265 1351 spiritus
2311 1276 2683 1334 unanimes.

745 1483 852 1546 54.
903 1480 1086 1553 Quod
1136 1481 1357 1539 autem
1409 1480 1475 1539 in
1523 1477 1650 1539 hac
1699 1477 1891 1553 ignea
1939 1477 2114 1537 nube
2160 1479 2395 1538 vivens
2446 1477 2640 1553 ignea
2686 1475 3044 1539 multitudo
3093 1480 3220 1554 est,
3270 1471 3384 1555 qui
3417 1488 3650 1541 omnes
3685 1474 3752 1542 in

658 1602 793 1647 una
822 1586 1164 1653 voluntate
1199 1584 1266 1643 et
1298 1583 1365 1643 in
1396 1598 1527 1642 una
1562 1581 2024 1657 conjunctione
2058 1582 2194 1641 vita
2227 1597 2358 1640 una
2391 1584 2568 1657 sunt,
2604 1581 2733 1641 hoc
2764 1585 2890 1658 est,
2913 1581 3104 1663 ,quod
3138 1582 3207 1641 in
3237 1583 3511 1644 ardente
3536 1584 3751 1661 gloria

652 1697 721 1751 et
768 1691 1019 1750 honore
1068 1687 1301 1746 vivens
1334 1684 1675 1747 et·ardens
1706 1683 2041 1744 exercitus
2077 1684 2424 1744 beatorum
2460 1686 2819 1760 spirituum
2854 1688 2979 1759 est3
3017 1701 3303 1761 quorum
3337 1687 3553 1763 gloria
3587 1687 3752 1750 inef-

653 1793 875 1855 fabilis
922 1793 1046 1865 est,
1097 1805 1381 1865 quorum
1430 1789 1632 1849 etiam
1680 1797 2002 1847 numerus
2054 1788 2558 1849 innumerabilis
2605 1792 2733 1865 est,
2785 1790 2878 1849 ita
2920 1789 3097 1867 quod
3132 1805 3482 1853 numerum
3514 1807 3746 1852 eorum

648 1913 842 1958 nemo
892 1895 1043 1969 scit,
1093 1893 1225 1955 nisi
1274 1891 1451 1968 quod
1500 1892 1781 1952 scientia
1827 1890 1944 1951 Dei
1993 1907 2110 1951 eos
2158 1891 2364 1952 novit.
2396 1893 2478 1952 Et
2520 1893 2743 1953 omnia
2776 1908 2949 1970 quae
2981 1892 3159 1953 Deus
3191 1894 3337 1954 vult
3367 1900 3436 1954 et
3469 1894 3600 1972 ipsi
3631 1910 3749 1956 vo-

653 2003 819 2073 lunt,
868 2004 936 2060 et
984 1998 1084 2057 sic
1134 1997 1199 2056 in
1251 2013 1452 2059 unum
1501 1996 1628 2056 sibi
1678 1994 2016 2070 conjuncti
2068 1998 2244 2071 sunt,
2295 1997 2483 2056 velut
2530 2012 2777 2071 corpus
2825 1996 3003 2073 quod
3043 2014 3175 2056 non
3206 1997 3551 2074 dividitur;
3586 2015 3743 2059 nam

646 2103 956 2182 quamvis
1005 2101 1304 2175 singulas
1355 2098 1563 2159 facies
1612 2097 1923 2173 habeant,
1974 2101 2198 2159 tamen
2247 2098 2314 2159 in
2363 2116 2492 2159 una
2540 2099 3004 2183 conjunctione
3053 2100 3514 2161 unanimitatis
3560 2108 3741 2178 sunt,

646 2215 719 2269 ut
766 2222 1030 2281 corpuS‚
1082 2203 1260 2279 quod
1309 2202 1571 2278 singula
1618 2201 1919 2261 membra
1961 2200 2240 2277 habene,
2278 2218 2479 2263 unum
2515 2209 2739 2263 tamen
2771 2217 3014 2279 corpus
3046 2206 3176 2280 est;
3208 2206 3276 2265 et
3308 2203 3407 2265 sic
3439 2205 3576 2266 vita
3611 2221 3745 2267 una

641 2314 708 2371 in
742 2309 1179 2371 unanimitate
1216 2307 1389 2365 sunt.
2094 2397 2160 2471 X

2163 2410 2291 2472 LII.

1458 2607 1633 2677 Deus
1675 2634 1801 2694 per
1848 2617 2113 2694 angelos
2162 2633 2308 2676 suos
2356 2619 2652 2679 homines
2696 2620 2919 2697 punit.

721 2824 827 2893 55.
854 2827 933 2888 Et
958 2836 1185 2889 coram
1221 2820 1387 2899 ipsis
1422 2821 1672 2898 tabula,
1710 2823 1944 2898 pennis
1979 2823 2270 2900 undique
2305 2825 2521 2901 plena,
2558 2828 2662 2885 est
2695 2840 3011 2901 expansa,
3047 2840 3217 2903 quae
3254 2826 3322 2888 in
3351 2827 3736 2904 praeceptis

634 2934 750 2995 Dei
800 2931 1005 3004 volat3
1054 2944 1205 2989 cum
1257 2928 1403 3001 ipsa
1436 2930 1793 3001 praecepta
1826 2927 1944 2987 Dei
1978 2929 2265 3001 elevant,
2301 2928 2614 3004 quoniam
2650 2935 2803 2989 ante
2835 2946 2948 2989 eos
2984 2932 3315 2990 secretum
3350 2930 3596 2992 divinis
3625 2932 3738 3008 jn·

629 3037 827 3100 diciis
874 3034 1140 3112 plenum
1190 3037 1315 3091 est.
1366 3030 1549 3103 Quod
1599 3033 1665 3093 et
1698 3031 2063 3093 secundum
2098 3033 2510 3093 voluntatem
2543 3031 2659 3093 Dei
2694 3032 3190 3110 manifestatur,
3226 3049 3378 3096 cum
3409 3035 3731 3097 voluntas

623 3141 740 3200 Dei
792 3139 954 3215 illud
1002 3135 1436 3202 manifestare
1484 3134 1794 3209 voluerit;
1849 3135 1915 3194 in
1963 3152 2097 3212 qua
2146 3137 2429 3197 scientia
2460 3135 2577 3196 Dei
2611 3137 2937 3214 quaedam
2972 3153 3217 3198 arcana
3251 3140 3514 3216 scribit,
3546 3155 3728 3217 quae

623 3242 976 3304 multitudo
1018 3240 1183 3298 haec
1217 3238 1438 3298 studio
1473 3254 1602 3298 uno
1641 3238 1929 3313 inspicit,
1965 3240 2123 3315 quia
2157 3238 2330 3298 Deus
2366 3241 2433 3299 in
2466 3242 2725 3300 secreto
2759 3241 3042 3300 consilio
3078 3257 3200 3301 suo
3235 3243 3367 3301 alia
3400 3244 3730 3304 secretio-

625 3346 1028 3408 ra'consilia
1079 3343 1307 3417 habet,
1360 3359 1529 3418 quae
1578 3342 1756 3402 beati
1806 3344 2086 3417 spiritus
2138 3343 2633 3403 studiosissime
2682 3344 3050 3405 attendunt.
3101 3345 3263 3405 Nam
3314 3347 3516 3406 etiam
3565 3362 3724 3407 cum

621 3452 799 3510 Deus
831 3448 1135 3507 homines
1172 3445 1348 3504 idola
1379 3447 1675 3506 colentes
1708 3452 1774 3505 et
1808 3447 1978 3506 alios
2013 3448 2222 3522 legem
2261 3463 2450 3506 suam
2486 3448 3028 3521 praevaricantes
3066 3449 3331 3524 viderit,
3367 3466 3488 3525 per
3520 3451 3721 3526 ignea

616 3554 868 3631 judicia
919 3565 1357 3624 supernorum
1408 3549 1679 3622 civium,
1733 3549 1799 3608 in
1841 3566 2068 3610 amore
2111 3550 2255 3627 ejus
2291 3551 2690 3627 ardentium,
2726 3567 2978 3628 pennas
3012 3556 3362 3613 ventorum
3399 3556 3728 3628 saepissi-

622 3674 726 3718 me
776 3655 1044 3728 excitat,
1095 3668 1175 3711 ac
1225 3652 1490 3726 fulgura
1538 3654 1606 3711 et
1653 3653 1945 3713 tonitrua
1995 3654 2061 3713 in
2111 3659 2358 3714 terram
2408 3655 2633 3730 mittit,
2670 3670 2750 3714 ac
2799 3654 2972 3715 fame
3005 3659 3073 3716 et
3102 3657 3487 3732 pestilentia
3519 3664 3585 3718 et
3621 3659 3725 3718 in-

618 3759 933 3821 cursibus
979 3756 1307 3819 bellorum
1355 3757 1638 3832 populos
1685 3758 1916 3830 terret,
1966 3763 2036 3818 et
2084 3759 2184 3820 sic
2232 3760 2439 3819 totam
2489 3762 2737 3819 terram
2788 3759 2855 3818 in
2887 3765 3213 3822 terrorem
3248 3762 3720 3823 commotionis

619 3864 827 3924 ducit.

1970 3976 1974 3980 ⁴
2046 3961 2273 4027 XLIII.

1489 4166 1751 4236 Laudes
1798 4173 2186 4251 anyelorum
2232 4175 2303 4234 in
2342 4170 2615 4249 judiciis
2666 4174 2808 4238 Dei.

696 4381 801 4444 56.
853 4378 977 4442 Sed
1027 4395 1177 4440 cum
1227 4381 1446 4455 angeli
1493 4380 1724 4441 eadem
1776 4379 2031 4455 scripta
2081 4380 2465 4456 inspiciunt,
2516 4383 2736 4442 virtus
2777 4381 2896 4443 Dei
2933 4383 3098 4458 ipsis
3132 4384 3270 4460 dat,
3306 4381 3483 4462 quod
3513 4386 3706 4458 velut

611 4489 982 4552 fortissima
1015 4484 1196 4559 tuba,
1235 4485 1301 4543 in
1334 4485 1510 4544 omni
1546 4500 1787 4560 genere
1823 4485 2258 4558 musicorum,
2296 4502 2424 4544 uno
2460 4501 2621 4545 sono
2658 4491 2995 4562 resonant3
3033 4490 3348 4565 quoniam
3382 4506 3533 4551 cum
3567 4491 3700 4567 ipsi

606 4595 1019 4653 voluntatem
1046 4589 1163 4647 Dei
1190 4588 1641 4662 considerant,
1677 4604 1717 4648 a
1748 4588 1999 4647 virtute
2035 4588 2234 4648 etiam
2263 4588 2380 4647 Dei
2405 4590 2763 4666 accipiunt,
2800 4592 2975 4668 quod
2997 4593 3077 4654 in
3114 4592 3499 4655 fortitudine
3529 4597 3597 4656 et
3629 4595 3700 4657 in

605 4695 1013 4773 plenitudine
1061 4693 1355 4751 omnium
1405 4692 1801 4766 gaudiorum
1850 4692 2255 4752 unanimiter
2303 4693 2535 4752 laudes
2567 4693 2700 4756 Deo
2737 4695 3053 4756 referunt.
3089 4698 3253 4759 Nam
3290 4699 3358 4759 in
3387 4699 3698 4761 omnibus

596 4799 870 4877 jndiciis
917 4797 1033 4856 Dei
1083 4796 1249 4855 nihil
1298 4794 1478 4855 aliud
1527 4808 1726 4871 quam
1778 4794 2010 4854 laudes
2059 4794 2191 4855 Deo
2233 4795 2480 4857 dicunt.
2519 4797 2684 4868 Quia
2717 4799 2940 4859 omnia
2965 4800 3219 4876 judicia
3252 4802 3398 4862 eius
3430 4818 3594 4865 vera
3624 4809 3694 4865 et

592 4905 774 4980 iusta
810 4906 986 4972 sunt,
1024 4900 1208 4959 velut
1241 4899 1443 4959 etiam
1475 4898 1759 4959 Joannes
1797 4899 1862 4958 in
1894 4897 2295 4976 Apocalypsi
2331 4917 2453 4961 sua
2486 4901 2768 4977 audivit,
2805 4909 2879 4963 ut
2912 4904 3238 4978 scriptum
3271 4911 3378 4966 est
3409 4900 3478 4984 ¹).

672 5071 714 5138 ¹)
740 5071 912 5142 Apoc.
946 5067 1104 5131 XVI,
1136 5072 1185 5122 7.
