4036 6117
692 485 822 544 254
1847 498 1901 543 s.
1950 498 2487 545 mnnssGAnms

713 627 892 686 Tunc
942 625 1252 699 Herodes,
1287 624 1517 683 videns
1569 621 2001 697 intelligendo
2034 626 2192 700 quia
2238 624 2480 683 illusus
2514 629 2707 697 esset,
2762 622 2827 681 id
2860 628 2966 683 est
3007 621 3353 698 decethS,
3404 641 3443 681 α
3478 622 3703 700 Mevia,

615 729 876 789 scilicet
923 729 1006 788 de
1054 728 1540 788 illuminatione
1596 727 1840 786 mentis
1892 728 2113 802 illiuS,
2176 731 2391 786 iratus
2449 733 2546 786 est
2595 728 2822 801 valde,
2885 728 2948 787 id
2997 734 3102 788 est
3151 729 3573 804 perterritus
3631 728 3704 787 Ee

612 835 885 892 mittens
942 848 1015 892 se
1063 831 1511 891 convertendo
1562 829 1644 889 ad
1693 829 1889 904 aliOS,
1942 831 2100 906 quia
2151 847 2303 889 cum
2354 832 2543 890 illum
2592 830 2860 889 vincere
2909 847 3041 891 non
3080 837 3303 908 potest
3377 846 3450 889 se
3508 829 3703 887 vertit

616 936 699 996 ad
757 937 950 1011 aliOS,
1011 937 1243 998 occidit
1303 935 1695 1009 decipiendo
1752 953 1977 993 omnes
2028 953 2303 1011 pueros,
2365 935 2627 994 scilicet
2683 935 3011 1010 quosdam
3067 936 3310 1009 bonos,
3370 934 3693 1011 quosdam

616 1041 789 1118 piOS,
820 1046 887 1101 et
912 1039 1236 1117 quosdam
1264 1044 1513 1113 castOS,
1543 1041 1656 1116 qui
1683 1044 1874 1097 erant
1910 1041 1982 1097 in
2017 1040 2425 1125 Bethlehem,
2464 1038 2724 1097 scilicet
2760 1039 2822 1096 in
2851 1039 3273 1113 rectitudine,
3302 1045 3366 1097 et
3398 1041 3471 1097 in
3504 1039 3707 1095 omni-

616 1144 731 1205 bus
763 1144 1002 1225 finibus
1036 1142 1199 1219 ejus,
1251 1143 1566 1203 videlicet
1598 1142 1790 1203 bonis
1833 1143 2175 1219 operibus,
2212 1162 2252 1202 a
2299 1141 2570 1216 bimatu,
2610 1142 2673 1200 id
2707 1148 2813 1202 est
2865 1143 2931 1201 in
2955 1142 3236 1202 scientia
3270 1142 3426 1202 boni
3474 1145 3542 1200 et
3574 1155 3706 1198 ma-

617 1251 689 1326 li,
741 1258 803 1310 et
835 1253 1042 1329 infra,
1095 1250 1255 1326 quia
1292 1248 1638 1325 simplices
1671 1248 1863 1306 erant
1908 1253 1975 1306 et
2012 1247 2284 1321 incauti,
2322 1252 2396 1305 ut
2430 1247 2754 1321 scriptum
2798 1252 2921 1306 est:
2962 1264 2994 1305 ε
3033 1245 3196 1307 Sunt
3228 1246 3378 1305 viae
3410 1259 3582 1321 quae
3610 1244 3707 1302 vi-

618 1354 862 1414 dentur
887 1353 1269 1414 hominibus
1297 1356 1548 1423 rectae,
1583 1371 1614 1409 n
1643 1347 1688 1433 ¹)
1725 1353 2093 1413 secundum
2125 1358 2385 1430 tempus
2410 1354 2583 1430 quod
2615 1355 3027 1430 exquisierat
3061 1371 3102 1411 a
3137 1354 3365 1429 Μαρίε,
3394 1350 3705 1429 quoniam

619 1475 772 1520 cum
806 1458 1170 1519 secundum
1222 1458 1777 1518 illuminationem
1826 1457 2072 1515 mentis
2107 1473 2267 1516 suae
2316 1458 2529 1517 multa
2559 1460 2628 1518 et
2661 1473 2899 1533 magna
2949 1458 3226 1532 peccata
3267 1472 3399 1516 non
3433 1453 3700 1524 faciunt,

617 1569 855 1641 putant
889 1580 961 1624 sc
986 1563 1257 1640 quidam
1290 1560 1342 1643 ²)
1373 1565 1645 1623 sanctos
1681 1577 1854 1636 esse,
1883 1567 1953 1621 et
1978 1562 2108 1621 sibi
2137 1562 2309 1621 alios
2343 1563 2599 1622 similes
2634 1579 2764 1622 non
2792 1562 3173 1637 convenire,
3209 1567 3276 1620 et
3301 1561 3393 1635 pii
3422 1560 3709 1619 immites

631 1670 973 1743 spernunt,
1008 1662 1058 1748 ³)
1095 1673 1162 1727 et
1195 1668 1366 1727 casti
1415 1667 1497 1726 de
1532 1666 1849 1726 castitate
1883 1682 2006 1725 sua
2042 1665 2326 1741 gloriam
2355 1666 2420 1724 in
2453 1667 2748 1726 vanitate
2782 1668 3131 1742 quaerunt.
3175 1667 3358 1726 Tunc
3393 1664 3711 1740 adimple·-

617 1780 763 1832 tum
796 1776 894 1832 est
943 1772 1115 1851 quod
1146 1772 1398 1831 dictum
1446 1777 1538 1830 est
1568 1789 1695 1848 per
1743 1770 2105 1830 Jeremiam
2132 1773 2525 1846 prophetam
2572 1770 2926 1844 dicentem,
2968 1768 3229 1830 scilicet
3275 1768 3454 1844 quod
3488 1784 3526 1826 a
3574 1766 3703 1826 Deo

619 1876 874 1936 dictum
912 1881 1018 1935 est
1053 1876 1120 1934 in
1167 1874 1630 1934 exhortatione
1679 1873 1967 1949 Spiritus
2017 1873 2265 1947 Sancti,
2325 1874 2483 1949 quia
2529 1875 2757 1934 nullus
2807 1877 2987 1934 stare
3036 1873 3254 1949 possit
3303 1873 3419 1948 qui
3465 1887 3588 1947 per
3632 1887 3705 1931 se

618 1984 798 2038 stare
850 1978 1014 2053 vult,
1052 1977 1170 2038 sed
1221 1978 1332 2037 ille
1382 1978 1589 2037 stabit
1639 1993 1836 2053 quem
1869 1976 2047 2036 Deus
2097 1980 2455 2051 sustentat,
2492 1978 2811 2053 quoniam
2845 1978 2989 2053 ipse
3038 1977 3319 2037 baculus
3363 1976 3548 2035 illius
3580 1981 3702 2034 est.

719 2082 849 2143 Vox
898 2083 1326 2142 miseriarum
1373 2084 1446 2142 in
1481 2084 1716 2155 Rama,
1777 2080 1841 2140 id
1898 2085 2004 2140 est
2055 2097 2349 2157 sursum,
2400 2082 2635 2141 audita
2680 2089 2802 2156 est,
2862 2080 2976 2141 ubi
3036 2080 3352 2156 superbia
3404 2081 3717 2139 innocen-

615 2189 781 2249 tiam
820 2187 1255 2264 percutiendo
1303 2186 1656 2261 depressit;
1688 2187 2016 2263 ploratus»,
2070 2186 2332 2244 scilicet
2365 2202 2710 2262 pressura,
2762 2191 2828 2245 et
2863 2186 3164 2245 ululatus
3212 2185 3492 2257 multus,
3530 2183 3711 2242 vide-

618 2290 778 2351 licet
825 2290 1127 2365 tristitia;
1166 2290 1433 2364 Rachel,
1489 2289 1552 2348 id
1586 2293 1692 2350 est
1723 2289 2075 2364 sanctitaS,
2121 2291 2420 2367 plorans,
2458 2291 2771 2365 quoniam
2822 2290 3000 2349 oculi
3035 2289 3359 2348 scientiae
3406 2288 3556 2365 ejus
3598 2288 3705 2346 sse-

619 2400 732 2455 tus
759 2393 1199 2468 adducebant,
1234 2395 1399 2473 filios
1435 2411 1603 2468 suos,
1640 2394 1799 2469 quia
1831 2409 1946 2453 eos
1979 2393 2384 2469 perdiderat;
2423 2396 2514 2454 ita
2550 2398 2622 2456 ut
2655 2395 2795 2469 filii,
2833 2394 2949 2471 qui
2983 2393 3463 2454 haereditatem
3497 2393 3711 2469 possi·-

619 2498 778 2558 dere
818 2497 1170 2571 debebant,
1207 2496 1688 2557 exhaereditati
1741 2502 1915 2556 sunt:
1952 2496 2071 2556 sed
2107 2496 2422 2556 innocens
2456 2499 2683 2573 Agnus
2717 2513 2836 2556 eos
2870 2497 2938 2556 in
2973 2496 3296 2572 sanguine
3331 2511 3454 2554 suo
3488 2494 3709 2569 requi-

620 2603 798 2664 sivit.
836 2603 917 2663 Et
950 2602 1165 2663 noluit
1201 2602 1547 2676 consolari,
1586 2601 1899 2678 quoniam
1950 2617 2104 2661 cum
2136 2600 2441 2661 homines
2474 2607 2629 2678 post
2662 2618 2897 2661 casum
2930 2602 2996 2661 in
3043 2600 3456 2677 poenitentia
3490 2614 3710 2658 resur-

624 2711 811 2781 gunt,
864 2706 1188 2764 sanctitas
1236 2721 1351 2765 eos
1402 2705 1469 2764 in
1503 2704 1868 2781 majoribus
1918 2705 2265 2764 laboribus
2316 2705 2397 2764 ad
2447 2705 2654 2764 vitam
2706 2704 2985 2779 reducit;
3036 2707 3193 2782 quia
3235 2722 3367 2762 non
3417 2709 3595 2777 sunt,
3645 2703 3710 2760 in

625 2809 963 2869 oblivione
1012 2814 1164 2869 ante
1211 2808 1450 2883 Deum,
1505 2810 1571 2868 in
1618 2809 2029 2885 poenitentia
2077 2815 2464 2884 resurgent,
2517 2808 2829 2885 quamvis
2877 2809 3200 2869 sanctitas
3248 2824 3366 2869 eos
3418 2808 3484 2867 in
3533 2813 3711 2867 recta

626 2913 1003 2975 innocentia
1039 2911 1274 2972 amodo
1309 2912 1607 2971 invenire
1641 2928 1770 2972 non
1803 2910 2042 2987 possit,
2079 2917 2154 2970 ut
2185 2914 2374 2987 prius
2412 2913 2796 2971 innocentes
2831 2914 3040 2972 erant.

2101 3275 2245 3382 V.

1908 3517 1990 3574 In
2039 3516 2432 3592 Epiphania.

2149 3725 2195 3782 Ι.

720 3933 881 3997 Cum
915 3939 1113 3993 natus
1148 3939 1315 3993 esset
1351 3931 1541 3994 Jesus
1574 3927 1648 4005 ⁴),
1688 3930 1750 3990 id
1785 3934 1890 3992 est
1937 3946 2091 3989 cum
2124 3931 2410 3990 Verbum
2462 3931 2705 4006 PatriS,
2752 3947 2872 4007 per
2920 3929 3098 4007 quod
3135 3927 3355 3990 omnia
3391 3929 3616 3987 creata
3648 3917 3713 3983 et

625 4038 913 4099 liberata
946 4043 1124 4112 sunt,
1177 4041 1523 4096 creaturas
1558 4034 1846 4094 creando
1895 4036 2405 4109 praecessisset,
2457 4036 2551 4094 ita
2588 4038 2660 4096 ut
2691 4050 2812 4111 per
2860 4036 3074 4110 ipsum
3111 4037 3399 4109 quatuor
3430 4032 3711 4090 elemen-

568 4165 576 4170 ·
627 4148 718 4217 ta,
758 4142 825 4201 in
855 4141 1101 4219 quibus
1134 4156 1389 4217 pascua
1420 4145 1525 4200 est
1571 4140 1790 4199 omnis
1835 4129 2208 4213 creaturae,
2261 4154 2431 4214 quae
2464 4137 2670 4198 Deum
2721 4138 3097 4212 confitetur,
3150 4142 3376 4196 creata
3428 4141 3603 4195 sunt:
3640 4136 3707 4192 in

624 4245 851 4305 diebus
899 4246 1175 4306 Herodis
1223 4248 1419 4323 reqis,
1471 4244 1733 4304 scilicet
1782 4245 1848 4303 in
1882 4248 2036 4304 ortu
2086 4244 2223 4318 illo,
2262 4259 2412 4302 cum
2462 4243 2664 4303 etiam
2698 4243 3040 4317 Diabolus,
3093 4241 3208 4318 qui
3244 4257 3317 4300 se
3353 4241 3574 4316 ipsum
3617 4255 3713 4297 re-

626 4364 786 4424 gere
818 4355 886 4409 et
933 4351 1345 4410 voluntatem
1397 4365 1586 4409 suam
1622 4348 1987 4424 adimplere
2022 4348 2314 4422 volebat,
2351 4353 2620 4407 creatus
2652 4350 2775 4407 est:
2812 4366 2955 4407 ecce
2992 4347 3184 4423 Maqi,
3223 4345 3287 4404 id
3321 4346 3427 4403 est
3473 4341 3709 4421 pagani

627 4456 698 4514 et
740 4453 995 4529 Judaei,
1033 4455 1149 4530 qui
1197 4455 1655 4515 sciscitatores
1706 4469 1927 4513 rerum
1966 4453 2029 4511 in
2081 4452 2363 4512 scientia
2398 4452 2553 4512 boni
2587 4458 2653 4511 et
2687 4452 2847 4511 mali
2880 4458 3094 4525 erant,
3131 4450 3207 4510 ab
3258 4452 3554 4524 Oriente,
3593 4449 3713 4507 hoc

628 4563 736 4617 est
783 4575 822 4616 a
853 4557 987 4617 Deo
1035 4558 1245 4618 creati
1293 4564 1361 4618 et
1409 4559 1716 4634 emirati,
1770 4557 2085 4634 quoniam
2134 4556 2352 4616 omnis
2405 4556 2737 4634 sapientia
2770 4573 2809 4616 a
2855 4554 3135 4616 Domino
3169 4554 3306 4615 Deo
3355 4561 3481 4629 est3
3525 4573 3712 4613 vene-

629 4666 793 4722 runt
828 4676 949 4737 per
995 4661 1496 4738 inquisitionem
1530 4663 2079 4741 Hierosolymam:
2133 4662 2224 4721 ibi
2258 4660 2572 4721 videlicet
2604 4661 2719 4721 ubi
2754 4661 3057 4721 homines
3092 4660 3501 4734 habitacula,
3539 4661 3717 4737 quie-

630 4770 791 4839 tem,
842 4765 1266 4841 disciplinam
1301 4768 1368 4826 et
1400 4768 1613 4842 legem
1664 4766 1790 4826 sibi
1843 4766 2208 4826 secundum
2257 4765 2449 4825 fidem
2487 4780 2676 4824 suam
2714 4763 3033 4840 fecerant,
3084 4765 3405 4825 dicentes.-
3449 4762 3562 4823 Ubi
3595 4770 3709 4837 est,

630 4870 894 4931 scilicet
940 4887 1072 4946 qua
1105 4871 1250 4946 lege
1298 4871 1617 4931 colendus
1658 4874 1784 4946 est,
1819 4874 1934 4949 qui
1980 4879 2179 4930 natus
2215 4876 2309 4928 est
2348 4876 2501 4929 ante
2549 4876 2855 4946 tempora
2886 4876 2953 4930 et
2987 4876 3140 4930 ante
3188 4875 3560 4943 creaturas,
3598 4886 3713 4926 rex

627 4975 1060 5051 Judaeorum,
1095 4977 1408 5038 videlicet
1443 4976 1736 5036 omnium
1787 4993 1858 5036 se
1907 4975 2402 5036 confitentium?
2456 4976 2750 5036 Vidimus
2799 4979 2979 5036 enim
3028 4977 3094 5035 in
3140 4975 3353 5035 oculis
3399 4975 3715 5035 scientiae

710 5183 751 5252 Ι)
780 5183 940 5240 Prov.
975 5183 1131 5249 XIV,
1167 5189 1246 5240 12.
1281 5217 1347 5226 -
1372 5186 1415 5252 ²)
1446 5184 1574 5241 fort.
1607 5186 1837 5256 quidem.
1875 5218 1930 5225 ——
1964 5184 2008 5249 ³)
2037 5186 2191 5242 locus
2222 5183 2307 5240 via
2337 5183 2609 5242 sincerus.
2651 5217 2706 5224 -
2737 5183 2779 5252 ⁴)
2804 5183 3009 5242 Matth.
3044 5182 3119 5248 11,
3154 5189 3178 5238 1
3207 5214 3229 5223 -
3260 5186 3341 5239 12.
