4036 6117
682 485 816 548 132
1840 505 1891 552 s.
1955 505 2514 552 u1LnEcAnn1s

617 636 935 696 invidiam
983 643 1050 695 et
1082 636 1308 696 odium
1357 637 1487 698 sibi
1520 643 1982 714 suggerentes»,
2034 644 2101 698 et
2135 654 2383 713 poenas
2434 639 2597 698 istas
2631 637 2934 700 devitare
2977 637 3333 712 voluerint,
3386 638 3609 699 cilicio
3642 641 3711 697 et

614 740 900 815 flagellis
935 756 1007 800 se
1041 742 1395 817 castigent,
1431 758 1509 801 ac
1542 757 1755 817 genua
1806 760 1928 802 sua
1963 743 2046 802 ad
2094 743 2302 802 Deum
2339 743 2675 816 inclinent,
2728 742 3043 817 quoniam
3086 741 3332 801 multos
3386 741 3714 801 invidiose

614 846 1073 921 irritaverunt,
1109 852 1177 907 et
1210 847 1526 925 quoniam
1560 847 1806 907 multos
1841 863 1960 923 per
1996 847 2316 907 invidiam
2351 852 2418 906 et
2452 847 2677 906 odium
2711 846 3275 922 prosperitatibus
3302 848 3447 906 suis
3476 845 3717 920 despo-

616 951 971 1012 liaverunt.

2103 1163 2233 1223 LII.

1783 1372 1875 1431 De
1919 1378 2188 1449 peccato
2234 1372 2548 1432 invidiae.

713 1581 817 1641 65.
867 1581 1081 1642 Invidi
1128 1598 1414 1658 namque
1449 1582 1696 1642 bonum
1743 1581 1919 1656 quod
1956 1581 2025 1640 in
2057 1581 2208 1641 aliis
2257 1581 2489 1642 vident
2519 1584 2587 1642 et
2619 1583 2863 1657 sciunt,
2902 1598 3033 1641 non
3077 1588 3326 1656 amant,
3363 1597 3485 1640 nec
3518 1579 3721 1640 confl-

621 1690 866 1760 tentur,
905 1686 1023 1746 sed
1073 1686 1248 1747 facta
1282 1703 1404 1747 sua
1453 1687 1519 1746 in
1554 1686 1772 1761 planis
1813 1691 1880 1744 et
1915 1685 2123 1745 rectis
2171 1685 2301 1745 viis
2334 1702 2654 1760 prospere
2704 1687 3011 1746 incedere
3056 1688 3499 1763 proclamant;
3541 1685 3716 1745 unde

617 1788 793 1848 Deus
844 1789 1081 1849 cadere
1113 1806 1230 1849 eos
1264 1790 1617 1866 permittit,
1669 1790 1828 1866 quia
1863 1790 1930 1848 in
1963 1790 2333 1849 stabilitate
2368 1796 2549 1850 stare
2582 1791 2839 1866 nolunt,
2877 1792 3062 1850 velut
3093 1791 3123 1850 J
3132 1791 3325 1851 udaei
3368 1790 3710 1864 nolebant,

621 1893 736 1969 qui
769 1893 946 1969 quod
995 1892 1297 1954 solebant
1330 1895 1754 1970 spernebant,
1805 1899 1873 1953 et
1905 1893 2083 1970 quod
2130 1894 2448 1954 videbant
2496 1895 2920 1971 recusabant,
2972 1902 3040 1956 et
3072 1897 3187 1972 qui
3234 1900 3417 1955 recta
3469 1895 3714 1956 itinera

623 1998 1043 2074 deserebant,
1080 2004 1148 2058 et
1179 2014 1299 2074 per
1333 1999 1583 2075 injusta
1617 1998 2035 2073 incedebant,
2064 2014 2216 2058 cum
2250 1998 2440 2058 illum
2473 2014 2672 2075 quem
2705 2000 2807 2059 eis
2832 1998 2922 2059 'ad
2958 1998 3479 2074 redemptionem
3514 2000 3715 2058 mise-

622 2117 787 2177 ram,
825 2117 905 2161 ne
938 2107 1267 2178 surgeret,
1302 2103 1680 2178 opprimere
1713 2119 1832 2178 per
1861 2103 2200 2162 contraria
2233 2119 2437 2178 opera
2463 2104 2895 2164 conabantur.
2931 2104 3096 2163 Nam
3120 2110 3188 2163 et
3221 2104 3425 2163 solem
3454 2103 3710 2162 doctri-

623 2220 747 2263 nae
798 2205 1022 2263 lucere
1071 2204 1412 2279 videbant,
1462 2210 1531 2265 et
1561 2221 1712 2264 eum
1762 2204 2097 2265 offuscare
2149 2205 2578 2281 festinabant;
2615 2208 2683 2266 et
2731 2206 3067 2266 mirabilia
3115 2205 3263 2282 ejus
3312 2205 3716 2279 sentiebant,

622 2325 794 2384 quae
827 2310 1095 2368 omnino
1129 2324 1250 2384 per
1282 2309 1649 2385 nequitiam
1688 2309 1976 2370 invidiae
2010 2310 2233 2370 delere
2267 2310 2775 2371 contendebant.
2813 2310 3231 2386 Quapropter
3265 2310 3416 2369 illos
3449 2308 3715 2368 destru-

620 2413 708 2487 xi,
745 2417 812 2471 et
844 2413 1029 2472 velut
1075 2413 1421 2486 pulverem
1453 2427 1571 2473 eos
1605 2412 1955 2489 dissipavi,
2007 2414 2323 2490 quoniam
2358 2414 2461 2474 his
2497 2431 2667 2491 quae
2715 2414 3049 2489 viderunt,
3085 2429 3215 2473 non
3257 2411 3713 2485 crediderunt,

624 2518 780 2593 quia
815 2522 998 2577 recto
1042 2517 1293 2593 judicio
1328 2533 1556 2576 coram
1588 2516 1720 2577 Deo
1769 2525 1836 2577 et
1871 2518 2254 2579 hominibus
2302 2519 2519 2593 cadet,
2568 2521 2681 2596 qui
2731 2519 2903 2580 bona
2937 2524 3005 2578 et
3038 2523 3269 2578 sancta
3311 2532 3483 2592 quae
3513 2515 3700 2577 videt

622 2623 689 2677 et
723 2619 931 2693 novit,
968 2617 1220 2678 imitari
1255 2619 1642 2678 contemnit.

2095 2829 2257 2892 LIII.

1635 3038 1902 3100 Invidia
1950 3037 2217 3100 Diabolo
2263 3025 2699 3102 assimilatur.

716 3250 821 3311 66.
871 3249 1130 3310 Invidia
1162 3247 1339 3308 enim
1371 3247 1538 3307 nihil
1570 3246 1725 3306 boni
1763 3247 1945 3322 facit,
1982 3248 2098 3307 sed
2132 3254 2201 3307 et
2235 3249 2424 3310 illum
2459 3248 2777 3309 laedendo
2811 3248 3062 3326 dejicit,
3106 3250 3222 3326 qui
3257 3250 3324 3309 in
3358 3250 3501 3328 ipsa
3536 3256 3723 3312 stare

620 3357 904 3417 videtur.
939 3355 1172 3431 Itaque
1205 3369 1358 3413 cum
1391 3352 1536 3427 ipsa
1569 3351 1796 3413 odium
1833 3353 1963 3412 sibi
1989 3353 2431 3430 conjunxerit,
2461 3370 2690 3415 omnes
2721 3355 2901 3415 vires
2936 3355 3197 3415 animae
3223 3356 3513 3416 hominis
3539 3372 3723 3417 com-

624 3466 868 3536 movet.
919 3460 1128 3518 Homo
1161 3459 1336 3517 enim
1387 3458 1501 3534 qui
1549 3458 1618 3517 ln
1663 3457 2008 3532 nigredine
2043 3458 2331 3517 invidiae
2374 3458 2600 3518 odium
2628 3458 2864 3535 -habet,
2915 3462 3137 3521 calore
3171 3459 3461 3537 Spiritus
3492 3461 3719 3523 Sancti

621 3568 827 3639 caret,
865 3564 931 3622 in
978 3578 1109 3639 quo
1143 3563 1319 3621 laeta
1364 3565 1432 3622 et
1464 3562 1719 3622 infinita
1754 3561 1896 3620 dies
1945 3563 2344 3637 gaudiorum
2383 3570 2508 3624 est.
2561 3564 2890 3624 Gaudium
2933 3571 3156 3625 autem
3209 3566 3387 3626 istud
3437 3565 3713 3626 odiosus

619 3687 752 3730 non
787 3668 1007 3741 habet,
1058 3666 1371 3743 quoniam
1406 3667 1684 3726 utilitati
1730 3666 2018 3725 aliorum
2052 3683 2182 3726 non
2215 3669 2607 3744 congaudet;
2660 3670 2777 3730 sed
2812 3670 2971 3746 quia
3022 3687 3169 3731 earn
3205 3687 3358 3730 cum
3391 3671 3722 3730 acerrimo

576 3844 583 3850 ,
626 3771 777 3832 odio
814 3770 1262 3831 transmordet
1292 3763 1360 3851 ¹),
1397 3776 1829 3847 quapropter,
1868 3770 2147 3830 Diabolo
2183 3773 2625 3849 assimilatur,
2660 3775 2774 3850 qui
2810 3775 2875 3834 in
2909 3775 3123 3850 primo
3159 3778 3309 3836 ortu
3344 3791 3463 3835 suo
3497 3776 3724 3836 odium

625 3878 872 3939 habere
920 3878 1160 3953 coepit,
1198 3875 1372 3935 unde
1419 3877 1625 3935 etiam
1657 3877 1880 3935 omnia
1928 3862 2319 3937 ornamenta
2367 3879 2536 3939 coeli
2573 3879 2890 3955 perdidit,
2944 3880 3101 3956 quia
3134 3896 3254 3955 per
3302 3880 3622 3940 invidiam
3656 3887 3725 3940 et

630 3982 858 4041 odium
889 3979 1022 4041 Deo
1060 3980 1382 4040 resistere
1408 3981 1708 4040 tentavit.
1739 3980 1923 4051 Quod
1958 3981 2074 4056 qui
2098 3980 2232 4040 Deo
2270 3980 2580 4042 famulari
2605 3983 3009 4059 desiderant,
3041 3983 3263 4044 facere
3295 3984 3721 4059 erubescant,

623 4093 690 4146 et
723 4086 888 4146 haec
920 4086 1094 4146 mala
1128 4085 1208 4145 de
1243 4101 1316 4145 se
1347 4086 1707 4163 projiciant
1737 4081 1814 4165 ²),
1852 4101 1975 4145 nec
2008 4088 2355 4160 speculum
2390 4088 2765 4148 animarum
2800 4106 3078 4150 suarum
3125 4106 3246 4166 per
3281 4091 3396 4152 illa
3444 4092 3724 4152 obnubi-

630 4193 786 4252 lent.
839 4190 1018 4250 Haec
1052 4197 1276 4252 autern
1309 4192 1390 4251 de
1424 4191 1905 4267 poenitentium
1938 4191 2292 4251 animabus
2341 4194 2707 4269 purgandis
2742 4198 2809 4253 et
2841 4194 3180 4255 salvandis
3228 4196 3408 4256 dicta
3442 4202 3621 4272 sunt,
3656 4199 3726 4257 et

632 4298 854 4358 fidelia
903 4303 1080 4372 sunt,
1117 4303 1182 4357 et
1217 4297 1429 4357 fidelis
1462 4296 1568 4357 his
1602 4296 1923 4372 attendat,
1960 4302 2029 4356 et
2060 4313 2139 4357 ea
2175 4298 2242 4358 in
2275 4300 2595 4381 memoria
2628 4293 2677 4377 ³)
2723 4300 2937 4361 bonae
2970 4300 3289 4361 scientiae
3323 4308 3697 4379 componat.

716 4402 820 4462 67.
850 4402 974 4461 Sed
1000 4406 1068 4461 et
1102 4401 1402 4477 ejusdem
1435 4402 1884 4462 multitudinis
1917 4403 2090 4462 alios
2126 4403 2406 4479 spiritus
2440 4404 2602 4480 vidi,
2639 4405 2753 4481 qui
2788 4421 3028 4480 magno
3065 4406 3358 4468 clamore
3392 4408 3721 4468 vocifera-

628 4508 889 4567 bantur:
928 4505 1144 4584 Alium
1180 4504 1388 4565 Deum
1421 4511 1688 4580 praeter
1721 4506 1906 4566 illum
1943 4507 2060 4582 qui
2093 4506 2360 4567 Lucifer
2392 4514 2521 4582 est,
2562 4525 2689 4568 non
2726 4508 3210 4584 invocabimus,
3263 4510 3423 4586 quia
3472 4512 3732 4586 magni-

627 4612 820 4670 ficam
854 4609 1132 4685 gloriam
1169 4624 1318 4668 cum
1359 4611 1500 4685 ipso
1538 4609 1954 4671 habebimus,
1992 4611 2072 4671 Et
2106 4610 2174 4670 hi
2211 4610 2593 4672 hominibus
2631 4613 2889 4672 inanem
2926 4613 3210 4687 gloriam
3238 4613 3630 4688 ostendunt,
3659 4622 3730 4675 et

547 4732 551 4736 ·
626 4717 701 4775 ut
734 4715 833 4774 illi
869 4714 1165 4774 studiose
1202 4713 1537 4788 insistant,
1573 4714 2030 4777 exhortantur.

713 4917 755 4985 ¹)
784 4916 897 4973 Hic
925 4916 1095 4973 series
1124 4933 1234 4972 non
1263 4914 1411 4971 nihil
1438 4915 1701 4986 ambigua
1728 4923 1830 4974 est.
1864 4950 1926 4960 —-
1954 4921 2002 4985 2)
2028 4923 2290 4992 projiciat
2316 4918 2381 4976 Α.
2415 4951 2477 4959 -—
2504 4920 2548 4987 ³)
2574 4920 2712 4976 alibi
2742 4926 2803 4979 in
2827 4926 3150 4980 memoriam.
