4036 6117
609 413 741 473 284
1756 435 1809 480 s.
1861 435 2422 480 u1LnEGARn1s

535 548 644 607 vel
679 548 1045 625 hominum,
1096 552 1404 627 revolvet,
1446 552 1508 611 id
1556 558 1661 612 est
1695 553 1955 614 auferet
1987 555 2183 613 nohis
2218 553 2646 613 tendentibus
2680 552 2763 612 ad
2799 553 3117 629 carnalia,
3157 554 3472 631 lapidem,
3512 552 3638 613 sci-

535 651 694 712 licet
727 653 1046 714 duritiam
1095 655 1279 714 illam
1315 656 1493 732 quod
1541 657 1714 716 hona
1749 674 1952 734 opera
2004 658 2224 717 facere
2258 659 2595 732 nolumuS,
2643 657 2719 716 ab
2767 660 2929 717 ostio
2976 657 3288 717 videlicet
3321 658 3633 717 clausura

534 761 976 833 monumenti,
1014 760 1278 820 scilicet
1311 761 1467 819 boni
1502 761 1840 820 desiderii.

625 858 709 918 Et
757 865 1187 938 respicientes
1236 865 1524 938 gratiam
1571 865 1720 935 Dei,
1768 866 2082 924 viderunt
2130 866 2523 939 revolutum,
2579 864 2643 923 id
2690 869 2794 923 est
2855 864 3155 924 ablatum
3204 863 3534 941 lapidem,
3569 861 3632 921 id

534 968 640 1022 est
675 964 1017 1040 duritiam,
1074 967 1164 1026 ita
1197 973 1271 1026 ut
1317 974 1554 1043 postea
1587 969 1904 1042 gaudium
1955 969 2022 1027 in
2055 969 2227 1028 bono
2281 968 2587 1027 habeant.
2625 968 2784 1027 Erat
2829 970 3074 1046 quippe
3111 986 3389 1044 magnus
3422 966 3631 1039 valde,

534 1069 694 1143 quia
729 1070 979 1130 duritia
1015 1071 1179 1131 haec
1215 1075 1399 1132 tanta
1432 1075 1557 1148 est,
1596 1080 1668 1132 ut
1702 1073 1898 1133 homo
1932 1089 2081 1133 eam
2116 1075 2259 1133 sine
2293 1074 2511 1149 gratia
2544 1073 2662 1132 Dei
2696 1089 3007 1133 amovere
3040 1090 3172 1133 non
3207 1075 3446 1150 possit.

627 1173 710 1233 Et
757 1179 1195 1252 introeuntes,
1247 1179 1474 1254 quieta
1523 1184 1742 1237 mente
1789 1182 1860 1238 in
1893 1186 2399 1238 ‘monumentum
2435 1179 2517 1238 ad
2552 1179 2796 1239 bonum
2830 1178 3270 1253 desiderium,
3322 1179 3629 1237 viderunt

521 1272 870 1354 juvenem,
925 1280 991 1339 id
1040 1286 1145 1340 est
1194 1281 1396 1340 aliam
1445 1282 1687 1356 vitam,
1740 1283 2100 1357 sedentem,
2139 1284 2399 1341 scilicet
2433 1282 2788 1357 colentem,
2825 1284 2898 1342 in
2934 1283 3217 1357 dextris,
3256 1283 3520 1341 scilicet
3567 1280 3631 1338 in

535 1380 823 1442 circuitu
859 1386 1217 1459 potestatis
1265 1385 1406 1459 Dei,
1460 1393 1858 1463 coopertum,
1908 1386 2223 1446 videlicet
2259 1393 2507 1446 tectum
2544 1388 2711 1445 stola
2744 1387 3057 1461 candida,
3111 1386 3175 1446 id
3210 1388 3314 1446 est
3348 1385 3622 1444 coelesti

536 1486 910 1565 desideri03
963 1496 1024 1548 et
1075 1488 1553 1567 obstupuerunt
1610 1494 1884 1566 propter
1940 1491 2144 1549 aliam
2200 1492 2409 1551 vitam
2457 1506 2660 1567 quam
2718 1490 3067 1566 incipiunt,
3119 1491 3277 1566 quia
3326 1489 3627 1549 homines

543 1596 719 1650 sunt.

629 1697 756 1769 Qui
798 1698 968 1757 discit
1003 1698 1165 1771 illis,
1200 1712 1316 1756 eos
1353 1698 1421 1755 in
1452 1696 1748 1757 novitate
1784 1697 2067 1756 alterius
2103 1697 2282 1756 vitae
2314 1697 2740 1758 consolando:
2778 1698 2994 1758 Nolite
3030 1714 3498 1774 expavescere,
3535 1710 3637 1754 re-

533 1802 876 1875 spiciendo
934 1802 1016 1862 ad
1072 1802 1188 1862 illa
1245 1818 1417 1879 quae
1477 1802 1541 1860 in
1604 1802 1991 1861 carnalibus
2048 1802 2428 1861 dimisistis
2497 1802 2727 1862 Jesum
2782 1805 3140 1881 quaeritis,
3209 1800 3495 1861 videndo
3551 1798 3631 1858 ad

537 1904 790 1982 ipsum,
844 1908 1268 1966 Nazarenum
1302 1906 1431 1981 qui
1467 1922 1588 1965 vos
1623 1910 1891 1965 sanctos
1945 1905 2167 1981 faciet,
2206 1908 2620 1986 crucifiaeum,
2667 1907 2760 1966 ita
2796 1910 2867 1967 ut
2912 1907 3108 1967 vobis
3156 1905 3514 1966 crucifixus
3546 1902 3634 1962 sit
3687 1939 3696 1947 -

533 2010 599 2068 in
633 2010 1016 2070 carnalibus
1043 2010 1417 2083 desideriis,
1455 2016 1529 2068 ut
1561 2025 1680 2085 per
1715 2009 1888 2069 bona
1920 2010 2255 2070 desideria
2288 2010 2459 2070 bona
2487 2025 2689 2087 opera
2720 2009 2940 2069 facere
2972 2010 3276 2086 possitiS‚
3308 2010 3628 2081 surrexit,

531 2132 664 2173 non
699 2121 794 2173 est
829 2117 957 2190 hic,
987 2115 1143 2191 quia
1180 2114 1375 2175 modo
1412 2114 1477 2173 in
1509 2115 1704 2174 vobis
1740 2131 1870 2174 non
1901 2119 2008 2173 est
2042 2116 2370 2189 sepultae,
2416 2121 2489 2173 ut
2523 2115 2713 2191 prius
2760 2118 2925 2176 erat.
2963 2117 3124 2176 Ecce
3160 2117 3337 2176 locus
3374 2115 3627 2192 inquie-

533 2219 787 2278 tudinis
838 2219 1082 2278 mentis
1130 2224 1422 2294 vestrae,
1475 2217 1586 2277 ubi
1627 2221 1886 2295 positus
1935 2225 2102 2292 erat,
2140 2226 2454 2294 putantes
2504 2221 2663 2295 quia
2692 2220 2877 2296 Justa
2923 2229 2991 2282 et
3023 2223 3256 2280 sancta
3302 2235 3505 2295 opera
3540 2217 3633 2277 fa-

534 2338 686 2381 cere
721 2340 850 2382 non
883 2323 1197 2397 possetiS.
1237 2324 1366 2385 Sed
1397 2325 1487 2381 ite
1523 2323 1695 2382 bono
1731 2339 2020 2398 rumore,
2058 2324 2256 2383 dicite
2293 2325 2764 2384 annuntiantes
2807 2327 3155 2404 discipulis
3189 2324 3354 2400 crim,
3408 2324 3472 2383 id
3520 2329 3626 2384 est

534 2426 846 2501 vestigiis
893 2430 961 2487 et
1007 2427 1330 2501 exemplis
1380 2427 1548 2502 ejuS,
1600 2435 1660 2486 et
1715 2428 1936 2502 Petr0‚
1975 2428 2292 2503 quoniam
2341 2444 2514 2487 nunc
2563 2428 2712 2487 duri
2762 2430 2846 2489 ad
2888 2431 3297 2490 voluntatem
3333 2434 3632 2488 nostram

535 2533 740 2607 estiS,
793 2537 952 2610 quia
978 2534 1329 2611 praecedet
1380 2550 1485 2591 vos
1520 2531 1981 2607 praeparando
2031 2533 2226 2592 vobis
2266 2539 2606 2593 aeternam
2652 2534 3088 2610 mansionem,
3139 2536 3212 2594 in
3264 2533 3636 2593 Galilaeam

538 2639 946 2698 transeundo
997 2638 1078 2698 ad
1113 2638 1344 2699 vitam.
1397 2638 1495 2698 Ibi
1529 2657 1680 2698 eum
1714 2638 2014 2698 videbitis
2053 2640 2118 2698 in
2164 2640 2587 2700 invocatione
2622 2642 2756 2701 illa:
2799 2662 2829 2700 ε(
2861 2643 3115 2717 Venite,
3153 2641 3485 2702 benedicti
3515 2641 3637 2701 Pa-

541 2742 666 2800 tris
703 2741 854 2815 mei,
880 2736 925 2819 ¹)
967 2760 997 2798 )>
1039 2741 1214 2800 sicut
1246 2739 1413 2800 dixit
1444 2741 1640 2801 vobis
1672 2756 1793 2816 per
1825 2741 2188 2817 prophetas
2223 2749 2289 2801 et
2324 2758 2442 2817 per
2490 2742 2788 2819 seipsum
2820 2749 2887 2803 et
2920 2760 3040 2820 per
3068 2742 3470 2818 ScripturaS.

1918 3032 2243 3186 XIV,

1439 3256 1516 3313 In
1571 3256 1919 3317 Dominica
1965 3260 2257 3318 secunda
2294 3264 2439 3335 post
2492 3259 2747 3318 Pascha

2060 3455 2106 3513 Ι.

631 3662 759 3738 Eyo
797 3657 846 3737 ²)
884 3659 1171 3718 Verbum
1205 3660 1449 3734 PatriS,
1485 3678 1630 3719 sum
1658 3666 1908 3736 pastor,
1945 3663 2207 3721 scilicet
2240 3668 2506 3722 creator
2535 3662 2738 3723 bonus
2781 3665 3267 3737 creaturarum,
3304 3660 3462 3737 quia
3497 3675 3635 3719 om-

540 3781 657 3824 nes
705 3765 785 3823 de
828 3780 933 3823 me
981 3763 1372 3839 procedunt,
1409 3765 1476 3823 et
1522 3778 1643 3838 ego
1679 3779 1797 3825 eas
1847 3781 2077 3825 omnes
2116 3766 2180 3824 in
2227 3767 2641 3841 plenitudine
2682 3783 2907 3843 pasco.
2945 3769 3170 3828 Bonus
3212 3772 3442 3843 pastor
3490 3764 3636 3822 ani-

536 3887 713 3928 mam
747 3885 958 3942 suam,
1011 3867 1268 3926 scilicet
1299 3867 1532 3942 vitam,
1584 3884 1715 3943 qua
1750 3870 1971 3929 omnia
2026 3870 2405 3946 suscitavit,
2457 3871 2569 3929 dat
2606 3871 2907 3947 ponendo
2952 3871 3017 3929 in
3050 3869 3384 3945 corporali
3421 3867 3631 3927 forma

532 3992 658 4051 pro
691 3972 907 4032 ovibus
935 3974 1093 4046 suiS,
1133 3971 1199 4031 id
1232 3977 1338 4031 est
1370 3972 1625 4032 electis.

632 4080 1106 4150 Mercenarius,
1143 4076 1459 4136 videlicet
1491 4076 1832 4151 DiaboluS,
1864 4078 1977 4153 qui
2013 4085 2167 4153 post
2202 4079 2464 4138 ruinam
2498 4095 2570 4139 se
2603 4080 2845 4141 ovibus
2873 4079 2938 4137 in
2969 4076 3235 4137 fallacia
3267 4074 3628 4151 conjunxit,

540 4188 603 4242 et
636 4185 751 4259 qui
797 4200 929 4241 non
963 4187 1058 4240 est
1103 4188 1351 4258 pastor,
1391 4182 1549 4257 quia
1598 4197 1758 4240 oves
1793 4181 2063 4257 decipit,
2116 4181 2302 4258 cujus
2351 4202 2483 4243 non
2534 4189 2688 4244 sunt
2738 4202 2881 4243 oves
2922 4185 3267 4261 propriae,
3321 4181 3632 4257 quoniam

540 4294 655 4346 eas
689 4302 809 4345 nec
846 4286 1023 4360 fecit,
1058 4302 1180 4345 nec
1215 4285 1518 4360 redemit,
1552 4287 1727 4345 videt
1765 4286 1830 4345 in
1862 4286 2115 4347 astutia
2150 4304 2271 4348 sua
2307 4289 2564 4366 lupum,
2603 4289 2864 4349 scilicet
2896 4287 3442 4358 rationalitatem,
3480 4299 3630 4344 cum

541 4390 965 4452 rationalitas
1014 4391 1083 4449 in
1115 4391 1308 4451 malis
1359 4390 1741 4451 hominibus
1776 4392 1975 4467 lupus
2028 4391 2203 4452 facta
2237 4395 2371 4467 est,
2423 4394 2736 4468 quoniam
2771 4394 2839 4452 in
2871 4393 3154 4452 scientia
3186 4392 3344 4451 boni
3374 4397 3442 4450 et
3473 4389 3631 4449 mali

539 4496 817 4556 Domino
852 4495 1273 4569 contradicit,
1323 4497 1699 4554 venientem
1735 4496 1799 4554 in
1847 4497 2251 4555 temeritate.
2288 4495 2412 4554 Sed
2461 4512 2608 4555 curn
2660 4496 2835 4555 Deus
2869 4495 2995 4555 hoc
3043 4495 3298 4555 diutius
3347 4495 3631 4554 tolerare

540 4618 673 4661 non
706 4600 882 4673 vult,
935 4599 1046 4658 ille
1078 4600 1353 4658 dimittit
1394 4617 1536 4658 oves
1574 4599 1836 4667 fortiori
1870 4600 2030 4673 Deo,
2067 4606 2140 4658 ut
2176 4601 2501 4674 scriptum
2534 4603 2659 4686 est:
2702 4619 2734 4657 <t
2761 4600 2921 4659 Cum
2962 4599 3155 4659 fortis
3188 4604 3492 4658 armatus
3524 4613 3634 4656 cu-

499 4761 500 4764 ,
539 4703 747 4764 stodit
782 4705 1027 4763 atrium
1063 4720 1257 4762 suum
1283 4697 1331 4780 ⁸)
1368 4722 1425 4776 »,
1463 4711 1523 4761 et
1557 4706 1763 4780 suffit,
1817 4703 1907 4763 nil
1944 4704 2096 4779 plus
2134 4704 2455 4764 audendO.
2494 4704 2576 4763 Et
2615 4705 2835 4780 lupus,
2874 4704 2937 4762 id
2973 4709 3078 4762 est
3112 4703 3534 4762 rationalitas
3569 4702 3635 4761 in

544 4808 902 4883 lupanares
925 4804 970 4884 ⁴)
1023 4823 1245 4866 mores
1279 4823 1505 4879 versa,
1557 4809 1733 4884 rapit
1769 4809 2009 4867 bonam
2062 4808 2437 4883 scientiam,
2476 4816 2536 4867 et
2573 4810 2889 4885 dispergit
2924 4825 3067 4866 oves
3099 4806 3488 4881 dissipando
3523 4821 3634 4865 eas

543 4911 610 4970 in
645 4910 1107 4987 perversitate.
1162 4912 1612 4971 Mercenarius
1661 4917 1885 4969 autem
1932 4912 2107 4988 fuyit
2146 4927 2182 4968 a
2226 4912 2533 4988 veritate,
2572 4915 2729 4989 quia
2757 4912 3212 4970 mercenarius
3247 4915 3364 4983 est,
3416 4908 3531 4967 ubi
3563 4923 3635 4967 se

622 5081 662 5149 ¹)
691 5082 893 5137 Matlh.
927 5082 1110 5146 XXV,
1142 5085 1224 5137 34.
1263 5115 1323 5122 —
1349 5083 1394 5148 ²)
1421 5082 1576 5137 Joan.
1612 5082 1713 5146 XI,
1749 5085 1828 5140 14.
1865 5115 1929 5122 -—
1956 5082 1999 5150 ³)
2032 5083 2162 5141 Luc.
2198 5084 2301 5147 XI,
2331 5089 2416 5140 2¹.
2452 5116 2514 5124 -
2545 5084 2587 5151 ⁴)
2616 5039 2930 5157 lupanares.
2961 5081 3139 5136 audax
3170 5079 3509 5152 epithetum.
