4036 6117
1586 498 2050 546 emsa-onan.
3175 484 3303 547 387

383 637 417 678 «
450 615 772 692 Quoniam
795 616 963 679 bene
990 635 1028 679 a
1054 617 1362 680 claritate
1397 619 1461 680 in
1485 619 1885 697 claritatem,
1914 621 2108 700 cujus
2135 621 2355 682 anima
2387 636 2650 697 semper
2675 621 2895 683 lucida
2923 622 3196 682 vicariis
3231 621 3375 698 qui-

289 721 571 784 busdam
607 730 674 784 et
706 724 918 799 gratis
954 724 1383 785 successibus
1419 742 1457 785 a
1491 726 1738 786 lumine
1780 726 1981 803 quod,
2020 732 2094 786 ut
2127 743 2332 804 supra
2365 725 2616 787 dictum
2652 732 2778 801 est,
2828 727 3061 787 umbra
3093 729 3371 787 viventis

287 827 565 887 luminis
597 829 926 890 nominari
962 828 1172 902 audit,
1211 829 1542 904 translata
1575 831 1642 890 in
1691 832 1911 908 ipsum
1959 832 2182 892 lumen
2215 833 2418 906 vitae,
2454 831 2589 892 Deo
2625 831 3113 907 gratulabunda
3162 831 3373 907 loqui·

291 937 417 991 tur:
456 932 859 1010 Adimplebis
905 952 1009 993 me
1059 934 1317 995 laetitia
1350 953 1500 996 cum
1547 936 1738 995 vultu
1772 942 1905 1011 tuo;
1942 942 2029 997 et:
2068 937 2419 1013 Siqnatum
2451 942 2544 996 est
2582 955 2781 1014 super
2812 955 2916 997 me
2969 938 3195 997 lumen
3231 938 3373 998 vul-

288 1042 395 1095 tus
429 1039 551 1111 tui,
590 1039 898 1109 Domine,
932 1041 1246 1116 quoniam
1292 1040 1474 1116 apud
1506 1045 1568 1099 te
1617 1045 1711 1100 est
1742 1042 1892 1117 fons
1922 1043 2122 1116 vitae,
2158 1046 2221 1101 et
2252 1044 2327 1102 in
2364 1041 2617 1101 lumine
2653 1047 2765 1101 tuo
2796 1041 3019 1102 videbo
3053 1043 3298 1103 lumen.
3324 1038 3370 1122 ¹)

284 1140 452 1210 Quia
487 1141 936 1203 illustratione
970 1144 1259 1203 viventis
1294 1144 1555 1206 scilicet
1590 1145 1888 1220 luminiS,
1923 1146 2232 1222 quamvis
2267 1161 2444 1218 raro,
2495 1146 2651 1208 dum
2701 1146 3148 1223 perfunditur,
3182 1154 3257 1208 ut
3290 1162 3369 1207 ex

290 1244 574 1304 lectione
605 1246 984 1307 litterarum
1031 1248 1178 1324 eJus
1227 1249 1590 1325 colligitur,
1643 1251 1784 1311 tota
1814 1266 1858 1310 a
1886 1250 2022 1311 Deo
2067 1250 2471 1311 mirabiliter
2517 1251 2862 1312 alteratur:
2902 1258 2975 1313 ut
3008 1252 3185 1312 sicut
3226 1267 3375 1328 per-

292 1347 519 1408 bibent
567 1351 683 1426 qui
730 1366 880 1411 eam
916 1352 1339 1414 familiariter
1372 1360 1725 1430 noverunt,
1776 1371 1858 1416 ex
1907 1355 2055 1432 ipsa
2088 1355 2485 1416 alteratione
2518 1356 2624 1415 vel
2674 1355 3052 1430 spiritualis
3085 1355 3192 1416 vel
3226 1371 3374 1416 cor-

289 1468 530 1527 poreae
568 1453 1004 1530 fortitudiniS,
1041 1472 1176 1533 qua
1210 1465 1367 1517 tunc
1403 1458 1631 1533 vigere
1664 1459 1984 1534 cernitur,
2022 1461 2286 1520 torrens
2323 1459 2434 1520 ille
2472 1460 2703 1534 igneus
2736 1459 2821 1520 ad
2853 1460 3088 1521 horam
3123 1461 3190 1521 in
3222 1477 3370 1522 eam

288 1557 562 1618 influere
593 1559 1005 1635 perhibetur,
1054 1560 1137 1621 de
1183 1578 1315 1638 quo
1364 1568 1692 1623 cantatur:
1747 1582 1780 1623 α
1819 1563 2043 1626 Subito
2088 1565 2306 1640 factus
2338 1570 2433 1623 est
2484 1563 2563 1622 de
2614 1564 2789 1624 coelo
2836 1582 3061 1639 sonus,
3096 1574 3159 1627 et
3205 1571 3371 1628 tam-

285 1682 486 1742 quam
517 1667 791 1742 spiritus
824 1671 1114 1743 torrenS,
1149 1669 1427 1745 replevit
1464 1673 1668 1730 totam
1697 1669 1987 1743 domum,
2028 1687 2061 1726 ι
2090 1665 2142 1745 ¹²)
2176 1674 2243 1728 et
2279 1669 2460 1729 item:
2501 1686 2533 1727 α
2570 1669 2855 1731 Advenit
2889 1671 3063 1747 ignis
3094 1671 3365 1736 divinus

290 1788 418 1831 non
466 1772 904 1849 comburens,
941 1773 1057 1834 sed
1093 1774 1502 1850 illuminanS,
1552 1789 1674 1834 nec
1707 1789 2132 1850 consumenS,
2184 1774 2302 1835 sed
2337 1775 2592 1849 lucens,
2642 1781 2713 1835 et
2746 1776 2998 1837 invenit
3045 1776 3248 1839 corda
3280 1778 3379 1838 di·-

290 1876 701 1952 scipulorum
735 1878 1159 1955 receptacula
1192 1877 1458 1954 munda,
1495 1883 1563 1938 et
1596 1878 1833 1940 tribuit
1862 1879 1961 1939 eis
1995 1878 2481 1940 charismatum
2521 1879 2719 1943 dona.
2753 1874 2801 1960 ⁸)
2833 1900 2866 1939 ι
2903 1882 3085 1943 Tunc
3124 1883 3371 1942 etenim

289 1978 508 2039 animo
541 1978 856 2054 alacrior,
905 1981 1097 2041 vultu
1144 1980 1505 2056 ardentior,
1544 1981 1858 2042 subtilior
1905 1997 2130 2055 sensu,
2183 1983 2552 2059 promptior
2600 1999 2929 2058 sermone,
2979 1990 3048 2044 et
3089 1969 3371 2061 corp'ore

288 2082 528 2157 agilior
558 2081 881 2159 redditur;
934 2085 1027 2146 ita
1057 2091 1134 2147 ut
1180 2101 1334 2145 cum
1380 2086 1513 2145 alio
1548 2092 1847 2161 tempore
1895 2102 2259 2162 numquam
2307 2088 2440 2146 nisi
2473 2088 2558 2146 ab
2593 2102 2723 2149 una
2756 2103 2877 2147 seu
2910 2087 3172 2150 duabus
3221 2105 3372 2148 san-

290 2184 790 2246 ctimonialibus
825 2193 1203 2247 sustentata
1236 2188 1578 2265 procedat,
1613 2186 1846 2248 eodem
1883 2196 2218 2250 momento
2254 2191 2425 2251 miro
2460 2191 2655 2252 modo
2693 2192 3027 2267 roborata,
3065 2208 3194 2252 non
3228 2194 3373 2251 sine

293 2302 527 2363 magno
583 2288 984 2350 intuentium
1017 2295 1292 2368 stupore
1324 2297 1392 2352 et
1423 2291 1693 2368 gaudi0‚
1729 2292 1940 2354 libere
1986 2296 2054 2354 et
2101 2293 2356 2371 absque
2391 2295 2842 2371 amminiculo,
2894 2312 3026 2373 quo
3076 2296 3367 2357 libuerit.

293 2390 573 2451 incedat.

384 2518 416 2558 α
456 2498 580 2560 Sed
614 2501 774 2577 quid
809 2502 1077 2579 mirum,
1114 2504 1174 2564 si
1207 2519 1360 2565 cum
1395 2522 1431 2564 a
1467 2505 1838 2583 majestate,
1875 2507 2070 2584 cujus
2103 2513 2270 2569 nutu
2301 2515 2657 2569 moventur
2689 2509 2934 2584 omnia,
2982 2510 3373 2571 instinctum

287 2604 563 2680 patitur,
596 2604 850 2682 absque
899 2608 1152 2682 impetu
1197 2615 1266 2668 et
1300 2609 1446 2685 ipsa
1493 2625 1646 2670 esse
1693 2627 1822 2671 non
1854 2612 2110 2672 valeat?
2156 2612 2381 2671 Nonne
2414 2613 2536 2673 tibi
2573 2613 2863 2688 interim,
2913 2615 2981 2674 et
3012 2614 3069 2674 si
3100 2631 3233 2675 non
3265 2629 3367 2687 ea,

287 2707 515 2783 aliqua
546 2710 770 2770 tamen
813 2712 1285 2788 praerogativa
1330 2728 1530 2790 posse
1577 2715 1845 2775 videtur
1890 2715 2137 2791 dicere,
2188 2717 2364 2793 quod
2412 2720 2685 2793 gestans
2734 2718 2801 2778 in
2848 2724 3041 2779 utero
3085 2719 3374 2780 salutem

286 2817 611 2889 nostram,
663 2814 778 2874 illa
813 2814 1113 2890 Domina,
1166 2831 1370 2893 super
1417 2833 1649 2879 omnes
1700 2818 1983 2880 feminas
2031 2820 2404 2895 benedicta,
2457 2837 2579 2897 per
2626 2836 2828 2899 quam
2862 2838 2935 2882 se
2985 2829 3369 2900 reparatum

285 2917 544 2977 exultat
574 2932 784 2992 genus
822 2919 1208 2993 humanum,
1242 2920 1528 2983 dicebat:
1569 2942 1601 2982 α
1638 2923 1847 2984 Filiae
1883 2924 2330 3000 Hierusalem,
2360 2926 2520 3002 quid
2558 2942 2661 2985 me
2696 2926 3169 3003 ammiramini,
3206 2928 3375 2987 divi-

290 3016 456 3084 num'
480 3030 584 3085 est
620 3026 1015 3101 mysterium
1047 3026 1173 3088 hoc
1206 3027 1383 3105 quod
1419 3029 1718 3092 cernitis,
1755 3048 1790 3088 ›

383 3145 416 3184 α
451 3126 691 3187 Fertur
724 3128 941 3189 adhuc
987 3130 1069 3189 de
1105 3131 1250 3206 ipsa
1298 3137 1365 3191 et
1413 3131 1594 3193 aliud
1628 3132 1959 3209 mirabile,
2012 3134 2190 3210 quod
2226 3152 2295 3195 se
2338 3135 2704 3195 familiares
2753 3135 2900 3210 eJus
2946 3135 3215 3210 saepius
3264 3150 3374 3195 ex-

288 3235 516 3309 pertos
563 3235 690 3295 sub
739 3236 1121 3297 testimonio
1169 3239 1480 3298 veritatis
1528 3246 1863 3315 asserunt,
1915 3242 2073 3318 quia
2120 3242 2280 3302 dum
2326 3243 2386 3300 ei
2437 3242 2733 3302 scribere
2780 3240 3074 3316 aliquid,
3125 3240 3233 3300 vel
3282 3242 3367 3301 ad

288 3342 763 3403 ammonendos
798 3344 1027 3405 fideles
1072 3351 1140 3404 et
1186 3344 1582 3421 corrigenda
1628 3346 1856 3423 aliqua
1904 3348 1972 3407 in
2020 3349 2470 3423 monasteriiS,
2524 3349 2637 3408 ubi
2669 3363 2947 3408 necesse
2990 3352 3119 3422 est,
3172 3348 3368 3424 longe

289 3448 396 3506 vel
427 3463 633 3524 prope
677 3448 1002 3527 divinitus
1043 3449 1227 3509 exire
1276 3449 1664 3527 imperatur:
1717 3452 1778 3512 si
1810 3469 1941 3512 non
1975 3453 2268 3529 quidem,
2320 3453 2499 3530 quod
2532 3453 2731 3521 absit,
2771 3454 3054 3529 segnitie
3102 3459 3222 3514 aut
3254 3454 3368 3515 ob-

291 3550 688 3627 stinatione,
740 3551 860 3613 sed
908 3554 982 3613 ut
1029 3551 1316 3613 feminea
1365 3552 1755 3630 formidine,
1806 3571 1927 3616 seu
1974 3557 2285 3633 virginali
2341 3557 2594 3633 pudore
2649 3558 3076 3634 aliquatenus
3131 3573 3371 3636 parere

289 3656 654 3731 distulerit,
705 3672 786 3716 ne
836 3657 1096 3717 scilicet
1140 3659 1687 3734 praesumptione
1735 3661 1976 3736 quavis
2024 3667 2093 3720 et
2126 3662 2370 3738 spiritu
2404 3677 2523 3722 suo
2559 3662 2665 3738 agi
2700 3662 2987 3737 dicatur,
3040 3662 3271 3723 statim
3302 3662 3364 3722 ei

285 3760 724 3837 aegritudinis
757 3760 1139 3838 duplicatur
1172 3762 1531 3838 flagellum,
1565 3767 1634 3822 et
1666 3763 1740 3824 fit
1775 3765 2040 3840 signum
2090 3766 2223 3826 tale
2257 3767 2324 3825 in
2356 3782 2458 3840 ea,
2497 3772 2568 3826 ut
2601 3781 2885 3842 prorsus
2935 3767 3245 3827 obstruat
3288 3783 3365 3826 os

286 3865 700 3941 loquentium
752 3865 1000 3941 iniqua,
1036 3866 1352 3942 quoniam
1399 3867 1624 3927 subito
1659 3868 1800 3928 tota
1846 3868 1946 3929 sic
1979 3869 2370 3945 obrigescit,
2423 3876 2496 3930 ut
2541 3886 2675 3930 non
2705 3885 2863 3930 caro
2901 3870 3213 3945 humana,
3250 3870 3366 3931 sed

289 3971 542 4047 lignum
589 3956 944 4032 inflexibile
977 3986 1222 4047 corpus
1269 3971 1417 4048 ejus
1448 3972 1779 4048 videatur,
1831 3989 1952 4034 nec
1984 3975 2068 4035 ab
2102 3975 2228 4035 hoc
2261 3976 2505 4050 rigore,
2546 3975 2755 4034 donec
2785 3973 2975 4050 jussa
3010 3972 3363 4050 compleat,

292 4078 652 4138 relaxatur.
691 4095 723 4135 »

381 4180 560 4241 Haec
605 4186 675 4241 et
706 4180 991 4255 similia,
1043 4187 1197 4257 post
1230 4181 1441 4242 lectas
1489 4181 1751 4243 litteras
1796 4186 1985 4259 tuaS,
2038 4200 2190 4245 cum
2242 4185 2583 4245 auditores
2634 4200 2838 4260 supra
2886 4183 2992 4244 his
3041 4185 3365 4246 attonitos

289 4290 628 4359 cerneret,
677 4301 810 4345 non
842 4285 1183 4360 aemuluS,
1235 4285 1353 4346 sed
1385 4285 1747 4347 benevolus
1781 4293 2048 4349 tuarum
2092 4290 2518 4366 praedicator
2566 4290 2676 4350 ille
2710 4290 3113 4366 gloriarum,
3152 4293 3367 4351 mater

291 4392 676 4469 reverenda,
727 4392 808 4454 de
841 4395 1058 4470 gratia
1092 4394 1217 4454 tibi
1250 4393 1535 4454 coelitus
1568 4394 1816 4455 collata
1846 4403 2247 4472 prosecutus
2280 4403 2406 4472 est,
2441 4397 2845 4474 eosdemque
2876 4402 2944 4457 et
2976 4397 3045 4457 in
3074 4395 3194 4457 Dei
3226 4398 3369 4459 lau-

286 4502 440 4561 dem
473 4506 539 4561 et
573 4500 670 4561 tui
704 4501 1240 4561 ammirationem
1276 4500 1714 4563 ferventiores
1747 4501 1987 4564 effecit.
2024 4503 2099 4563 In
2132 4521 2328 4564 unam
2368 4505 2592 4580 itaque
2623 4503 2924 4564 universi
2970 4504 3367 4565 convenien-

289 4615 393 4669 tes
441 4606 872 4680 sententiam,
909 4605 1216 4667 eumdem
1262 4607 1647 4683 Dominum,
1684 4609 1799 4685 qui
1833 4609 1900 4668 in
1933 4610 2186 4669 sanctis
2235 4610 2379 4669 suis
2414 4624 2613 4685 saepe
2646 4614 2752 4669 est
2785 4608 3138 4682 mirabiliS‚
3175 4625 3364 4685 prae-

285 4713 603 4774 dicabant
631 4713 700 4772 in
735 4716 820 4786 te,
855 4714 1048 4790 cujus
1081 4730 1376 4791 munere,
1411 4720 1479 4775 et
1510 4715 1728 4792 gloria
1766 4715 2198 4792 virginitatiS,
2238 4718 2303 4776 in
2337 4716 2553 4777 medio
2591 4716 2884 4778 fornacis
2916 4716 3359 4793 Babylonicae

290 4817 534 4893 inusta,
587 4816 903 4892 refulges,
938 4823 1007 4879 et
1056 4817 1235 4878 fonte
1268 4820 1445 4880 vitae
1491 4821 1741 4895 potata,
1792 4818 2214 4883 dulcedinem
2260 4821 2480 4881 mellis
2528 4828 2595 4882 et
2628 4821 2851 4897 butyri
2898 4820 3362 4897 pinguedinem

289 4919 483 4981 nobis
516 4919 967 4981 esurientibus
1004 4921 1322 4982 refundis

366 5154 408 5221 ¹)
437 5154 522 5211 Ps.
548 5153 677 5219 XV,
705 5160 790 5218 103
815 5156 916 5220 lv,
940 5162 992 5221 73
1023 5155 1264 5222 XXXV,
1286 5162 1366 5214 10.
1389 5160 1489 5228 —2)
1514 5156 1949 5232 Act.Aposl.11‚
1968 5159 2139 5227 2.-·-³>
2161 5161 2373 5215 lterum
2403 5161 2648 5216 subeunt
2677 5157 2959 5215 Breviaria
2988 5155 3353 5213 Anemaniea.
