4036 6117
575 491 704 551 182

617 627 893 689 XXXIII.
943 630 1337 707 Specialiter
1369 632 1449 690 de
1485 634 1768 692 avaritia
1801 640 1862 692 et
1896 637 2008 694 ha·-

525 728 666 792 bitu
698 729 839 807 ejus
872 737 935 793 et
968 736 1128 812 quid
1162 735 1504 813 siqnificat.

614 834 924 898 XXXIIII.
996 838 1196 898 Verba
1258 840 1586 902 Jeremiae
1645 848 2004 922 prophetae

527 939 613 1000 ad
647 942 946 1001 eamdem
979 962 1141 1004 rem.

1719 513 1769 558 S.
1830 511 2378 561 HILDEGARDIS

2205 635 2476 695 XLVIII.
2531 637 2836 710 Qualiter
2878 638 3282 715 poenitendo
3320 646 3599 716 peccata

2113 739 2423 816 maleficii
2456 741 2531 799 in
2563 743 2936 818 semetipsis
2969 741 3257 803 deleant.

2206 843 2504 904 XLVIIII.
2546 844 2728 917 Quod
2763 848 2879 922 qui
2908 849 2983 905 in
3025 849 3374 919 creaturis,
3411 845 3591 904 velut

2114 947 2183 1003 in
2212 949 2585 1023 scripturis,
2616 949 2867 1008 discere
2902 950 3333 1023 contendunt,
3371 965 3594 1026 corpo-

616 1044 857 1105 XXXV.
905 1047 1298 1123 specialiter
1331 1050 1410 1109 de
1443 1052 1726 1111 tristitia
1757 1055 2005 1114 saeculi
2113 1068 2186 1107 re
2219 1055 2281 1108 et
2316 1053 2545 1111 anima
2576 1051 3045 1128 destruuntur,
3068 1056 3228 1130 quia
3252 1059 3594 1129 aspectum

529 1158 592 1210 et
625 1150 855 1213 habitu
885 1148 1025 1227 ejus
1062 1159 1123 1212 et
1150 1155 1313 1232 quid
1347 1158 1689 1237 siqnificat.

619 1256 891 1319 XXXVI.
963 1262 1134 1321 Item
1211 1264 1589 1339 specialiter
1658 1266 1738 1325 de
1793 1267 2011 1344 forma

530 1360 658 1421 zeli
692 1362 816 1422 Dei
847 1370 910 1422 et
942 1367 1105 1441 quid
1139 1368 1477 1445 siqnificat.

621 1467 920 1530 XXXVII.
958 1471 1053 1531 De
1088 1470 1251 1531 libro
1283 1473 1514 1533 Eoeodi.

623 1573 954 1635 XXXVIII.
1010 1576 1192 1649 Quod
1249 1578 1516 1653 sanquis
1579 1578 1820 1639 Christi
1885 1581 2016 1637 vir-

533 1678 886 1753 9initatem
919 1677 1040 1738 sibi
1073 1675 1430 1757 conjunqit.

625 1782 988 1843 XXXVIIII.
1043 1783 1226 1856 Quod
1259 1784 1436 1844 Deus
1469 1788 1823 1863 antiquum
1869 1787 2016 1847 Ser-

527 1894 805 1964 pentem
852 1890 928 1947 in
973 1888 1169 1947 malis
1219 1888 1520 1965 operibus
1570 1892 1706 1949 suis
1754 1900 1818 1949 et
1868 1906 2018 1949 con-

534 1995 831 2053 versione
899 1992 1409 2071 publicanorum
1471 2003 1533 2054 et
1592 2001 2018 2071 peccatorum

540 2105 835 2175 superat.

622 2202 749 2264 XL.
810 2204 981 2262 Item
1037 2204 1117 2264 de
1174 2204 1565 2283 quibusdam
1607 2204 2016 2281 pur9atoriis

531 2310 770 2385 poenis
849 2310 1230 2368 animarum
1307 2308 1743 2386 quorumdam
1816 2309 2023 2368 homi-

538 2431 726 2487 num,
755 2414 878 2491 qui·
900 2416 976 2474 in
1008 2413 1417 2474 scurrilitate
1444 2417 1917 2489 peccaverant,
1954 2420 2017 2471 et

539 2535 746 2596 quare
781 2537 890 2579 eas
919 2521 1294 2596 patiantur.

632 2622 787 2684 XLI.
843 2624 1168 2696 Quomodo
1199 2628 1495 2687 homines
1522 2644 1649 2702 per
1676 2628 2025 2703 poeniten-

541 2730 706 2788 tiam
761 2735 1111 2805 peccatum
1170 2731 1600 2791 scurrilitatis
1664 2734 1738 2791 in
1804 2748 2027 2809 corpo-

539 2829 721 2892 ribus
755 2834 892 2891 suis
918 2836 1234 2909 puniant.

635 2937 820 2997 XLII.
885 2937 1068 3010 Quod
1131 2940 1507 3000 scurrilitas
1570 2942 1796 3000 omnia
1858 2959 2025 3018 quae

543 3062 701 3103 vera
734 3047 911 3118 sunt,
949 3062 1099 3105 cum
1131 3044 1366 3105 umbra
1398 3045 1781 3107 ludentium
1812 3046 2029 3107 verbo-

545 3168 698 3209 rum
732 3149 1073 3210 eradicare
1107 3155 1343 3210 tentat.

637 3252 852 3314 LXIII.
904 3256 1070 3315 Item
1117 3256 1197 3316 de
1234 3256 1387 3317 aliis
1434 3255 1823 3336 quibusdam
1865 3276 2032 3334 pur-

544 3361 816 3435 yatoriis
879 3361 1323 3438 quarumdam
1387 3363 1765 3421 animarum
1828 3364 2033 3423 homi·-

549 3483 738 3539 num,
773 3467 889 3542 qui
921 3468 994 3526 in
1030 3467 1289 3527 saeculo
1314 3486 1440 3543 per
1472 3468 1882 3543 vayationem
1923 3467 2036 3525 de-

553 3569 916 3646 liquerant,
953 3574 1017 3628 et
1045 3587 1163 3630 cur
1197 3571 1458 3630 easdem
1486 3587 1732 3647 poenas
1756 3573 1871 3632 hoc
1902 3587 2034 3629 mo-

554 3672 637 3731 do
669 3675 1067 3733 sustineant.

646 3776 892 3837 XLIIII.
948 3779 1250 3851 Qualiter
1295 3781 1591 3841 homines
1634 3781 2035 3857 poenitendo

553 3885 904 3957 peccatum
935 3885 1299 3959 vayationis
1336 3886 1406 3943 in
1441 3902 1507 3944 se
1532 3890 1844 3961 puryent.

649 3985 828 4046 XLV.
884 3987 1065 4060 Quod
1095 3990 1350 4065 vaqatio
1391 3989 1656 4065 viyilem
1691 3991 2037 4049 scientiam

554 4109 688 4153 non
722 4094 987 4169 habens,
1017 4096 1252 4172 puella
1290 4095 1771 4155 inobedientiae
1805 4102 1925 4170 est,
1960 4112 2036 4156 ac

555 4199 871 4259 luxuriae
930 4201 1334 4277 famulatur,
1394 4206 1456 4259 et
1513 4202 1915 4260 otiositatem
1971 4206 2032 4259 et

555 4305 938 4379 priqritiam
970 4304 1055 4364 ad
1088 4323 1153 4364 se
1189 4305 1458 4383 colliqit.

649 4407 858 4467 XLVI.
904 4408 1105 4493 Verba
1138 4409 1371 4469 David.

651 4513 889 4574 XLVII.
918 4515 1088 4574 Item
1121 4515 1201 4574 de
1226 4514 1616 4592 quibusdam
1641 4515 1793 4574 aliis
1818 4509 1863 4592 ¹)
1887 4531 2042 4591 poe-

562 4620 668 4677 nis
688 4620 1165 4695 purqationum
1195 4620 1577 4678 animarum
1602 4620 2042 4696 quorumdam

567 4724 930 4799 hominum,
982 4725 1096 4802 qui
1127 4725 1200 4783 in
1232 4724 1551 4804 maleficio
1580 4732 2039 4802 peccaverant,

565 4832 630 4886 et
664 4844 869 4904 quare
903 4845 1012 4888 eas
1038 4829 1137 4886 ita
1166 4825 1464 4888 habeant.

583 5117 626 5184 ¹)
652 5120 784 5175 aliis
810 5134 917 5174 om.
951 5119 1015 5175 A.

2116 1153 2379 1211 animae
2415 1171 2572 1213 suae
2605 1163 2979 1217 eaecoecant.

2209 1258 2275 1317 L.
2326 1259 2496 1318 Item
2546 1261 2625 1321 de
2659 1260 3051 1339 quibusdam
3085 1261 3238 1320 aliis
3280 1265 3596 1337 purqato-

2120 1364 2241 1421 riis
2260 1366 2495 1440 poenis
2520 1368 2902 1425 animarum
2927 1367 3270 1426 hominum
3294 1366 3590 1441 illorum,

2119 1468 2233 1542 qui
2281 1485 2408 1544 per
2462 1472 2810 1530 avaritiam
2851 1477 3315 1548 peccaverunt,
3365 1477 3430 1530 et
3479 1491 3597 1532 cur

2123 1574 2276 1633 illas
2311 1577 2403 1635 sic
2429 1578 2804 1652 patiantur.

2214 1679 2313 1739 LI.
2365 1680 2536 1740 Item
2582 1680 2663 1740 de
2711 1680 3105 1758 quibusdam
3159 1681 3313 1740 aliis
3363 1680 3598 1758 poenis

2117 1786 2597 1861 pur9ationum
2627 1787 3010 1844 animarum
3035 1784 3472 1862 quorumdam
3496 1785 3606 1842 ho-

2125 1890 2408 1964 minum,
2443 1891 2557 1967 qui
2576 1896 2853 1967 propter
2876 1891 3227 1949 avaritiam
3254 1888 3604 1947 latrocinia

2128 2000 2591 2070 exercuerant,
2650 2001 2712 2054 et
2778 2011 2982 2071 quare
3038 1994 3192 2053 illas
3247 1995 3363 2053 hoc
3415 1992 3601 2051 modo

2129 2100 2525 2158 sustineant.

2217 2201 2346 2263 LII.
2399 2205 2569 2264 Item
2618 2205 2698 2265 de
2747 2206 2898 2265 aliis
2948 2207 3183 2283 poenis
3239 2207 3309 2264 in
3369 2202 3602 2282 quibus

2128 2311 2392 2369 animae
2455 2311 2894 2387 quorumdam
2961 2312 3305 2371 hominum
3359 2327 3607 2387 purqar-
3722 2328 3731 2337 ·

2127 2411 2399 2489 buntur,
2447 2416 2561 2492 qui
2600 2420 2877 2492 propter
2908 2416 3257 2474 avaritiam
3291 2415 3481 2492 furta
3510 2415 3610 2491 fe·-

2134 2523 2386 2595 cerant,
2423 2523 2485 2578 et
2521 2536 2640 2580 cur
2672 2520 2938 2579 easdem
2971 2521 3071 2580 ita
3099 2518 3398 2582 habeant.

2223 2622 2387 2685 LIII.
2427 2623 2754 2698 Quomodo
2788 2627 3083 2685 homines
3114 2643 3239 2699 per
3269 2625 3617 2701 poeniten-

2134 2730 2299 2787 tiam
2330 2735 2675 2805 peccatum
2713 2732 3032 2789 avaritiae
3066 2732 3139 2789 in
3173 2748 3238 2789 se
3264 2729 3581 2805 puniant.

2224 2832 2416 2894 LIIII.
2467 2835 2639 2894 Item
2682 2836 2997 2912 quomodo
3031 2837 3385 2895 avaritiam
3416 2853 3616 2912 quam

2130 2959 2256 3016 per
2306 2920 2747 3001 latrocinium·
2770 2948 3234 3015 exercuerant,
3286 2942 3357 2999 in
3408 2940 3620 3000 cordi-

2137 3042 2252 3103 bus
2288 3046 2426 3104 suis
2452 3047 2871 3123 poenitentes
2906 3045 3199 3107 abluant.

2227 3149 2349 3209 LV.
2402 3150 2574 3209 Item
2621 3150 2914 3228 qualiter
2955 3151 3356 3230 poenitendo
3412 3152 3618 3211 homi-

2136 3272 2254 3313 nes
2296 3261 2643 3330 peccatum
2689 3258 3033 3331 avaritiae,
3084 3256 3254 3332 quod
3296 3274 3421 3333 per
3468 3257 3616 3331 fur-

2140 3367 2283 3421 tum
2315 3363 2799 3436 commiserant,
2828 3363 2903 3421 in
2928 3363 3295 3437 semetipsis
3322 3361 3609 3420 deleant.

2233 3464 2385 3524 LVI.
2442 3465 2626 3538 Quod
2671 3468 2857 3525 homo
2901 3468 3017 3542 qui
3056 3468 3279 3529 omnia
3307 3482 3473 3542 quae
3500 3482 3619 3541 po-

2146 3576 2294 3644 test,
2332 3571 2484 3629 aliis
2519 3569 2862 3646 subtrahit,
2890 3577 2952 3630 et
2987 3589 3066 3630 ea
3085 3567 3137 3650 ²)
3166 3569 3286 3630 sibi
3312 3572 3612 3644 attrahit,

2138 3678 2445 3755 pessimis
2471 3677 2704 3753 poenis
2738 3672 3107 3749 subjacebit.

2233 3781 2415 3842 LVII.
2460 3781 2662 3841 Verba
2690 3782 2920 3842 David.

2232 3885 2444 3946 LVIII.
2507 3887 2688 3959 Quod
2742 3888 3028 3945 avaritia
3081 3902 3213 3944 non
3272 3885 3486 3943 solum
3541 3902 3623 3941 ea

2142 4008 2309 4067 quae
2357 3999 2553 4050 extra
2599 4008 2834 4067 corpus
2866 3991 3149 4050 hominis
3184 3993 3365 4062 sunt,
3411 3987 3523 4046 sed
3556 3994 3620 4044 et

2145 4111 2378 4171 corpus
2410 4095 2692 4154 hominis
2726 4095 2973 4170 aufert.

2233 4198 2478 4258 LVIIII.
2518 4197 2702 4271 Quod
2732 4200 2916 4257 homo
2952 4197 3380 4256 latrocinium
3431 4212 3625 4253 exer-

2146 4320 2321 4376 cens,
2358 4300 2690 4361 diabolum
2724 4303 3051 4361 imitatur.

2234 4407 2357 4467 LX.
2413 4406 2596 4479 Quod
2641 4407 2783 4482 fur,
2835 4407 2951 4481 qui
2998 4402 3414 4463 nocturnalis
3460 4402 3627 4461 insi-

2146 4514 2362 4572 diator
2395 4515 2515 4584 est,
2551 4507 2908 4569 diabolicae
2950 4508 3325 4584 deceptioni
3365 4508 3626 4567 assimi-

2150 4618 2354 4676 latur.

2239 4719 2393 4779 LXI.
2438 4718 2640 4779 Verba
2672 4716 3037 4793 Evanyelii.

2240 4826 2424 4886 LXII.
2470 4827 2640 4885 Item
2673 4825 2753 4883 de
2789 4822 3180 4902 quibusdam
3211 4822 3366 4882 aliis
3394 4823 3627 4898 poenis

2220 5121 2265 5183 2)
2293 5125 2456 5173 eteas
2481 5114 2548 5178 A,
2581 5116 2678 5178 W.
