4036 6117
655 464 789 526 340
1803 481 1855 527 s.
1908 480 2466 528 ninonoAnms

677 603 814 663 Lux
849 604 1105 679 vivenS,
1142 602 1360 664 omnis
1392 601 1549 664 boni
1583 603 1947 680 operatrix,
1984 604 2093 664 cui
2129 605 2346 665 omnis
2390 605 2613 666 anima
2658 604 2909 680 vitalis,
2946 609 3014 666 et
3047 603 3130 667 ad
3181 603 3513 666 decimum
3561 620 3708 666 nu·-

588 727 847 772 merum
882 712 1281 786 praeelecta,
1320 712 1409 771 sit
1443 713 1888 788 cooperatrix,
1940 711 2071 771 etsi
2118 712 2350 772 eadem
2402 711 2467 771 in
2501 728 2622 772 sua
2657 712 2950 788 puritate
3000 712 3404 788 inveniatur,
3454 718 3705 773 tamen

584 814 769 873 iuxta
804 830 1073 874 sensum
1109 813 1603 889 accipientium,
1641 832 1678 874 a
1712 814 1931 874 beatis
1963 812 2355 875 differenter
2394 815 2856 892 participatur.
2892 815 3057 875 Nam
3090 816 3268 876 sicut
3317 817 3431 876 illa
3483 832 3698 892 rega-

577 918 664 977 lis
699 919 893 978 aulae
926 934 1175 994 organa
1209 934 1287 978 eo
1327 917 1670 979 ardentius
1707 918 2223 993 inflammantur,
2277 935 2408 995 quo
2445 918 2733 977 vicinius
2765 923 2835 979 et
2867 917 3063 995 quasi
3099 918 3484 978 immediate
3533 918 3700 978 fon-

580 1031 716 1084 tem
761 1023 1093 1085 claritatis
1143 1025 1699 1100 contemplantur,
1754 1022 2074 1085 inferiora
2121 1040 2281 1085 vero
2333 1025 2721 1100 angelorum
2769 1025 3037 1100 agmina
3085 1032 3336 1101 quanto
3387 1025 3471 1085 ab
3523 1024 3695 1100 ipsa

577 1128 838 1204 origine
874 1132 1030 1186 sunt
1064 1128 1453 1197 remotiora,
1491 1132 1674 1186 tanto
1708 1126 2150 1201 differentiuS,
2203 1130 2386 1188 tanto
2422 1127 2708 1187 debilius
2742 1128 2827 1187 ab
2860 1127 2975 1187 illo
3017 1127 3371 1203 principali
3422 1126 3695 1186 lumine

576 1231 895 1290 relucent:
933 1230 1031 1289 sic
1064 1235 1130 1289 et
1177 1231 1456 1306 spiritus
1508 1230 1938 1307 incorporati,
1990 1231 2149 1292 licet
2196 1230 2277 1291 ad
2328 1232 2537 1291 vitam
2587 1231 2724 1291 sint
2770 1230 3248 1310 praeordinati,
3303 1229 3422 1291 alii
3474 1230 3702 1290 abun-

575 1335 878 1404 dantiuS,
917 1334 1031 1393 alii
1060 1335 1348 1409 tenuiuS‚
1382 1335 1633 1410 impetu
1662 1335 1996 1395 claritatis
2031 1353 2068 1395 a
2103 1335 2456 1411 maJ‘estatc
2498 1350 2764 1410 semper
2796 1334 3217 1394 discurrente
3238 1330 3313 1415 ¹),
3357 1333 3703 1394 irradian-

581 1445 713 1514 tur,
750 1443 818 1498 et
849 1439 932 1497 ad
970 1438 1132 1498 illud
1166 1439 1547 1499 beatificum
1588 1439 1991 1515 principium
2038 1439 2579 1515 consequendum
2613 1437 3106 1498 distantissima
3141 1436 3519 1497 mobilitate
3550 1437 3702 1496 elc-

577 1547 845 1602 vantur.
882 1540 1046 1601 Sunt
1093 1542 1272 1602 enim
1323 1542 1649 1618 quaedam
1699 1543 1960 1602 animae
2011 1544 2077 1603 in
2129 1542 2293 1603 illud
2326 1543 2604 1619 pelagus
2640 1541 2974 1601 claritatis
3017 1541 3117 1601 sic
3166 1540 3551 1617 absorptae,
3604 1543 3694 1600 ut
3788 1547 3797 1556 ’

578 1646 759 1706 aliud
809 1646 974 1706 nihil
1023 1646 1250 1706 videre
1285 1639 1635 1731 [possint],
1686 1648 1868 1708 aliud
1917 1646 2083 1708 nihil
2122 1649 2401 1718 sentire,
2452 1662 2655 1724 quam
2697 1647 3143 1723 praesentiam
3189 1646 3373 1706 illius
3408 1645 3698 1706 luminis

576 1751 799 1811 omnia
848 1750 1252 1810 vivificantis
1301 1751 1431 1811 sibi
1479 1767 1652 1827 quae
1704 1751 2149 1813 vivificantur.
2182 1750 2234 1831 ²)
2287 1752 2581 1823 Quarum
2630 1750 2890 1825 fulgore
2931 1755 3000 1810 et
3040 1755 3347 1810 caeterae
3396 1750 3694 1824 animae,

578 1854 795 1915 adhuc
844 1857 1149 1917 terrestri
1201 1871 1443 1931 graves
1493 1857 1929 1931 obscuritate,
1967 1858 2126 1918 dum
2163 1857 2435 1933 saepius
2470 1857 3011 1931 reverberantur,
3065 1855 3148 1916 ad
3184 1855 3697 1932 receptaculum

579 1959 794 2036 ipsius
828 1961 1159 2021 claritatis
1194 1961 1641 2037 aptificantur,
1680 1977 1811 2037 quo
1847 1961 1977 2021 sibi
2011 1977 2092 2021 ex
2124 1977 2202 2021 ea
2237 1960 2555 2021 subtilius
2588 1960 3037 2020 notificantur.

667 2064 833 2136 Quia
881 2081 1041 2141 ergo
1092 2071 1188 2137 tu,
1242 2072 1457 2126 mater
1507 2067 2090 2141 reverentissima,
2116 2060 2166 2146 ³)
2203 2065 2286 2126 ad
2320 2065 2698 2125 claritatem
2748 2064 2935 2125 illam
2969 2063 3257 2125 vicinius
3289 2062 3694 2138 ascendisti,

575 2169 892 2244 splendor
926 2186 964 2229 a
997 2170 1198 2230 corde
1232 2176 1346 2231 tuo
1384 2187 1770 2247 erumpens,
1810 2171 2261 2232 conscientias
2297 2173 2563 2231 nostras
2600 2169 2963 2244 illuminet,
3018 2170 3110 2229 ita
3160 2176 3234 2229 ut
3281 2186 3402 2247 per
3451 2169 3690 2230 radios

575 2278 717 2333 tum
752 2273 1287 2349 ammonitioniS,
1340 2280 1481 2334 tum
1537 2275 2045 2350 exhortationiS,
2097 2280 2241 2335 tum
2288 2274 2732 2351 correptionis
2782 2273 3096 2333 tenebrae
3144 2278 3417 2333 nostrae
3469 2273 3696 2332 immi-

575 2369 960 2455 nuantur.⁴)
1011 2375 1177 2435 Nam
1226 2377 1384 2453 quia
1418 2377 1782 2437 abundavit
1818 2377 2141 2453 iniquitas
2188 2381 2256 2436 et
2306 2375 2616 2452 refriguit
2656 2373 2958 2435 charitas
3006 2390 3128 2452 per
3160 2374 3531 2435 schismum
3556 2373 3697 2435 Ro·

579 2494 872 2554 manum,
909 2480 1223 2540 tenebras
1255 2481 1507 2540 erroris
1534 2482 1849 2558 patimur3
1878 2487 1946 2542 et
1972 2482 2289 2557 quoniam
2323 2480 2613 2541 nubibus
2648 2480 3031 2557 iniquitatis
3080 2478 3528 2554 obstantibuS,
3580 2477 3694 2537 sol

572 2584 881 2661 justitiae
919 2585 1323 2646 obscuratus
1356 2592 1482 2660 est,
1535 2587 1691 2646 luna
1724 2600 1895 2662 quae
1927 2589 2034 2647 est
2083 2585 2407 2660 Ecclesia,
2459 2585 2542 2645 ab
2589 2585 2821 2645 ordine
2870 2584 3215 2660 religionis
3265 2580 3691 2643 multimodis

579 2688 1003 2750 exorbitavit.
1038 2689 1510 2749 Verumtamen
1542 2691 1700 2766 quia
1733 2690 1938 2750 verba
1981 2688 2233 2749 Christi
2273 2704 2407 2748 non
2457 2693 2832 2762 transeunt,
2882 2687 2998 2747 sed
3048 2691 3475 2764 permanent,
3520 2679 3569 2764 ⁵)
3623 2688 3697 2744 et

581 2790 758 2850 idem
796 2791 938 2867 ipse
972 2795 1280 2854 testatur:
1321 2813 1352 2852 «
1382 2792 1554 2853 Ecce
1587 2810 1709 2869 ego
1758 2794 2111 2855 vobiscum
2161 2810 2309 2854 sum
2363 2809 2573 2869 usque
2629 2793 2712 2854 ad
2765 2791 3408 2852 consummationem
3457 2804 3698 2849 saecu-

578 2894 651 2968 li,
683 2888 731 2973 ⁶)
768 2896 1078 2970 quamvis
1114 2901 1297 2957 totus
1326 2896 1465 2972 jam
1499 2913 1665 2975 pene
1698 2898 1882 2958 orbis
1918 2898 2213 2958 tenebris
2247 2898 2502 2957 erroris
2579 2897 2920 2957 involutus
2970 2896 3083 2971 sit,
3135 2894 3365 2954 radius
3413 2893 3693 2971 quidam

578 2999 893 3077 antiquae
926 3001 1205 3077 gratiae,
1243 3016 1323 3062 ne
1358 3007 1499 3063 tota
1532 3017 1696 3078 gens
1721 3007 1982 3079 pereat,
2034 3002 2101 3062 in
2149 3001 2345 3062 vobis
2381 3001 2820 3077 resplenduit.
2873 2999 3050 3061 Ordo
3097 2999 3276 3061 enim
3326 2996 3690 3057 monacho-

581 3120 732 3165 rum
766 3104 1037 3181 orbitat3
1075 3104 1236 3166 ordo
1271 3107 1673 3167 clericorum
1707 3106 2063 3181 claudicat;
2101 3106 2263 3166 ordo
2309 3121 2575 3183 quoque
2626 3105 3245 3165 sanctimonialium
3292 3103 3565 3177 titubat3
3616 3103 3690 3161 et

581 3225 732 3269 cum
768 3210 1108 3286 spiritales
1145 3211 1466 3287 religione
1502 3210 1628 3272 hoc
1670 3210 1864 3272 modo
1913 3212 2271 3285 excedunt,
2324 3210 2711 3271 saeculares
2764 3209 3142 3269 institutam
3194 3206 3325 3267 sibi
3374 3224 3412 3267 a
3458 3205 3687 3266 Domi-

581 3332 667 3376 no
703 3316 918 3391 legem
958 3318 1224 3378 omnino
1271 3318 1637 3394 negligunt.
1688 3316 1854 3378 Nam
1903 3318 2078 3377 inter
2125 3324 2393 3377 caetera
2442 3315 2763 3391 facinora,
2814 3315 3060 3392 quibus
3108 3314 3461 3375 Dominum
3509 3311 3684 3372 obli-

581 3422 764 3480 vioni
800 3420 1094 3496 tradunt,
1132 3422 1432 3498 legitima
1473 3422 1782 3498 conjugia
1830 3422 2324 3498 derelinquunt,
2360 3422 2428 3480 et
2462 3421 2682 3480 aliena
2716 3437 2836 3496 pro
2888 3420 3081 3480 libitu
3132 3434 3252 3478 suo
3302 3416 3435 3477 sibi
3482 3430 3690 3491 copu-

585 3524 747 3597 lant;
785 3521 1142 3584 homicidia
1175 3530 1585 3601 perpetrant,
1622 3533 1690 3586 et
1723 3525 1874 3585 inde
1917 3541 2194 3602 magnos
2245 3540 2317 3584 se
2370 3523 2511 3583 fore
2559 3524 2972 3598 existimant;
3024 3538 3103 3583 ac
3149 3522 3436 3599 quisque
3485 3519 3677 3580 velut

596 3628 880 3686 inertem
915 3641 988 3686 se
1021 3641 1174 3685 esse
1214 3626 1400 3701 dicit,
1453 3628 1511 3687 si
1559 3627 1666 3688 his
1717 3628 2000 3688 maculis
2049 3628 2365 3688 immunis
2415 3627 2770 3688 invenitur.
2822 3626 3240 3703 Quapropter
3289 3622 3685 3683 sacerdotes

586 3728 702 3806 qui
738 3728 1030 3788 clamare
1063 3730 1130 3789 et
1161 3731 1516 3790 veritatem
1550 3746 1703 3790 cum
1737 3731 2158 3806 correptione
2191 3730 2374 3807 loqui
2407 3729 2749 3804 deberent,
2781 3729 2920 3804 jam
2954 3729 3155 3789 silere
3188 3731 3541 3802 coguntur.

678 3835 865 3895 Nunc
900 3840 994 3909 tu,
1033 3851 1071 3894 o
1107 3840 1323 3895 mater
1354 3835 1757 3911 veneranda,
1795 3836 2113 3911 quoniam
2147 3841 2219 3896 ut
2255 3836 2320 3896 in
2368 3836 2727 3912 scripturis
2775 3835 2909 3895 tuis
2958 3832 3271 3910 legimuS,
3322 3829 3690 3891 commoni-

591 3939 809 3999 tiones
843 3937 1258 4014 spiritalibus
1308 3939 1706 3998 multociens
1754 3939 2094 4013 direxisti,
2146 3954 2262 3999 eas
2312 3939 2775 3999 saecularibus
2823 3953 3025 4015 quam
3076 3936 3308 3997 intime
3358 3949 3681 4010 rogamus

593 4050 664 4105 ut
696 4044 974 4120 dirigaS,
1010 4044 1170 4120 quia
1204 4058 1479 4104 necesse
1519 4050 1625 4104 est
1672 4049 1746 4103 ut
1793 4043 1982 4104 duris
2031 4049 2099 4103 et
2146 4044 2404 4104 crebris
2453 4043 2990 4119 correptionibus
3041 4040 3509 4113 inclamentur,
3559 4036 3677 4114 qui

591 4150 1053 4225 correptiones
1086 4150 1349 4224 aliquas
1374 4149 1484 4207 vix
1518 4147 1897 4224 dignantur.
1935 4147 2295 4224 Speramus
2328 4147 2503 4206 enim
2539 4146 2715 4223 quod
2751 4148 3011 4206 animos
3058 4160 3219 4205 suos
3266 4142 3496 4203 verbis
3544 4139 3683 4200 tuis

594 4254 917 4314 attentius
954 4253 1290 4327 inclinent,
1328 4253 1643 4328 quoniam
1678 4269 1798 4328 per
1829 4252 2125 4313 divinam
2158 4251 2487 4311 visionem
2519 4258 2586 4312 et
2628 4251 3002 4327 jussionem
3052 4255 3116 4310 te
3166 4250 3350 4324 loqui
3400 4246 3682 4307 credunt

591 4364 659 4418 et
693 4358 936 4435 sciunt,
973 4374 1175 4435 quam
1208 4358 1436 4419 verbis
1484 4358 1738 4420 nostris
1780 4375 1949 4435 quos
1983 4358 2053 4419 in
2086 4358 2318 4419 multis
2353 4356 2971 4433 transgressoribus
2994 4352 3044 4436 ⁷)
3080 4355 3413 4416 vacillare·
3431 4352 3678 4414 vident.

595 4462 775 4522 Vale.

672 4666 716 4734 ¹)
741 4667 1097 4723 discurrentes
1116 4668 1207 4725 W.
1235 4702 1301 4710 —
1319 4672 1365 4736 ²)
1393 4671 1458 4726 111
1484 4674 1602 4726 toto
1630 4669 1731 4726 illo
1768 4669 1836 4726 de
1862 4670 1987 4726 luce
2015 4673 2095 4725 te·
2182 4669 2409 4725 cantur?
2431 4667 2571 4738 quid
2595 4668 2979 4741 notificantur?
3002 4697 3071 4707 —
3094 4663 3139 4729 3)
3178 4660 3344 4718 solita
3371 4657 3672 4730 scriptura.

597 4753 838 4808 nebroso
864 4766 1127 4815 excursu.
1158 4754 1335 4809 multa
1375 4755 1558 4825 caligo
1595 4753 1851 4811 offendit.
1893 4754 2096 4812 Nescio
2183 4754 2228 4819 ⁴)
2267 4760 2327 4811 in
2361 4757 2702 4817 muniantur.
2733 4753 2781 4808 si
2808 4752 3040 4825 Superis
3072 4751 3278 4823 placet.
3313 4747 3438 4816 lego
3465 4745 3525 4801 in
3551 4760 3678 4800 meo

596 4855 669 4894 an
686 4839 868 4908 legere
884 4844 1146 4910 praestet:
1165 4842 1314 4896 nihil
1327 4842 1528 4904 videri,
1542 4843 1692 4897 nihil
1703 4845 1917 4903 serait-i,
1934 4858 2100 4914 quam
2185 4843 2521 4913 apographo.
2555 4840 2684 4897 Mox
2711 4842 2996 4897 schismum
3015 4837 3098 4893 sic
3125 4837 3217 4893 W.
3244 4868 3305 4877 —
3328 4837 3372 4899 ⁸)
3398 4837 3449 4889 ει·
3470 4846 3681 4905 pemm-

601 4924 917 4998 praesentia
940 4922 1351 4980 illiusluminis
1370 4924 1559 4980 omnia
1583 4924 1932 4980 vivificantis
1950 4940 2096 4995 quae
2185 4934 2311 4984 nent
2331 4926 2418 4983 W.
2443 4928 2568 4993 —-⁶)
2594 4926 2801 4984 matth.
2826 4922 3101 4987 xxvm,
3127 4925 3215 4978 20.
3237 4920 3359 4987 —⁷)
3378 4917 3508 4975 sort.
3525 4922 3679 4974 tran-

598 5012 972 5085 vivificantur.
1011 5009 1221 5066 omisso
1256 5011 1382 5066 sibi.
1422 5010 1527 5067 Sed
1566 5010 1706 5082 quid
1746 5025 1875 5066 mox
1912 5013 2097 5084 aptifi-
2184 5015 2591 5087 syreuionibue.
