4036 6117
3245 423 3376 482 245

766 821 1633 948 INCIPIUNT
1753 814 3017 945 EXPOSITIONES

1212 1158 1796 1230 QUORUMDAM
1859 1156 2596 1218 EVANGELIORUM

731 1373 923 1441 QUAS
959 1375 1220 1431 mleA
1258 1375 1691 1432 INSPIRANTE
1727 1375 2002 1432 GRATlA
2041 1374 2535 1434 HILDEGARDIS
2586 1371 2950 1430 Exposm‘r
2992 1373 3063 1438 ¹).

1833 1857 1919 1962 Ι.

1322 2185 1404 2243 In
1462 2184 1698 2262 Viqilia
1746 2187 2128 2246 Natiuitatis
2179 2188 2462 2249 Domini.

1874 2397 1919 2454 Ι.

1644 2589 1820 2725 V
1847 2650 1963 2690 um
2011 2639 2178 2691 esset
2216 2632 2615 2708 desponsata
2650 2637 2866 2690 mater
2900 2629 3058 2689 Jesu
3095 2632 3307 2691 Maria
3339 2630 3448 2690 Jo-

1670 2739 1862 2812 seph,
1919 2733 1970 2812 ²)
2030 2736 2205 2795 Deus
2261 2735 2596 2811 justitiam
2652 2734 2909 2810 primae
2969 2733 3438 2806 institutionis,

1681 2860 1697 2891 ι
1720 2856 1802 2899 ua
1851 2839 1995 2916 ipse
2031 2840 2241 2899 Adam
2275 2846 2340 2899 et
2371 2840 2577 2899 Evam
2612 2838 2987 2915 conjunxit,
3026 2837 3338 2912 inspexit,
3376 2839 3444 2896 et

1670 2948 1954 3001 matrem
1988 2943 2137 3003 Filii
2173 2944 2277 3003 sui
2304 2944 2452 3004 viro
2486 2943 2881 3019 desponsari
2915 2942 3150 3016 voluit,
3187 2945 3260 2999 ut
3293 2956 3440 3000 eam

1670 3046 1795 3107 fide
1844 3050 1912 3108 et
1959 3049 2431 3125 procuratione
2488 3047 2895 3122 custodiret,
2946 3051 3014 3107 et
3059 3051 3135 3107 ut
3184 3046 3330 3122 ipsa
3377 3044 3441 3103 ei

1669 3152 1973 3227 subJecta
2009 3152 2203 3214 foret:
2242 3153 2400 3231 quia
2429 3154 2689 3229 justum
2723 3156 2868 3212 erat
2899 3156 2972 3211 ut
3004 3151 3221 3210 omnis
3259 3149 3447 3208 femi-

1667 3270 1781 3329 na,
1836 3253 2160 3315 infantem
2194 3256 2472 3330 habens,
2523 3257 2752 3315 virum
2785 3237 3293 3331 procuratorem
3327 3253 3443 3313 ha-

1665 3357 1873 3418 beret.
1923 3358 2003 3418 Et
2054 3360 2120 3418 in
2170 3358 2299 3418 hoc
2344 3364 2451 3419 est
2495 3359 2791 3434 Justitia,
2843 3374 3046 3435 quam
3095 3356 3443 3417 humilitas

1669 3461 2110 3539 subsequitur
2157 3463 2223 3521 in
2257 3461 2711 3537 subjectione,
2763 3461 3076 3538 quoniam
3127 3460 3187 3519 si
3233 3459 3443 3518 Maria

616 3619 635 3641 ,
1660 3571 2169 3638 procuratorem
2204 3582 2334 3624 non
2368 3564 2669 3639 haberet,
2706 3563 3022 3640 superbia
3058 3562 3253 3623 facile
3286 3564 3442 3623 suh-

342 3675 631 3747 reperet,
664 3664 715 3749 ⁸)
750 3670 946 3746 quasi
981 3670 1126 3729 viro
1163 3669 1245 3729 ad
1279 3668 1772 3746 procurandum
1812 3684 1885 3728 se
1919 3686 2053 3729 non
2087 3670 2434 3745 indigeret.
2472 3671 2848 3747 Antequam
2881 3672 3330 3743 convenirent,
3377 3667 3443 3727 in

337 3775 688 3835 voluntate
735 3773 1249 3850 conjunctionis»,
1303 3777 1577 3833 inventa
1626 3780 1746 3848 est,
1802 3778 2016 3835 mater
2065 3775 2408 3834 nominata
2457 3790 2686 3834 coram
2731 3773 2866 3833 Deo
2923 3780 2991 3833 et
3037 3773 3319 3850 populo,
3371 3775 3445 3832 in

334 3883 528 3937 utero
559 3876 799 3939 habens
831 3879 911 3938 de
949 3879 1211 3955 Spiritu
1248 3879 1511 3939 Sancto,

433 3961 672 4058 Joseph
718 3988 943 4042 autem
989 3984 1093 4041 vir
1139 3979 1317 4056 ejice,
1371 3982 1437 4042 in
1487 3982 2005 4058 desponsatione
2061 3987 2129 4041 et
2177 3982 2648 4057 conjunctione
2700 3980 3020 4056 foederiS,
3073 3999 3222 4040 cum
3271 3986 3438 4040 esset

321 4080 575 4159 justus,
615 4079 802 4161 (quia
836 4085 904 4144 in
939 4085 1250 4145 omnibus
1283 4083 1641 4144 desideriis
1681 4086 1824 4144 suis
1860 4085 2283 4144 mendacium
2316 4101 2448 4145 non
2480 4085 2843 4160 quaesivit,
2881 4090 2948 4144 et
2980 4085 3294 4161 quoniam
3327 4100 3442 4143 vo·-

339 4189 563 4250 luntas
618 4191 828 4267 ipsius
877 4208 1044 4268 pura
1098 4190 1244 4265 fuit,
1297 4191 1454 4267 quia
1487 4191 1992 4266 praevaricator
2023 4191 2218 4267 Legis
2255 4207 2409 4251 esse
2457 4190 2724 4269 noluit‚)
2775 4197 2837 4252 et
2873 4193 3079 4251 nollet
3129 4211 3273 4252 eam
3309 4198 3443 4252 tra-

416 4420 458 4487 ¹)
483 4420 817 4477 Accedimus
843 4421 912 4476 ad
937 4423 1178 4478 alterum
1208 4421 1571 4491 Hildegardis
1597 4438 1760 4493 opus.
1784 4421 1845 4477 in
1938 4419 2225 4484 tilissima,
2265 4436 2409 4492 quae
2439 4421 2610 4478 etiam
2649 4421 3032 4478 Trithemium
3052 4421 3435 4485 deterrebant,

343 4520 458 4576 quo
482 4505 665 4561 audax
703 4507 1088 4579 prophetissae
1115 4507 1406 4578 ingenium
1447 4509 1583 4564 adeo
1609 4507 1846 4563 liberam
1937 4506 2122 4561 virum
2138 4506 2546 4577 germanicum,
2574 4508 2774 4563 harum
2788 4510 3079 4580 epularum
3095 4509 3440 4573 helluonem.

345 4589 459 4646 sibi
498 4591 848 4663 provinciam
893 4592 1061 4659 fecit,
1105 4600 1172 4650 ut
1219 4595 1521 4652 dubitandi
1569 4598 1724 4653 locus
1767 4613 1848 4653 es-
1937 4590 2111 4646 immo
2173 4592 2467 4662 cujusdam
2524 4594 2874 4651 conditorem
2915 4594 3437 4670 Steyanoyraphiae.

348 4684 456 4739 set.
483 4683 676 4733 utrum
699 4678 1011 4749 genuinum
1049 4685 1336 4736 teneamus
1356 4681 1846 4738 commentarium.
1935 4681 2101 4749 cnjus
2138 4678 2311 4734 etiam
2340 4678 2409 4735 de
2436 4679 2538 4735 hac
2564 4680 2749 4752 opella
2786 4679 3148 4750 Hildegardis
3189 4680 3441 4737 testimo-

346 4762 519 4819 Bune
540 4768 729 4820 tamen
749 4765 868 4838 ipsa
888 4764 1070 4835 digito
1095 4766 1388 4823 ostendere
1409 4768 1655 4832 videtur,
1677 4785 1852 4839 quum
1941 4763 2101 4818 nium
2122 4779 2479 4836 quacumque
2504 4765 2837 4837 exceptione
2855 4766 3041 4836 majus
3062 4770 3147 4820 cst
3173 4770 3341 4835 atque
3364 4767 3440 4819 lo-

349 4847 411 4903 in
449 4850 735 4921 prooemio
773 4849 1083 4922 superioris
1118 4850 1277 4915 libri.
1317 4869 1484 4925 opera
1510 4870 1608 4909 sua
1647 4855 1852 4910 ultima
1941 4850 2416 4923 cupletissimum.
2492 4852 2598 4908 Sed
2637 4853 2800 4923 plura
2838 4851 2997 4907 alibi.
3046 4852 3249 4908 Omnia
3295 4852 3443 4907 exci-

351 4941 623 5000 recenset,
658 4954 779 4993 cum
827 4937 1153 5010 quibusdam
1202 4938 1338 4995 aliis
1383 4943 1811 5012 emporitionibus
1833 4984 1848 5005 ,
1941 4939 2181 5010 piuntur
2220 4954 2287 4994 ex
2313 4938 2484 4994 unico
2511 4937 2703 4994 codice
2740 4936 2943 5008 majori
2982 4935 3436 4992 Wisbadenensi.

350 5034 491 5089 quae
537 5021 705 5077 verba
767 5019 904 5077 huic
965 5023 1373 5079 commentario
1452 5024 1522 5079 ad
1581 5026 1851 5084 amussim
1937 5023 2163 5080 Titulos
2182 5024 2283 5095 qui
2306 5026 2636 5096 plerumque
2657 5021 3066 5083 desiderantur.
3095 5019 3435 5078 addidimus.

348 5106 704 5177 respondent,
734 5106 989 5164 Obscura
1015 5107 1244 5176 quidem
1273 5110 1451 5165 multa
1480 5117 1612 5167 sunt
1640 5117 1695 5168 et
1724 5113 1852 5168 sub·
2009 5116 2054 5182 2)
2081 5112 2286 5171 Matth.
2319 5113 2368 5177 l,
2403 5117 2482 5169 ¹8.
2514 5117 2600 5168 21.
2633 5144 2699 5155 -
2725 5111 2769 5182 ³)
2795 5111 2969 5167 Caute
2996 5110 3132 5180 lege.
