4036 6117
1321 506 1578 556 LIBER
1634 507 1836 554 VITA-3
1893 507 2372 554 MER1TORUM
3248 489 3334 549 33

302 630 543 692 multas
575 625 1003 688 seductiones
1052 641 1130 685 ac
1164 624 1413 685 multas
1448 625 1764 686 haereses
1816 623 2200 683 hominibus
2247 623 2520 696 inducit,
2573 636 2724 682 cum
2761 623 2928 682 istos
2981 622 3201 697 idoliS,
3240 624 3394 683 illos

301 735 601 812 plurimis
636 732 1087 809 pravitatibus
1122 732 1379 791 servire
1412 730 1625 790 docet.
1654 730 1734 790 Et
1765 729 1930 788 dicit
1961 728 2137 804 quod
2174 729 2349 803 illos,
2378 728 2493 804 qui
2528 743 2647 803 per
2679 728 2899 788 lucida
2942 745 3146 805 opera
3182 745 3254 787 se
3289 746 3397 788 so-

301 839 393 898 les
427 838 796 911 nominant,
846 834 1146 895 noxiales
1180 840 1247 894 et
1292 840 1660 895 nocturnos
1708 850 1786 893 ac
1821 832 2180 893 horribiles
2216 833 2282 892 in
2333 832 2628 892 tenebris
2675 831 2897 907 saciat,
2935 834 3092 909 quia
3141 834 3398 893 electos

298 943 409 1002 Dei
441 942 557 1018 qui
600 942 670 1001 in
718 940 971 1000 sanctis
1004 940 1321 1016 operibus
1367 940 1643 1015 fulgent,
1695 939 1969 998 nocivos
2003 954 2083 997 ac
2118 940 2180 996 in
2217 938 2524 998 obscuris
2560 938 2822 998 actibus
2865 939 3214 999 sordentes
3248 954 3403 999 esse

298 1045 657 1122 contendit,
693 1050 763 1106 et
793 1045 1101 1105 notitiam
1134 1061 1366 1105 eorum
1401 1061 1628 1105 coram
1665 1042 2049 1103 hominibus
2088 1042 2354 1102 foetere.

1743 1253 1956 1314 LXIII.

1211 1466 1522 1529 Diabolus
1569 1466 1656 1526 ad
1702 1467 2154 1526 idololatriam
2203 1467 2480 1527 inducit.

381 1679 483 1741 76.
521 1680 947 1755 Quapropter
977 1677 1182 1737 etiam
1216 1676 1633 1736 teterrimam
1664 1675 1977 1736 nebulam
2009 1675 2217 1751 efflat,
2255 1692 2426 1752 quae
2453 1682 2662 1737 totam
2696 1682 2946 1736 terram
2971 1678 3157 1736 velut
3182 1676 3400 1750 niger-

298 1787 503 1846 rimus
540 1784 770 1844 fumus
802 1779 848 1864 ¹)
892 1783 1129 1858 tangit,
1166 1782 1481 1858 quoniam
1528 1782 1888 1858 plurimam
1925 1781 2385 1842 infidelitatem
2432 1784 2701 1857 emittit,
2739 1799 2909 1859 quae
2960 1788 3177 1843 totum
3215 1801 3401 1843 mun-

296 1891 447 1951 dum
474 1891 964 1951 tenebrositate
995 1890 1465 1965 perversitatis
1492 1903 1653 1948 suae
1678 1888 2048 1960 obnubilat,
2078 1905 2156 1947 ex
2182 1906 2312 1966 qua
2339 1891 2540 1949 etiam
2578 1891 2902 1949 maximos
2925 1889 2976 1969 ²)
3011 1892 3272 1966 rugitus
3303 1892 3398 1949 in-

301 2003 502 2071 tonat,
559 1996 812 2056 dicens:
853 2014 885 2054 α
922 1994 1107 2067 Quod
1155 1994 1381 2055 nullus
1416 1993 1613 2055 homo
1652 1994 1858 2054 alium
1889 1993 2098 2053 Deum
2132 1995 2386 2070 adoret,
2425 1996 2553 2055 nisi
2590 2013 2788 2072 quem
2821 1997 3025 2072 videt,
3064 2004 3130 2057 et
3164 2013 3404 2072 cogno-

308 2125 335 2163 »
371 2107 519 2166 scit.
564 2104 645 2164 Et
676 2103 835 2180 quid
870 2104 961 2164 sit
993 2102 1142 2177 hoc,
1180 2102 1357 2179 quod
1392 2102 1590 2162 homo
1626 2102 1788 2162 colit
1821 2101 1997 2177 quod
2031 2102 2281 2161 nescit‘?
2312 2122 2342 2159 5>
2382 2103 2536 2178 quia
2573 2118 2692 2178 per
2724 2103 3025 2161 eamdem
3054 2102 3404 2161 infidelita-

303 2216 427 2268 tem
465 2209 739 2284 iniquae
772 2207 1247 2283 persuasiones
1282 2205 1662 2265 hominibus
1713 2206 2071 2275 inculcant,
2108 2205 2284 2281 quod
2335 2206 2587 2265 nullum
2621 2205 2828 2264 Deum
2878 2206 3101 2263 colant
3135 2212 3403 2280 praeter

308 2312 474 2372 idola
507 2326 689 2388 quae
736 2311 1048 2370 videntur
1080 2316 1146 2370 et
1195 2310 1522 2384 sciuntur,
1574 2316 1641 2369 et
1690 2310 1787 2368 sic
1818 2305 1866 2388 ³)
1904 2328 1942 2368 a
1990 2326 2150 2370 vero
2198 2309 2355 2385 De0‚
2401 2310 2513 2386 qui
2564 2311 2631 2369 in
2678 2309 2987 2368 claritate
3019 2309 3403 2369 Divinitatis

307 2416 635 2477 humanae
669 2416 1041 2476 infirmitati
1076 2414 1439 2476 invisibilis
1472 2418 1598 2490 est,
1637 2414 2161 2474 rationalitatem
2190 2411 2238 2493 ⁴)
2276 2413 2564 2475 hominis
2599 2419 2930 2473 avertunt.

1740 2624 1936 2684 LXIII
1942 2624 1986 2684 I.

1132 2836 1257 2910 Qui
1304 2835 1475 2897 beati
1522 2856 1659 2897 esse
1708 2838 1964 2907 volunt,
2020 2838 2230 2898 Deum
2279 2838 2574 2898 adorent.

390 3045 491 3107 77.
554 3044 678 3106 Sed
713 3047 826 3123 qui
878 3046 946 3106 in
980 3063 1242 3107 summa
1276 3047 1686 3108 beatitudine
1735 3065 1886 3108 esse
1920 3049 2174 3124 volunt,
2225 3050 2456 3109 vivum
2486 3047 2718 3124 Deum,
2771 3050 2883 3126 qui
2920 3051 3100 3111 omni
3148 3058 3409 3113 creatu·-

312 3169 417 3214 rae
450 3156 671 3214 vitam
718 3153 1088 3230 dispensat,
1125 3160 1192 3213 et
1239 3155 1351 3230 qui
1392 3155 1458 3213 in
1491 3154 1698 3213 coelis
1747 3162 1874 3230 est,
1911 3155 2213 3229 adorent,
2264 3171 2387 3214 nec
2427 3155 2628 3215 aliurn
2681 3172 2882 3230 quam
2933 3157 3152 3231 ipsum
3200 3159 3314 3234 qui
3350 3159 3415 3218 in

308 3276 601 3338 superna
633 3261 850 3337 gloria
884 3277 1181 3336 manenS,
1218 3261 1441 3322 omnia
1475 3265 1657 3321 recte
1689 3260 2048 3337 disposuit,
2087 3268 2160 3321 ut
2193 3261 2546 3336 psalmista
2577 3260 2786 3321 David
2820 3262 3002 3322 dicit.
3036 3257 3084 3339 ⁵)

1754 3468 1929 3529 LXV.
1948 3419 1958 3429 ο

1476 3677 1836 3738 Psalmista
1884 3678 1962 3737 de
2012 3678 2257 3737 eodem.

395 3884 499 3946 78.
559 3885 736 3947 Deus
769 3893 995 3946 autem
1026 3893 1248 3946 noster
1282 3890 1355 3946 in
1397 3887 1599 3958 coelo;
1636 3889 1857 3946 omnia
1902 3906 2351 3964 quaecumque
2386 3888 2588 3946 voluit
2629 3889 2811 3964 fecit.
2852 3888 3226 3948 simulacra
3255 3907 3412 3966 qen·-

316 3995 477 4051 tium
512 4000 872 4070 amentum
902 3997 963 4051 et
1008 4011 1281 4062 aurum,
1318 4008 1520 4068 opera
1563 4010 1887 4049 manuum
1919 3995 2282 4052 hominum.
2320 3992 2525 4066 Cujus
2574 4008 2814 4050 sensus
2865 3971 3021 4050 talis
3069 3999 3194 4052 est.
3233 3994 3408 4052 Deus

312 4076 444 4156 {rita
481 4098 601 4156 illa
634 4102 741 4155 est
774 4112 945 4172 quae
993 4097 1174 4155 nulla
1210 4095 1582 4170 inceptione
1631 4096 2056 4169 obscuratur,
2093 4100 2159 4153 et
2193 4111 2364 4171 quae
2412 4096 2615 4154 ctiam
2650 4096 2830 4153 nulla
2873 4094 3245 4153 desectione
3280 4102 3412 4155 ter-

310 4201 619 4261 minatur.
656 4201 737 4260 Et
786 4203 928 4277 ipse
964 4201 1139 4259 Deus
1187 4207 1409 4258 noster
1442 4193 1559 4272 est,
1612 4199 1727 4274 qui
1762 4199 1899 4258 vita
1947 4200 2265 4271 existens,
2318 4199 2802 4258 indeficientem
2847 4201 3054 4259 vitam
3105 4201 3250 4261 suis
3285 4204 3404 4263 tri-

312 4303 466 4364 buit.
503 4306 659 4380 Ipse
693 4306 898 4364 etiam
945 4309 1015 4364 in
1052 4305 1223 4364 coelo
1271 4311 1394 4373 est,
1433 4305 1693 4362 scilicet
1744 4305 1808 4361 in
1841 4305 2149 4363 claritate
2202 4304 2336 4377 illa,
2382 4321 2582 4379 quarn
2632 4306 2935 4363 mortalis
2987 4305 3182 4367 homo
3232 4324 3410 4370 com-

313 4387 719 4488 prehendere
755 4429 881 4471 non
916 4418 1159 4487 potest,
1198 4410 1313 4470 sed
1349 4427 1519 4486 quae
1554 4417 1658 4468 est
1692 4412 1830 4468 vita
1866 4411 1979 4469 illa
2014 4426 2184 4485 quae
2219 4410 2396 4468 vitae
2434 4410 2889 4469 habitaculum
2935 4409 3196 4471 facitur.
3231 4410 3409 4474 Deus

311 4519 479 4575 enim
513 4517 707 4590 vivit,
743 4522 811 4576 et
843 4518 986 4575 suis
1019 4517 1228 4575 vitam
1262 4516 1397 4590 dat,
1436 4532 1511 4573 ac
1548 4517 1646 4574 eis
1684 4517 2097 4574 mansionem
2136 4515 2197 4573 in
2235 4515 2370 4572 vita
2416 4515 2737 4573 conc-edit.
2775 4515 2852 4573 Et
2887 4517 3039 4589 quis
3077 4515 3200 4574 hoc
3238 4517 3408 4578 face-

317 4637 381 4678 re
429 4627 689 4698 potest,
747 4622 877 4680 nisi
925 4620 1136 4678 Deus?
1182 4619 1650 4693 Quaecumque
1699 4618 1875 4676 enirn
1922 4618 2099 4676 Deus
2158 4619 2222 4677 in
2270 4619 2686 4677 ordinatione
2737 4635 2856 4677 sua
2914 4618 3280 4694 disposuit,
3332 4637 3410 4680 ea

314 4721 510 4785 etiam
546 4725 852 4802 perfecit,
890 4741 1059 4800 quae
1108 4743 1277 4783 vana
1314 4741 1439 4782 non
1476 4730 1653 4796 sunt,
1693 4724 1867 4780 sieut
1916 4725 2359 4798 cogitationes
2406 4724 2744 4781 hominum
2795 4740 3004 4782 vanae
3040 4732 3217 4798 sunt;
3254 4742 3417 4801 quo-

317 4832 487 4889 niam
525 4831 829 4891 homines
879 4831 945 4889 in
978 4830 1499 4905 cogitationibus
1549 4830 1691 4887 suis
1727 4829 1937 4886 multa
1989 4830 2333 4905 incipiunt,
2372 4845 2542 4905 quae
2577 4829 2895 4904 perficere
2945 4848 3073 4889 non
3107 4838 3408 4905 possunt.

385 5016 425 5082 ¹)
456 5021 813 5090 nigerrimum
836 5017 1047 5088 sumum
1073 5017 1141 5071 Α.
1168 5048 1234 5056 -
1253 5018 1302 5080 ⁴²)
1332 5019 1600 5071 maximus
1625 5013 1694 5076 Α,
1723 5013 1813 5069 W.
1896 5036 2033 5085 μενοι,
2065 5032 2169 5070 nec
2201 5031 2332 5070 sane
2365 5017 2450 5072 vel
2474 5016 2690 5088 priscos
2717 5017 3078 5087 apologistas,
3104 5018 3254 5073 viros
3282 5035 3410 5091 apo-

382 5101 427 5164 3)
450 5108 592 5158 sicut
614 5102 707 5158 W.
738 5134 806 5143 —
832 5104 875 5169 ⁴)
904 5106 1393 5160 rationabilitatem
1414 5101 1481 5158 Α.
1896 5103 2148 5164 stolicos,
2172 5102 2446 5157 dedecent
2478 5118 2541 5156 ca
2569 5117 2713 5172 quae
2741 5100 2834 5157 hic
2865 5109 2922 5158 et
2946 5119 3113 5176 supra
3137 5103 3205 5159 de
3231 5104 3406 5160 simu-

383 5191 426 5252 ὅ)
456 5174 542 5244 Ps‘.
573 5187 778 5251 cxm,
817 5194 864 5245 3.
892 5190 977 5245 En
1012 5206 1153 5246 nova
1187 5189 1552 5260 Hildegardis
1578 5195 1820 5263 eme-505-
1896 5188 2063 5245 lactis
2089 5187 2422 5244 recitantur.

520 5300 867 5360 ANALECT.
925 5300 992 5359 T.
1046 5299 1207 5360 VIII.
1259 5300 1298 5359 3
