<?xml version="1.0" encoding="UTF-8"?>
<!DOCTYPE html PUBLIC "-//W3C//DTD XHTML 1.0 Transitional//EN"
    "http://www.w3.org/TR/xhtml1/DTD/xhtml1-transitional.dtd">
<html xmlns="http://www.w3.org/1999/xhtml" xml:lang="en" lang="en">
 <head>
  <title>
</title>
<meta http-equiv="Content-Type" content="text/html;charset=utf-8" />
  <meta name='ocr-system' content='tesseract 3.04.00' />
  <meta name='ocr-capabilities' content='ocr_page ocr_carea ocr_par ocr_line ocrx_word'/>
</head>
<body>
  <div class='ocr_page' id='page_1' title='image "analectasacrasp05pitrgoog_0624.png"; bbox 0 0 4036 6117; ppageno 0'>
   <div class='ocr_carea' id='block_1_1' title="bbox 753 484 2614 543">
    <p class='ocr_par' dir='ltr' id='par_1_1' title="bbox 753 484 2614 543">
     <span class='ocr_line' id='line_1_1' title="bbox 753 484 2614 543; baseline -0.001 -1"><span class='ocrx_word' id='word_1_1' title='bbox 753 484 883 543; x_wconf 79' lang='lat'>556</span> <span class='ocrx_word' id='word_1_2' title='bbox 1940 499 1989 541; x_wconf 84' lang='lat' dir='ltr'>s.</span> <span class='ocrx_word' id='word_1_3' title='bbox 2058 496 2614 542; x_wconf 62' lang='lat' dir='ltr'>umnec-Anum</span> 
     </span>
    </p>
   </div>
   <div class='ocr_carea' id='block_1_2' title="bbox 1603 721 2852 1006">
    <p class='ocr_par' dir='ltr' id='par_1_2' title="bbox 1603 721 2852 1006">
     <span class='ocr_line' id='line_1_2' title="bbox 2144 721 2299 780; baseline 0.006 -1"><span class='ocrx_word' id='word_1_4' title='bbox 2144 721 2299 780; x_wconf 86' lang='lat' dir='ltr'>CXI.</span> 
     </span>
     <span class='ocr_line' id='line_1_3' title="bbox 1603 923 2852 1006; baseline -0.006 -16"><span class='ocrx_word' id='word_1_5' title='bbox 1603 931 1889 1006; x_wconf 76' lang='lat' dir='ltr'>Reqinae</span> <span class='ocrx_word' id='word_1_6' title='bbox 1926 930 2291 1005; x_wconf 75' lang='lat' dir='ltr'>Anqlorum</span> <span class='ocrx_word' id='word_1_7' title='bbox 2325 923 2368 1003; x_wconf 80' lang='lat'>¹)</span> <span class='ocrx_word' id='word_1_8' title='bbox 2406 927 2852 1004; x_wconf 75' lang='lat' dir='ltr'>Hildeqardis.</span> 
     </span>
    </p>
   </div>
   <div class='ocr_carea' id='block_1_3' title="bbox 753 1129 2177 1202">
    <p class='ocr_par' dir='ltr' id='par_1_3' title="bbox 753 1129 2177 1202">
     <span class='ocr_line' id='line_1_4' title="bbox 753 1129 2177 1202; baseline -0.001 -14"><span class='ocrx_word' id='word_1_9' title='bbox 753 1132 1020 1202; x_wconf 79' lang='lat' dir='ltr'>Reginae.</span> <span class='ocrx_word' id='word_1_10' title='bbox 1049 1132 1144 1188; x_wconf 88' lang='lat' dir='ltr'>cui</span> <span class='ocrx_word' id='word_1_11' title='bbox 1171 1131 1469 1202; x_wconf 80' lang='lat' dir='ltr'>angustiae</span> <span class='ocrx_word' id='word_1_12' title='bbox 1496 1147 1608 1187; x_wconf 85' lang='lat' dir='ltr'>non</span> <span class='ocrx_word' id='word_1_13' title='bbox 1635 1130 1865 1193; x_wconf 81' lang='lat' dir='ltr'>desunt,</span> <span class='ocrx_word' id='word_1_14' title='bbox 1892 1129 2177 1186; x_wconf 81' lang='lat' dir='ltr'>condolet.</span> 
     </span>
    </p>
   </div>
   <div class='ocr_carea' id='block_1_4' title="bbox 678 1260 3771 1655">
    <p class='ocr_par' dir='ltr' id='par_1_4' title="bbox 678 1260 3771 1655">
     <span class='ocr_line' id='line_1_5' title="bbox 767 1260 3771 1353; baseline -0.003 -27"><span class='ocrx_word' id='word_1_15' title='bbox 767 1268 951 1327; x_wconf 84' lang='lat' dir='ltr'>Mens</span> <span class='ocrx_word' id='word_1_16' title='bbox 1000 1272 1114 1327; x_wconf 90' lang='lat' dir='ltr'>tua</span> <span class='ocrx_word' id='word_1_17' title='bbox 1149 1267 1390 1327; x_wconf 86' lang='lat' dir='ltr'>similis</span> <span class='ocrx_word' id='word_1_18' title='bbox 1439 1274 1544 1327; x_wconf 90' lang='lat' dir='ltr'>est</span> <span class='ocrx_word' id='word_1_19' title='bbox 1577 1267 1843 1342; x_wconf 88' lang='lat' dir='ltr'>parieti,</span> <span class='ocrx_word' id='word_1_20' title='bbox 1881 1268 1995 1343; x_wconf 90' lang='lat' dir='ltr'>qui</span> <span class='ocrx_word' id='word_1_21' title='bbox 2032 1271 2138 1326; x_wconf 88' lang='lat' dir='ltr'>est</span> <span class='ocrx_word' id='word_1_22' title='bbox 2182 1267 2251 1325; x_wconf 88' lang='lat' dir='ltr'>in</span> <span class='ocrx_word' id='word_1_23' title='bbox 2284 1264 2754 1325; x_wconf 88' lang='lat' dir='ltr'>vicissitudine</span> <span class='ocrx_word' id='word_1_24' title='bbox 2802 1263 3023 1336; x_wconf 90' lang='lat' dir='ltr'>nubis,</span> <span class='ocrx_word' id='word_1_25' title='bbox 3059 1266 3128 1322; x_wconf 90' lang='lat' dir='ltr'>et</span> <span class='ocrx_word' id='word_1_26' title='bbox 3159 1260 3457 1353; x_wconf 79' lang='lat' dir='ltr'>undique</span> <span class='ocrx_word' id='word_1_27' title='bbox 3491 1262 3771 1319; x_wconf 88' lang='lat' dir='ltr'>circum-</span> 
     </span>
     <span class='ocr_line' id='line_1_6' title="bbox 678 1363 3770 1449; baseline -0.003 -17"><span class='ocrx_word' id='word_1_28' title='bbox 678 1374 907 1447; x_wconf 87' lang='lat' dir='ltr'>spicis,</span> <span class='ocrx_word' id='word_1_29' title='bbox 959 1371 1075 1431; x_wconf 87' lang='lat' dir='ltr'>sed</span> <span class='ocrx_word' id='word_1_30' title='bbox 1113 1373 1413 1449; x_wconf 83' lang='lat' dir='ltr'>requiem</span> <span class='ocrx_word' id='word_1_31' title='bbox 1461 1388 1592 1432; x_wconf 91' lang='lat' dir='ltr'>non</span> <span class='ocrx_word' id='word_1_32' title='bbox 1627 1370 1852 1431; x_wconf 86' lang='lat' dir='ltr'>habes.</span> <span class='ocrx_word' id='word_1_33' title='bbox 1904 1371 2093 1431; x_wconf 80' lang='lat' dir='ltr'>Istud</span> <span class='ocrx_word' id='word_1_34' title='bbox 2130 1370 2310 1446; x_wconf 81' lang='lat' dir='ltr'>fuge,</span> <span class='ocrx_word' id='word_1_35' title='bbox 2361 1377 2428 1430; x_wconf 92' lang='lat' dir='ltr'>et</span> <span class='ocrx_word' id='word_1_36' title='bbox 2462 1372 2568 1430; x_wconf 89' lang='lat' dir='ltr'>sta</span> <span class='ocrx_word' id='word_1_37' title='bbox 2602 1369 2670 1429; x_wconf 91' lang='lat' dir='ltr'>in</span> <span class='ocrx_word' id='word_1_38' title='bbox 2704 1367 3072 1429; x_wconf 81' lang='lat' dir='ltr'><strong>stabilitate</strong></span> <span class='ocrx_word' id='word_1_39' title='bbox 3105 1376 3259 1427; x_wconf 86' lang='lat' dir='ltr'>cum</span> <span class='ocrx_word' id='word_1_40' title='bbox 3293 1365 3429 1425; x_wconf 90' lang='lat' dir='ltr'>Deo</span> <span class='ocrx_word' id='word_1_41' title='bbox 3461 1363 3770 1449; x_wconf 85' lang='lat' dir='ltr'>ethomi·</span> 
     </span>
     <span class='ocr_line' id='line_1_7' title="bbox 681 1470 3768 1552; baseline -0.003 -17"><span class='ocrx_word' id='word_1_42' title='bbox 681 1475 901 1552; x_wconf 74' lang='lat' dir='ltr'>nibuS,</span> <span class='ocrx_word' id='word_1_43' title='bbox 929 1483 997 1537; x_wconf 92' lang='lat' dir='ltr'>et</span> <span class='ocrx_word' id='word_1_44' title='bbox 1032 1477 1097 1536; x_wconf 90' lang='lat' dir='ltr'>in</span> <span class='ocrx_word' id='word_1_45' title='bbox 1130 1476 1439 1536; x_wconf 92' lang='lat' dir='ltr'>omnibus</span> <span class='ocrx_word' id='word_1_46' title='bbox 1487 1475 2040 1536; x_wconf 84' lang='lat' dir='ltr'>tribulationibus</span> <span class='ocrx_word' id='word_1_47' title='bbox 2076 1476 2209 1536; x_wconf 89' lang='lat' dir='ltr'>tuis</span> <span class='ocrx_word' id='word_1_48' title='bbox 2233 1475 2411 1535; x_wconf 91' lang='lat' dir='ltr'>Deus</span> <span class='ocrx_word' id='word_1_49' title='bbox 2446 1474 2793 1552; x_wconf 87' lang='lat' dir='ltr'>adjuvabit</span> <span class='ocrx_word' id='word_1_50' title='bbox 2818 1479 2904 1533; x_wconf 92' lang='lat' dir='ltr'>te.</span> <span class='ocrx_word' id='word_1_51' title='bbox 2940 1471 3114 1532; x_wconf 90' lang='lat' dir='ltr'>Deus</span> <span class='ocrx_word' id='word_1_52' title='bbox 3140 1470 3680 1531; x_wconf 84' lang='lat' dir='ltr'>benedictionem</span> <span class='ocrx_word' id='word_1_53' title='bbox 3708 1474 3768 1526; x_wconf 80' lang='lat' dir='ltr'>et</span> 
     </span>
     <span class='ocr_line' id='line_1_8' title="bbox 682 1579 2531 1655; baseline 0.001 -18"><span class='ocrx_word' id='word_1_54' title='bbox 682 1580 1001 1639; x_wconf 81' lang='lat' dir='ltr'>auxilium</span> <span class='ocrx_word' id='word_1_55' title='bbox 1038 1597 1229 1640; x_wconf 85' lang='lat' dir='ltr'>suum</span> <span class='ocrx_word' id='word_1_56' title='bbox 1267 1581 1333 1640; x_wconf 94' lang='lat' dir='ltr'>in</span> <span class='ocrx_word' id='word_1_57' title='bbox 1367 1580 1679 1639; x_wconf 89' lang='lat' dir='ltr'>omnibus</span> <span class='ocrx_word' id='word_1_58' title='bbox 1713 1579 2033 1655; x_wconf 85' lang='lat' dir='ltr'>operibus</span> <span class='ocrx_word' id='word_1_59' title='bbox 2071 1580 2205 1639; x_wconf 89' lang='lat' dir='ltr'>tuis</span> <span class='ocrx_word' id='word_1_60' title='bbox 2241 1579 2364 1639; x_wconf 87' lang='lat' dir='ltr'>tibi</span> <span class='ocrx_word' id='word_1_61' title='bbox 2397 1579 2531 1639; x_wconf 89' lang='lat' dir='ltr'>det.</span> 
     </span>
    </p>
   </div>
   <div class='ocr_carea' id='block_1_5' title="bbox 1669 1786 2774 2073">
    <p class='ocr_par' dir='ltr' id='par_1_5' title="bbox 1669 1786 2774 2073">
     <span class='ocr_line' id='line_1_9' title="bbox 2128 1786 2315 1846; baseline -0.005 0"><span class='ocrx_word' id='word_1_62' title='bbox 2128 1786 2315 1846; x_wconf 86' lang='lat' dir='ltr'>Cxll.</span> 
     </span>
     <span class='ocr_line' id='line_1_10' title="bbox 1669 1990 2774 2073; baseline -0.004 -18"><span class='ocrx_word' id='word_1_63' title='bbox 1669 1996 1832 2073; x_wconf 68' lang='grc' dir='ltr'>Περὶ</span> <span class='ocrx_word' id='word_1_64' title='bbox 1867 1995 2231 2071; x_wconf 74' lang='lat' dir='ltr'>Anqlorum</span> <span class='ocrx_word' id='word_1_65' title='bbox 2261 1990 2313 2072; x_wconf 79' lang='lat'>²)</span> <span class='ocrx_word' id='word_1_66' title='bbox 2351 1994 2774 2071; x_wconf 76' lang='lat' dir='ltr'>Hildeqardis</span> 
     </span>
    </p>
   </div>
   <div class='ocr_carea' id='block_1_6' title="bbox 757 2194 2514 2267">
    <p class='ocr_par' dir='ltr' id='par_1_6' title="bbox 757 2194 2514 2267">
     <span class='ocr_line' id='line_1_11' title="bbox 757 2194 2514 2267; baseline -0.002 -15"><span class='ocrx_word' id='word_1_67' title='bbox 757 2197 1034 2254; x_wconf 82' lang='lat' dir='ltr'>Juvenem</span> <span class='ocrx_word' id='word_1_68' title='bbox 1061 2213 1248 2267; x_wconf 81' lang='lat' dir='ltr'>regem</span> <span class='ocrx_word' id='word_1_69' title='bbox 1275 2198 1348 2253; x_wconf 85' lang='lat' dir='ltr'>ab</span> <span class='ocrx_word' id='word_1_70' title='bbox 1379 2197 1664 2252; x_wconf 82' lang='lat' dir='ltr'>illecebris</span> <span class='ocrx_word' id='word_1_71' title='bbox 1689 2196 1850 2251; x_wconf 78' lang='lat' dir='ltr'>aulae</span> <span class='ocrx_word' id='word_1_72' title='bbox 1879 2200 1937 2250; x_wconf 89' lang='lat' dir='ltr'>et</span> <span class='ocrx_word' id='word_1_73' title='bbox 1962 2194 2276 2251; x_wconf 83' lang='lat' dir='ltr'>aulicorum</span> <span class='ocrx_word' id='word_1_74' title='bbox 2306 2195 2514 2250; x_wconf 87' lang='lat' dir='ltr'>munit.</span> 
     </span>
    </p>
   </div>
   <div class='ocr_carea' id='block_1_7' title="bbox 661 2331 3780 3658">
    <p class='ocr_par' dir='ltr' id='par_1_7' title="bbox 661 2331 3780 3658">
     <span class='ocr_line' id='line_1_12' title="bbox 769 2331 3772 2408; baseline -0 -17"><span class='ocrx_word' id='word_1_75' title='bbox 769 2331 867 2391; x_wconf 82' lang='lat' dir='ltr'>Ad</span> <span class='ocrx_word' id='word_1_76' title='bbox 918 2332 1273 2407; x_wconf 84' lang='lat' dir='ltr'>quemdam</span> <span class='ocrx_word' id='word_1_77' title='bbox 1309 2332 1559 2407; x_wconf 87' lang='lat' dir='ltr'>virum,</span> <span class='ocrx_word' id='word_1_78' title='bbox 1612 2331 1945 2408; x_wconf 85' lang='lat' dir='ltr'>quoddam</span> <span class='ocrx_word' id='word_1_79' title='bbox 1980 2332 2277 2392; x_wconf 86' lang='lat' dir='ltr'>officium</span> <span class='ocrx_word' id='word_1_80' title='bbox 2326 2333 2705 2408; x_wconf 82' lang='lat' dir='ltr'>habentem,</span> <span class='ocrx_word' id='word_1_81' title='bbox 2757 2333 3078 2393; x_wconf 89' lang='lat' dir='ltr'>Dominus</span> <span class='ocrx_word' id='word_1_82' title='bbox 3125 2332 3308 2392; x_wconf 88' lang='lat' dir='ltr'>dicit:</span> <span class='ocrx_word' id='word_1_83' title='bbox 3343 2332 3526 2392; x_wconf 91' lang='lat' dir='ltr'>Dona</span> <span class='ocrx_word' id='word_1_84' title='bbox 3573 2331 3772 2391; x_wconf 88' lang='lat' dir='ltr'>dona·</span> 
     </span>
     <span class='ocr_line' id='line_1_13' title="bbox 681 2435 3770 2514; baseline 0 -19"><span class='ocrx_word' id='word_1_85' title='bbox 681 2437 937 2495; x_wconf 90' lang='lat' dir='ltr'>tionum</span> <span class='ocrx_word' id='word_1_86' title='bbox 971 2436 1094 2496; x_wconf 91' lang='lat' dir='ltr'>tibi</span> <span class='ocrx_word' id='word_1_87' title='bbox 1130 2442 1313 2506; x_wconf 86' lang='lat' dir='ltr'>sunt,</span> <span class='ocrx_word' id='word_1_88' title='bbox 1350 2436 1536 2496; x_wconf 88' lang='lat' dir='ltr'>velut</span> <span class='ocrx_word' id='word_1_89' title='bbox 1571 2436 1884 2512; x_wconf 85' lang='lat' dir='ltr'>regend0,</span> <span class='ocrx_word' id='word_1_90' title='bbox 1925 2439 2231 2512; x_wconf 79' lang='lat' dir='ltr'>tegendO,</span> <span class='ocrx_word' id='word_1_91' title='bbox 2268 2438 2699 2513; x_wconf 82' lang='lat' dir='ltr'>protegendo,</span> <span class='ocrx_word' id='word_1_92' title='bbox 2738 2437 3173 2514; x_wconf 88' lang='lat' dir='ltr'>providendo,</span> <span class='ocrx_word' id='word_1_93' title='bbox 3202 2438 3459 2497; x_wconf 90' lang='lat' dir='ltr'>coelum</span> <span class='ocrx_word' id='word_1_94' title='bbox 3497 2435 3770 2509; x_wconf 84' lang='lat' dir='ltr'>habeas;</span> 
     </span>
     <span class='ocr_line' id='line_1_14' title="bbox 684 2538 3779 2617; baseline 0 -20"><span class='ocrx_word' id='word_1_95' title='bbox 684 2539 800 2598; x_wconf 89' lang='lat' dir='ltr'>sed</span> <span class='ocrx_word' id='word_1_96' title='bbox 835 2540 1199 2614; x_wconf 80' lang='lat' dir='ltr'>nigerrima</span> <span class='ocrx_word' id='word_1_97' title='bbox 1234 2540 1382 2600; x_wconf 90' lang='lat' dir='ltr'>avis</span> <span class='ocrx_word' id='word_1_98' title='bbox 1415 2539 1498 2599; x_wconf 93' lang='lat' dir='ltr'>de</span> <span class='ocrx_word' id='word_1_99' title='bbox 1532 2540 1859 2616; x_wconf 85' lang='lat' dir='ltr'>Aquilone</span> <span class='ocrx_word' id='word_1_100' title='bbox 1894 2541 1976 2600; x_wconf 90' lang='lat' dir='ltr'>ad</span> <span class='ocrx_word' id='word_1_101' title='bbox 2012 2548 2075 2600; x_wconf 90' lang='lat' dir='ltr'>te</span> <span class='ocrx_word' id='word_1_102' title='bbox 2111 2542 2315 2616; x_wconf 88' lang='lat' dir='ltr'>venit,</span> <span class='ocrx_word' id='word_1_103' title='bbox 2355 2544 2423 2602; x_wconf 92' lang='lat' dir='ltr'>et</span> <span class='ocrx_word' id='word_1_104' title='bbox 2454 2542 2638 2602; x_wconf 87' lang='lat' dir='ltr'>dicit:</span> <span class='ocrx_word' id='word_1_105' title='bbox 2677 2543 2774 2602; x_wconf 91' lang='lat' dir='ltr'>Tu</span> <span class='ocrx_word' id='word_1_106' title='bbox 2806 2542 3329 2617; x_wconf 86' lang='lat' dir='ltr'>possibilitatem</span> <span class='ocrx_word' id='word_1_107' title='bbox 3362 2539 3573 2600; x_wconf 86' lang='lat' dir='ltr'>hahes</span> <span class='ocrx_word' id='word_1_108' title='bbox 3611 2538 3779 2598; x_wconf 83' lang='lat' dir='ltr'>face·</span> 
     </span>
     <span class='ocr_line' id='line_1_15' title="bbox 681 2640 3776 2719; baseline -0 -19"><span class='ocrx_word' id='word_1_109' title='bbox 681 2656 750 2700; x_wconf 84' lang='lat' dir='ltr'>re</span> <span class='ocrx_word' id='word_1_110' title='bbox 784 2641 1256 2718; x_wconf 89' lang='lat' dir='ltr'>quodcumque</span> <span class='ocrx_word' id='word_1_111' title='bbox 1290 2642 1613 2715; x_wconf 86' lang='lat' dir='ltr'>volueris;</span> <span class='ocrx_word' id='word_1_112' title='bbox 1655 2642 1759 2702; x_wconf 84' lang='lat' dir='ltr'>fac</span> <span class='ocrx_word' id='word_1_113' title='bbox 1793 2658 1952 2717; x_wconf 81' lang='lat' dir='ltr'>ergo</span> <span class='ocrx_word' id='word_1_114' title='bbox 1989 2644 2116 2703; x_wconf 92' lang='lat' dir='ltr'>hoc</span> <span class='ocrx_word' id='word_1_115' title='bbox 2147 2647 2216 2704; x_wconf 89' lang='lat' dir='ltr'>et</span> <span class='ocrx_word' id='word_1_116' title='bbox 2250 2644 2437 2719; x_wconf 92' lang='lat' dir='ltr'>illud,</span> <span class='ocrx_word' id='word_1_117' title='bbox 2473 2650 2542 2703; x_wconf 90' lang='lat' dir='ltr'>et</span> <span class='ocrx_word' id='word_1_118' title='bbox 2573 2659 2847 2704; x_wconf 86' lang='lat' dir='ltr'>causam</span> <span class='ocrx_word' id='word_1_119' title='bbox 2884 2643 3057 2703; x_wconf 90' lang='lat' dir='ltr'>hanc</span> <span class='ocrx_word' id='word_1_120' title='bbox 3103 2649 3171 2703; x_wconf 91' lang='lat' dir='ltr'>et</span> <span class='ocrx_word' id='word_1_121' title='bbox 3207 2643 3413 2716; x_wconf 90' lang='lat' dir='ltr'>illam,</span> <span class='ocrx_word' id='word_1_122' title='bbox 3465 2642 3630 2718; x_wconf 89' lang='lat' dir='ltr'>quia</span> <span class='ocrx_word' id='word_1_123' title='bbox 3662 2640 3776 2701; x_wconf 88' lang='lat' dir='ltr'>tibi</span> 
     </span>
     <span class='ocr_line' id='line_1_16' title="bbox 661 2740 3774 2825; baseline -0 -22"><span class='ocrx_word' id='word_1_124' title='bbox 661 2740 807 2804; x_wconf 85' lang='lat' dir='ltr'>¹non</span> <span class='ocrx_word' id='word_1_125' title='bbox 842 2751 949 2804; x_wconf 89' lang='lat' dir='ltr'>est</span> <span class='ocrx_word' id='word_1_126' title='bbox 982 2746 1145 2805; x_wconf 89' lang='lat' dir='ltr'>utile</span> <span class='ocrx_word' id='word_1_127' title='bbox 1181 2753 1253 2804; x_wconf 93' lang='lat' dir='ltr'>ut</span> <span class='ocrx_word' id='word_1_128' title='bbox 1295 2745 1631 2821; x_wconf 87' lang='lat' dir='ltr'>justitiam</span> <span class='ocrx_word' id='word_1_129' title='bbox 1667 2744 1808 2822; x_wconf 86' lang='lat' dir='ltr'>(fol.</span> <span class='ocrx_word' id='word_1_130' title='bbox 1861 2746 1977 2825; x_wconf 89' lang='lat'>93)</span> <span class='ocrx_word' id='word_1_131' title='bbox 2015 2748 2367 2822; x_wconf 83' lang='lat' dir='ltr'>inspicias,</span> <span class='ocrx_word' id='word_1_132' title='bbox 2420 2749 2734 2824; x_wconf 89' lang='lat' dir='ltr'>quoniam</span> <span class='ocrx_word' id='word_1_133' title='bbox 2771 2748 2830 2806; x_wconf 90' lang='lat' dir='ltr'>si</span> <span class='ocrx_word' id='word_1_134' title='bbox 2879 2763 3027 2807; x_wconf 89' lang='lat' dir='ltr'>eam</span> <span class='ocrx_word' id='word_1_135' title='bbox 3063 2762 3330 2823; x_wconf 85' lang='lat' dir='ltr'>semper</span> <span class='ocrx_word' id='word_1_136' title='bbox 3379 2745 3774 2822; x_wconf 83' lang='lat' dir='ltr'>inspexeris,</span> 
     </span>
     <span class='ocr_line' id='line_1_17' title="bbox 681 2848 3780 2922; baseline -0 -16"><span class='ocrx_word' id='word_1_137' title='bbox 681 2864 811 2906; x_wconf 91' lang='lat' dir='ltr'>non</span> <span class='ocrx_word' id='word_1_138' title='bbox 860 2863 935 2907; x_wconf 90' lang='lat' dir='ltr'>es</span> <span class='ocrx_word' id='word_1_139' title='bbox 970 2848 1313 2922; x_wconf 81' lang='lat' dir='ltr'>dominuS,</span> <span class='ocrx_word' id='word_1_140' title='bbox 1367 2849 1484 2907; x_wconf 91' lang='lat' dir='ltr'>sed</span> <span class='ocrx_word' id='word_1_141' title='bbox 1536 2864 1796 2909; x_wconf 81' lang='lat' dir='ltr'>servus,</span> <span class='ocrx_word' id='word_1_142' title='bbox 1835 2851 1929 2910; x_wconf 92' lang='lat' dir='ltr'>Tu</span> <span class='ocrx_word' id='word_1_143' title='bbox 1964 2857 2188 2910; x_wconf 88' lang='lat' dir='ltr'>autem</span> <span class='ocrx_word' id='word_1_144' title='bbox 2238 2852 2565 2912; x_wconf 89' lang='lat' dir='ltr'>latronem</span> <span class='ocrx_word' id='word_1_145' title='bbox 2601 2850 2768 2909; x_wconf 81' lang='lat' dir='ltr'>haec</span> <span class='ocrx_word' id='word_1_146' title='bbox 2815 2849 2940 2910; x_wconf 87' lang='lat' dir='ltr'>tibi</span> <span class='ocrx_word' id='word_1_147' title='bbox 2987 2849 3456 2909; x_wconf 82' lang='lat' dir='ltr'>consiliantem</span> <span class='ocrx_word' id='word_1_148' title='bbox 3502 2863 3641 2907; x_wconf 92' lang='lat' dir='ltr'>non</span> <span class='ocrx_word' id='word_1_149' title='bbox 3672 2861 3780 2906; x_wconf 87' lang='lat' dir='ltr'>au·</span> 
     </span>
     <span class='ocr_line' id='line_1_18' title="bbox 680 2951 3779 3033; baseline 0 -23"><span class='ocrx_word' id='word_1_150' title='bbox 680 2953 851 3027; x_wconf 84' lang='lat' dir='ltr'>diaS,</span> <span class='ocrx_word' id='word_1_151' title='bbox 905 2953 1019 3029; x_wconf 88' lang='lat' dir='ltr'>qui</span> <span class='ocrx_word' id='word_1_152' title='bbox 1075 2959 1138 3012; x_wconf 87' lang='lat' dir='ltr'>te</span> <span class='ocrx_word' id='word_1_153' title='bbox 1189 2953 1255 3011; x_wconf 91' lang='lat' dir='ltr'>in</span> <span class='ocrx_word' id='word_1_154' title='bbox 1302 2954 1520 3029; x_wconf 89' lang='lat' dir='ltr'>prima</span> <span class='ocrx_word' id='word_1_155' title='bbox 1570 2960 1793 3013; x_wconf 87' lang='lat' dir='ltr'>aetate</span> <span class='ocrx_word' id='word_1_156' title='bbox 1841 2972 2122 3031; x_wconf 84' lang='lat' dir='ltr'>magnae</span> <span class='ocrx_word' id='word_1_157' title='bbox 2170 2957 2426 3033; x_wconf 82' lang='lat' dir='ltr'>gloriae</span> <span class='ocrx_word' id='word_1_158' title='bbox 2472 2955 2955 3028; x_wconf 86' lang='lat' dir='ltr'>denudaverat,</span> <span class='ocrx_word' id='word_1_159' title='bbox 3005 2952 3270 3031; x_wconf 86' lang='lat' dir='ltr'>quando</span> <span class='ocrx_word' id='word_1_160' title='bbox 3317 2952 3606 3031; x_wconf 85' lang='lat' dir='ltr'>pulchra</span> <span class='ocrx_word' id='word_1_161' title='bbox 3656 2951 3779 3012; x_wconf 85' lang='lat' dir='ltr'>for·</span> 
     </span>
     <span class='ocr_line' id='line_1_19' title="bbox 681 3055 3774 3137; baseline -0.001 -19"><span class='ocrx_word' id='word_1_162' title='bbox 681 3074 787 3118; x_wconf 88' lang='lat' dir='ltr'>ma</span> <span class='ocrx_word' id='word_1_163' title='bbox 820 3057 902 3117; x_wconf 90' lang='lat' dir='ltr'>de</span> <span class='ocrx_word' id='word_1_164' title='bbox 935 3060 1159 3117; x_wconf 86' lang='lat' dir='ltr'>cinere</span> <span class='ocrx_word' id='word_1_165' title='bbox 1198 3057 1414 3118; x_wconf 82' lang='lat' dir='ltr'>factus</span> <span class='ocrx_word' id='word_1_166' title='bbox 1449 3075 1546 3133; x_wconf 81' lang='lat' dir='ltr'>eS,</span> <span class='ocrx_word' id='word_1_167' title='bbox 1583 3065 1650 3118; x_wconf 92' lang='lat' dir='ltr'>et</span> <span class='ocrx_word' id='word_1_168' title='bbox 1683 3061 1949 3136; x_wconf 86' lang='lat' dir='ltr'>quando</span> <span class='ocrx_word' id='word_1_169' title='bbox 1983 3064 2219 3137; x_wconf 88' lang='lat' dir='ltr'>postea</span> <span class='ocrx_word' id='word_1_170' title='bbox 2254 3062 2460 3121; x_wconf 85' lang='lat' dir='ltr'>vitale</span> <span class='ocrx_word' id='word_1_171' title='bbox 2512 3061 2835 3136; x_wconf 88' lang='lat' dir='ltr'>accepisti</span> <span class='ocrx_word' id='word_1_172' title='bbox 2872 3060 3306 3136; x_wconf 85' lang='lat' dir='ltr'>spiraculum.</span> <span class='ocrx_word' id='word_1_173' title='bbox 3353 3055 3541 3118; x_wconf 83' lang='lat' dir='ltr'>Unde</span> <span class='ocrx_word' id='word_1_174' title='bbox 3572 3056 3774 3116; x_wconf 88' lang='lat' dir='ltr'>etiam</span> 
     </span>
     <span class='ocr_line' id='line_1_20' title="bbox 680 3160 3771 3242; baseline -0.002 -19"><span class='ocrx_word' id='word_1_175' title='bbox 680 3167 744 3223; x_wconf 91' lang='lat' dir='ltr'>in</span> <span class='ocrx_word' id='word_1_176' title='bbox 777 3164 1044 3223; x_wconf 88' lang='lat' dir='ltr'>Patrem</span> <span class='ocrx_word' id='word_1_177' title='bbox 1080 3167 1289 3237; x_wconf 90' lang='lat' dir='ltr'>tuum,</span> <span class='ocrx_word' id='word_1_178' title='bbox 1342 3166 1456 3240; x_wconf 88' lang='lat' dir='ltr'>qui</span> <span class='ocrx_word' id='word_1_179' title='bbox 1493 3171 1556 3222; x_wconf 90' lang='lat' dir='ltr'>te</span> <span class='ocrx_word' id='word_1_180' title='bbox 1606 3165 1885 3238; x_wconf 88' lang='lat' dir='ltr'>creavit,</span> <span class='ocrx_word' id='word_1_181' title='bbox 1938 3165 2332 3241; x_wconf 81' lang='lat' dir='ltr'>diligentius</span> <span class='ocrx_word' id='word_1_182' title='bbox 2383 3167 2635 3242; x_wconf 87' lang='lat' dir='ltr'>aspice,</span> <span class='ocrx_word' id='word_1_183' title='bbox 2687 3165 2846 3241; x_wconf 89' lang='lat' dir='ltr'>quia</span> <span class='ocrx_word' id='word_1_184' title='bbox 2896 3179 3084 3223; x_wconf 88' lang='lat' dir='ltr'>mens</span> <span class='ocrx_word' id='word_1_185' title='bbox 3133 3169 3250 3224; x_wconf 91' lang='lat' dir='ltr'>tua</span> <span class='ocrx_word' id='word_1_186' title='bbox 3299 3160 3615 3221; x_wconf 87' lang='lat' dir='ltr'>benivola</span> <span class='ocrx_word' id='word_1_187' title='bbox 3648 3163 3771 3231; x_wconf 86' lang='lat' dir='ltr'>est,</span> 
     </span>
     <span class='ocr_line' id='line_1_21' title="bbox 680 3264 3770 3345; baseline -0.002 -19"><span class='ocrx_word' id='word_1_188' title='bbox 680 3269 770 3326; x_wconf 85' lang='lat' dir='ltr'>ita</span> <span class='ocrx_word' id='word_1_189' title='bbox 805 3266 981 3342; x_wconf 92' lang='lat' dir='ltr'>quod</span> <span class='ocrx_word' id='word_1_190' title='bbox 1016 3266 1265 3326; x_wconf 84' lang='lat' dir='ltr'>bonurn</span> <span class='ocrx_word' id='word_1_191' title='bbox 1299 3266 1586 3326; x_wconf 86' lang='lat' dir='ltr'>libenter</span> <span class='ocrx_word' id='word_1_192' title='bbox 1622 3266 1902 3341; x_wconf 82' lang='lat' dir='ltr'>facereS,</span> <span class='ocrx_word' id='word_1_193' title='bbox 1942 3268 2072 3327; x_wconf 89' lang='lat' dir='ltr'>nisi</span> <span class='ocrx_word' id='word_1_194' title='bbox 2107 3269 2284 3343; x_wconf 92' lang='lat' dir='ltr'>quod</span> <span class='ocrx_word' id='word_1_195' title='bbox 2322 3269 2612 3345; x_wconf 87' lang='lat' dir='ltr'>squalidi</span> <span class='ocrx_word' id='word_1_196' title='bbox 2650 3284 2871 3328; x_wconf 86' lang='lat' dir='ltr'>mores</span> <span class='ocrx_word' id='word_1_197' title='bbox 2907 3267 3249 3327; x_wconf 87' lang='lat' dir='ltr'>hominum</span> <span class='ocrx_word' id='word_1_198' title='bbox 3289 3266 3353 3324; x_wconf 91' lang='lat' dir='ltr'>in</span> <span class='ocrx_word' id='word_1_199' title='bbox 3387 3271 3451 3323; x_wconf 90' lang='lat' dir='ltr'>te</span> <span class='ocrx_word' id='word_1_200' title='bbox 3484 3264 3770 3335; x_wconf 86' lang='lat' dir='ltr'>irruunt,</span> 
     </span>
     <span class='ocr_line' id='line_1_22' title="bbox 681 3368 3775 3448; baseline 0 -20"><span class='ocrx_word' id='word_1_201' title='bbox 681 3377 748 3431; x_wconf 87' lang='lat' dir='ltr'>et</span> <span class='ocrx_word' id='word_1_202' title='bbox 782 3387 932 3429; x_wconf 87' lang='lat' dir='ltr'>cum</span> <span class='ocrx_word' id='word_1_203' title='bbox 985 3371 1119 3429; x_wconf 90' lang='lat' dir='ltr'>illis</span> <span class='ocrx_word' id='word_1_204' title='bbox 1153 3386 1273 3446; x_wconf 89' lang='lat' dir='ltr'>per</span> <span class='ocrx_word' id='word_1_205' title='bbox 1306 3369 1578 3446; x_wconf 88' lang='lat' dir='ltr'>aliquod</span> <span class='ocrx_word' id='word_1_206' title='bbox 1614 3376 1878 3446; x_wconf 89' lang='lat' dir='ltr'>tempus</span> <span class='ocrx_word' id='word_1_207' title='bbox 1914 3372 2304 3448; x_wconf 81' lang='lat' dir='ltr'>implicaris,</span> <span class='ocrx_word' id='word_1_208' title='bbox 2342 3374 2504 3448; x_wconf 91' lang='lat' dir='ltr'>Hoc,</span> <span class='ocrx_word' id='word_1_209' title='bbox 2541 3388 2697 3432; x_wconf 89' lang='lat' dir='ltr'>care</span> <span class='ocrx_word' id='word_1_210' title='bbox 2730 3373 2824 3434; x_wconf 85' lang='lat' dir='ltr'>fili</span> <span class='ocrx_word' id='word_1_211' title='bbox 2856 3373 2999 3447; x_wconf 93' lang='lat' dir='ltr'>Dei,</span> <span class='ocrx_word' id='word_1_212' title='bbox 3036 3377 3309 3432; x_wconf 87' lang='lat' dir='ltr'>strenue</span> <span class='ocrx_word' id='word_1_213' title='bbox 3345 3370 3524 3446; x_wconf 80' lang='lat' dir='ltr'>fuge,</span> <span class='ocrx_word' id='word_1_214' title='bbox 3559 3372 3632 3429; x_wconf 89' lang='lat' dir='ltr'>et</span> <span class='ocrx_word' id='word_1_215' title='bbox 3661 3368 3775 3428; x_wconf 82' lang='lat' dir='ltr'>Pa-</span> 
     </span>
     <span class='ocr_line' id='line_1_23' title="bbox 681 3473 3770 3552; baseline -0.002 -17"><span class='ocrx_word' id='word_1_216' title='bbox 681 3485 853 3535; x_wconf 87' lang='lat' dir='ltr'>trem</span> <span class='ocrx_word' id='word_1_217' title='bbox 901 3483 1090 3533; x_wconf 91' lang='lat' dir='ltr'>tuum</span> <span class='ocrx_word' id='word_1_218' title='bbox 1126 3475 1384 3550; x_wconf 87' lang='lat' dir='ltr'>invoca,</span> <span class='ocrx_word' id='word_1_219' title='bbox 1436 3475 1752 3550; x_wconf 89' lang='lat' dir='ltr'>quoniam</span> <span class='ocrx_word' id='word_1_220' title='bbox 1788 3491 2056 3534; x_wconf 88' lang='lat' dir='ltr'>manum</span> <span class='ocrx_word' id='word_1_221' title='bbox 2107 3492 2298 3536; x_wconf 91' lang='lat' dir='ltr'>suam</span> <span class='ocrx_word' id='word_1_222' title='bbox 2335 3478 2399 3535; x_wconf 89' lang='lat' dir='ltr'>in</span> <span class='ocrx_word' id='word_1_223' title='bbox 2449 3476 2857 3552; x_wconf 88' lang='lat' dir='ltr'>adjutorium</span> <span class='ocrx_word' id='word_1_224' title='bbox 2891 3479 3078 3537; x_wconf 86' lang='lat' dir='ltr'>tuum</span> <span class='ocrx_word' id='word_1_225' title='bbox 3129 3474 3421 3535; x_wconf 85' lang='lat' dir='ltr'>libenter</span> <span class='ocrx_word' id='word_1_226' title='bbox 3465 3473 3770 3548; x_wconf 79' lang='lat' dir='ltr'>porrigit.</span> 
     </span>
     <span class='ocr_line' id='line_1_24' title="bbox 683 3581 2797 3658; baseline 0.001 -18"><span class='ocrx_word' id='word_1_227' title='bbox 683 3583 864 3640; x_wconf 74' lang='lat' dir='ltr'>Nunc</span> <span class='ocrx_word' id='word_1_228' title='bbox 899 3581 966 3639; x_wconf 93' lang='lat' dir='ltr'>in</span> <span class='ocrx_word' id='word_1_229' title='bbox 1002 3585 1348 3639; x_wconf 88' lang='lat' dir='ltr'>aeternum</span> <span class='ocrx_word' id='word_1_230' title='bbox 1383 3582 1559 3654; x_wconf 86' lang='lat' dir='ltr'>vive,</span> <span class='ocrx_word' id='word_1_231' title='bbox 1597 3589 1664 3640; x_wconf 91' lang='lat' dir='ltr'>et</span> <span class='ocrx_word' id='word_1_232' title='bbox 1698 3583 1765 3640; x_wconf 89' lang='lat' dir='ltr'>in</span> <span class='ocrx_word' id='word_1_233' title='bbox 1798 3585 2068 3640; x_wconf 88' lang='lat' dir='ltr'>aeterna</span> <span class='ocrx_word' id='word_1_234' title='bbox 2106 3582 2424 3642; x_wconf 83' lang='lat' dir='ltr'>felicitate</span> <span class='ocrx_word' id='word_1_235' title='bbox 2458 3598 2797 3658; x_wconf 88' lang='lat' dir='ltr'>permane.</span> 
     </span>
    </p>
   </div>
   <div class='ocr_carea' id='block_1_8' title="bbox 2121 3793 2336 3853">
    <p class='ocr_par' dir='ltr' id='par_1_8' title="bbox 2121 3793 2336 3853">
     <span class='ocr_line' id='line_1_25' title="bbox 2121 3793 2336 3853; baseline 0 0"><span class='ocrx_word' id='word_1_236' title='bbox 2121 3793 2336 3853; x_wconf 87' lang='lat' dir='ltr'>CXIII.</span> 
     </span>
    </p>
   </div>
   <div class='ocr_carea' id='block_1_9' title="bbox 1405 3984 3052 4061">
    <p class='ocr_par' dir='ltr' id='par_1_9' title="bbox 1405 3984 3052 4061">
     <span class='ocr_line' id='line_1_26' title="bbox 1405 3984 3052 4061; baseline -0.001 -16"><span class='ocrx_word' id='word_1_237' title='bbox 1405 3984 1759 4045; x_wconf 82' lang='lat' dir='ltr'>Bertholdo</span> <span class='ocrx_word' id='word_1_238' title='bbox 1794 3985 2118 4043; x_wconf 81' lang='lat' dir='ltr'>sacerdoti</span> <span class='ocrx_word' id='word_1_239' title='bbox 2153 3984 2232 4043; x_wconf 81' lang='lat' dir='ltr'>de</span> <span class='ocrx_word' id='word_1_240' title='bbox 2274 3987 2576 4045; x_wconf 80' lang='lat' dir='ltr'>Bunnun</span> <span class='ocrx_word' id='word_1_241' title='bbox 2610 3985 3052 4061; x_wconf 76' lang='lat' dir='ltr'>Hildeqardis.</span> 
     </span>
    </p>
   </div>
   <div class='ocr_carea' id='block_1_10' title="bbox 750 4169 2318 4242">
    <p class='ocr_par' dir='ltr' id='par_1_10' title="bbox 750 4169 2318 4242">
     <span class='ocr_line' id='line_1_27' title="bbox 750 4169 2318 4242; baseline -0.003 -13"><span class='ocrx_word' id='word_1_242' title='bbox 750 4173 1087 4230; x_wconf 80' lang='lat' dir='ltr'>Prudentem</span> <span class='ocrx_word' id='word_1_243' title='bbox 1115 4170 1288 4227; x_wconf 86' lang='lat' dir='ltr'>amici</span> <span class='ocrx_word' id='word_1_244' title='bbox 1314 4169 1696 4242; x_wconf 86' lang='lat' dir='ltr'>periclitantis</span> <span class='ocrx_word' id='word_1_245' title='bbox 1720 4185 1915 4226; x_wconf 86' lang='lat' dir='ltr'>curam</span> <span class='ocrx_word' id='word_1_246' title='bbox 1942 4169 2318 4225; x_wconf 80' lang='lat' dir='ltr'>commendat.</span> 
     </span>
    </p>
   </div>
   <div class='ocr_carea' id='block_1_11' title="bbox 679 4311 3774 4704">
    <p class='ocr_par' dir='ltr' id='par_1_11' title="bbox 679 4311 3774 4704">
     <span class='ocr_line' id='line_1_28' title="bbox 769 4311 3772 4391; baseline 0.001 -19"><span class='ocrx_word' id='word_1_247' title='bbox 769 4311 942 4374; x_wconf 90' lang='lat' dir='ltr'>Deus</span> <span class='ocrx_word' id='word_1_248' title='bbox 991 4314 1325 4389; x_wconf 87' lang='lat' dir='ltr'>praevidit</span> <span class='ocrx_word' id='word_1_249' title='bbox 1373 4314 1595 4374; x_wconf 89' lang='lat' dir='ltr'>omnia</span> <span class='ocrx_word' id='word_1_250' title='bbox 1643 4314 1967 4383; x_wconf 87' lang='lat' dir='ltr'>viventia,</span> <span class='ocrx_word' id='word_1_251' title='bbox 2017 4317 2085 4374; x_wconf 91' lang='lat' dir='ltr'>et</span> <span class='ocrx_word' id='word_1_252' title='bbox 2118 4312 2311 4387; x_wconf 86' lang='lat' dir='ltr'>plena</span> <span class='ocrx_word' id='word_1_253' title='bbox 2358 4329 2560 4389; x_wconf 88' lang='lat' dir='ltr'>opera</span> <span class='ocrx_word' id='word_1_254' title='bbox 2609 4314 2802 4390; x_wconf 83' lang='lat' dir='ltr'>digiti</span> <span class='ocrx_word' id='word_1_255' title='bbox 2852 4316 2981 4389; x_wconf 90' lang='lat' dir='ltr'>sui,</span> <span class='ocrx_word' id='word_1_256' title='bbox 3034 4319 3101 4375; x_wconf 93' lang='lat' dir='ltr'>et</span> <span class='ocrx_word' id='word_1_257' title='bbox 3147 4331 3226 4375; x_wconf 89' lang='lat' dir='ltr'>ea</span> <span class='ocrx_word' id='word_1_258' title='bbox 3272 4315 3340 4374; x_wconf 91' lang='lat' dir='ltr'>in</span> <span class='ocrx_word' id='word_1_259' title='bbox 3387 4315 3605 4391; x_wconf 80' lang='lat' dir='ltr'>gloria</span> <span class='ocrx_word' id='word_1_260' title='bbox 3653 4331 3772 4375; x_wconf 82' lang='lat' dir='ltr'>sua</span> 
     </span>
     <span class='ocr_line' id='line_1_29' title="bbox 679 4418 3771 4497; baseline 0.002 -22"><span class='ocrx_word' id='word_1_261' title='bbox 679 4421 1048 4480; x_wconf 79' lang='lat' dir='ltr'>constituit.</span> <span class='ocrx_word' id='word_1_262' title='bbox 1086 4421 1209 4480; x_wconf 90' lang='lat' dir='ltr'>Sed</span> <span class='ocrx_word' id='word_1_263' title='bbox 1246 4422 1311 4481; x_wconf 90' lang='lat' dir='ltr'>in</span> <span class='ocrx_word' id='word_1_264' title='bbox 1346 4422 1571 4497; x_wconf 89' lang='lat' dir='ltr'>aliqua</span> <span class='ocrx_word' id='word_1_265' title='bbox 1604 4426 1796 4497; x_wconf 91' lang='lat' dir='ltr'>parte</span> <span class='ocrx_word' id='word_1_266' title='bbox 1829 4420 2113 4480; x_wconf 87' lang='lat' dir='ltr'>istorum</span> <span class='ocrx_word' id='word_1_267' title='bbox 2151 4418 2326 4479; x_wconf 91' lang='lat' dir='ltr'>Deus</span> <span class='ocrx_word' id='word_1_268' title='bbox 2360 4419 2736 4480; x_wconf 86' lang='lat' dir='ltr'>claritatem</span> <span class='ocrx_word' id='word_1_269' title='bbox 2776 4420 2898 4481; x_wconf 88' lang='lat' dir='ltr'>tibi</span> <span class='ocrx_word' id='word_1_270' title='bbox 2934 4421 3263 4496; x_wconf 86' lang='lat' dir='ltr'>infundat,</span> <span class='ocrx_word' id='word_1_271' title='bbox 3311 4421 3412 4481; x_wconf 87' lang='lat' dir='ltr'>ita</span> <span class='ocrx_word' id='word_1_272' title='bbox 3444 4427 3519 4482; x_wconf 91' lang='lat' dir='ltr'>ut</span> <span class='ocrx_word' id='word_1_273' title='bbox 3556 4420 3771 4497; x_wconf 79' lang='lat' dir='ltr'>fugias</span> 
     </span>
     <span class='ocr_line' id='line_1_30' title="bbox 681 4509 3773 4600; baseline 0.002 -21"><span class='ocrx_word' id='word_1_274' title='bbox 681 4523 992 4583; x_wconf 76' lang='lat' dir='ltr'>tenebras</span> <span class='ocrx_word' id='word_1_275' title='bbox 1043 4526 1107 4583; x_wconf 93' lang='lat' dir='ltr'>in</span> <span class='ocrx_word' id='word_1_276' title='bbox 1142 4509 1610 4585; x_wconf 81' lang='lat' dir='ltr'>vicissitudine</span> <span class='ocrx_word' id='word_1_277' title='bbox 1661 4525 2025 4585; x_wconf 87' lang='lat' dir='ltr'>turbinum.</span> <span class='ocrx_word' id='word_1_278' title='bbox 2077 4524 2210 4583; x_wconf 90' lang='lat' dir='ltr'>Iste</span> <span class='ocrx_word' id='word_1_279' title='bbox 2242 4528 2468 4583; x_wconf 89' lang='lat' dir='ltr'>autem</span> <span class='ocrx_word' id='word_1_280' title='bbox 2520 4523 2716 4583; x_wconf 91' lang='lat' dir='ltr'>homo</span> <span class='ocrx_word' id='word_1_281' title='bbox 2765 4523 2881 4600; x_wconf 92' lang='lat' dir='ltr'>qui</span> <span class='ocrx_word' id='word_1_282' title='bbox 2932 4524 2999 4583; x_wconf 90' lang='lat' dir='ltr'>in</span> <span class='ocrx_word' id='word_1_283' title='bbox 3031 4524 3332 4584; x_wconf 85' lang='lat' dir='ltr'>amicitia</span> <span class='ocrx_word' id='word_1_284' title='bbox 3379 4530 3496 4584; x_wconf 87' lang='lat' dir='ltr'>tua</span> <span class='ocrx_word' id='word_1_285' title='bbox 3530 4530 3658 4598; x_wconf 88' lang='lat' dir='ltr'>est,</span> <span class='ocrx_word' id='word_1_286' title='bbox 3710 4526 3773 4584; x_wconf 89' lang='lat' dir='ltr'>in</span> 
     </span>
     <span class='ocr_line' id='line_1_31' title="bbox 680 4625 3774 4704; baseline 0.001 -21"><span class='ocrx_word' id='word_1_287' title='bbox 680 4625 970 4685; x_wconf 84' lang='lat' dir='ltr'>stultitia</span> <span class='ocrx_word' id='word_1_288' title='bbox 1019 4628 1282 4686; x_wconf 90' lang='lat' dir='ltr'>animae</span> <span class='ocrx_word' id='word_1_289' title='bbox 1315 4629 1538 4688; x_wconf 86' lang='lat' dir='ltr'>lassus</span> <span class='ocrx_word' id='word_1_290' title='bbox 1587 4633 1714 4702; x_wconf 90' lang='lat' dir='ltr'>est,</span> <span class='ocrx_word' id='word_1_291' title='bbox 1752 4628 1937 4687; x_wconf 84' lang='lat' dir='ltr'>velut</span> <span class='ocrx_word' id='word_1_292' title='bbox 1987 4627 2054 4685; x_wconf 92' lang='lat' dir='ltr'>in</span> <span class='ocrx_word' id='word_1_293' title='bbox 2101 4626 2476 4702; x_wconf 82' lang='lat' dir='ltr'>ignorantia</span> <span class='ocrx_word' id='word_1_294' title='bbox 2527 4625 2860 4700; x_wconf 85' lang='lat' dir='ltr'>infantuli,</span> <span class='ocrx_word' id='word_1_295' title='bbox 2899 4627 2993 4687; x_wconf 88' lang='lat' dir='ltr'>ita</span> <span class='ocrx_word' id='word_1_296' title='bbox 3027 4627 3205 4704; x_wconf 90' lang='lat' dir='ltr'>quod</span> <span class='ocrx_word' id='word_1_297' title='bbox 3238 4643 3370 4687; x_wconf 86' lang='lat' dir='ltr'>non</span> <span class='ocrx_word' id='word_1_298' title='bbox 3402 4626 3632 4703; x_wconf 90' lang='lat' dir='ltr'>aliqua</span> <span class='ocrx_word' id='word_1_299' title='bbox 3665 4626 3774 4687; x_wconf 89' lang='lat' dir='ltr'>ho-</span> 
     </span>
    </p>
   </div>
   <div class='ocr_carea' id='block_1_12' title="bbox 678 4825 3768 5242">
    <p class='ocr_par' dir='ltr' id='par_1_12' title="bbox 678 4825 3768 5242">
     <span class='ocr_line' id='line_1_32' title="bbox 753 4825 3768 4899; baseline 0 -17"><span class='ocrx_word' id='word_1_300' title='bbox 753 4828 794 4893; x_wconf 84' lang='grc' dir='ltr'>Ι)</span> <span class='ocrx_word' id='word_1_301' title='bbox 817 4825 1004 4882; x_wconf 91' lang='lat' dir='ltr'>Dubio</span> <span class='ocrx_word' id='word_1_302' title='bbox 1027 4829 1222 4899; x_wconf 88' lang='lat' dir='ltr'>procul</span> <span class='ocrx_word' id='word_1_303' title='bbox 1245 4827 1357 4882; x_wconf 85' lang='lat' dir='ltr'>alia</span> <span class='ocrx_word' id='word_1_304' title='bbox 1384 4844 1496 4882; x_wconf 87' lang='lat' dir='ltr'>non</span> <span class='ocrx_word' id='word_1_305' title='bbox 1521 4834 1608 4884; x_wconf 87' lang='lat' dir='ltr'>est</span> <span class='ocrx_word' id='word_1_306' title='bbox 1636 4828 1733 4883; x_wconf 88' lang='lat' dir='ltr'>illa</span> <span class='ocrx_word' id='word_1_307' title='bbox 1756 4827 2068 4896; x_wconf 80' lang='lat' dir='ltr'>Anglorum</span> <span class='ocrx_word' id='word_1_308' title='bbox 2096 4842 2181 4881; x_wconf 85' lang='lat' dir='ltr'>re·</span> <span class='ocrx_word' id='word_1_309' title='bbox 2273 4827 2428 4882; x_wconf 82' lang='lat' dir='ltr'>clusa</span> <span class='ocrx_word' id='word_1_310' title='bbox 2458 4826 2589 4882; x_wconf 76' lang='lat' dir='ltr'>fuit!</span> <span class='ocrx_word' id='word_1_311' title='bbox 2626 4857 2689 4866; x_wconf 89' lang='lat'>——</span> <span class='ocrx_word' id='word_1_312' title='bbox 2715 4829 2761 4892; x_wconf 68' lang='grc'>2)</span> <span class='ocrx_word' id='word_1_313' title='bbox 2786 4826 2997 4882; x_wconf 83' lang='lat' dir='ltr'>Taedet</span> <span class='ocrx_word' id='word_1_314' title='bbox 3024 4828 3175 4883; x_wconf 87' lang='lat' dir='ltr'>hunc</span> <span class='ocrx_word' id='word_1_315' title='bbox 3202 4841 3386 4895; x_wconf 83' lang='lat' dir='ltr'>regem</span> <span class='ocrx_word' id='word_1_316' title='bbox 3415 4842 3537 4882; x_wconf 78' lang='lat' dir='ltr'>esse</span> <span class='ocrx_word' id='word_1_317' title='bbox 3566 4826 3768 4883; x_wconf 78' lang='lat' dir='ltr'>Heari-</span> 
     </span>
     <span class='ocr_line' id='line_1_33' title="bbox 680 4910 3767 4984; baseline -0.001 -18"><span class='ocrx_word' id='word_1_318' title='bbox 680 4911 809 4980; x_wconf 81' lang='lat' dir='ltr'>gina</span> <span class='ocrx_word' id='word_1_319' title='bbox 831 4926 1000 4982; x_wconf 87' lang='lat' dir='ltr'>quam</span> <span class='ocrx_word' id='word_1_320' title='bbox 1026 4910 1234 4968; x_wconf 76' lang='lat' dir='ltr'>famosa</span> <span class='ocrx_word' id='word_1_321' title='bbox 1258 4911 1433 4968; x_wconf 85' lang='lat' dir='ltr'>nimis</span> <span class='ocrx_word' id='word_1_322' title='bbox 1455 4913 1750 4975; x_wconf 85' lang='lat' dir='ltr'>Eleonora,</span> <span class='ocrx_word' id='word_1_323' title='bbox 1767 4929 1911 4984; x_wconf 85' lang='lat' dir='ltr'>quae</span> <span class='ocrx_word' id='word_1_324' title='bbox 1933 4919 2045 4968; x_wconf 82' lang='lat' dir='ltr'>tam</span> <span class='ocrx_word' id='word_1_325' title='bbox 2068 4914 2181 4968; x_wconf 80' lang='lat' dir='ltr'>An·</span> <span class='ocrx_word' id='word_1_326' title='bbox 2270 4928 2399 4971; x_wconf 90' lang='lat' dir='ltr'>cum</span> <span class='ocrx_word' id='word_1_327' title='bbox 2428 4914 2491 4970; x_wconf 91' lang='lat' dir='ltr'>D.</span> <span class='ocrx_word' id='word_1_328' title='bbox 2521 4913 2771 4968; x_wconf 86' lang='lat' dir='ltr'>Thomae</span> <span class='ocrx_word' id='word_1_329' title='bbox 2811 4912 3132 4969; x_wconf 84' lang='lat' dir='ltr'>carnificem</span> <span class='ocrx_word' id='word_1_330' title='bbox 3173 4926 3224 4969; x_wconf 85' lang='lat' dir='ltr'>a.</span> <span class='ocrx_word' id='word_1_331' title='bbox 3261 4915 3420 4974; x_wconf 79' lang='grc'><strong>1170,</strong></span> <span class='ocrx_word' id='word_1_332' title='bbox 3447 4911 3635 4966; x_wconf 88' lang='lat' dir='ltr'>multo</span> <span class='ocrx_word' id='word_1_333' title='bbox 3660 4910 3767 4966; x_wconf 86' lang='lat' dir='ltr'>uti·</span> 
     </span>
     <span class='ocr_line' id='line_1_34' title="bbox 679 4997 3765 5072; baseline 0 -19"><span class='ocrx_word' id='word_1_334' title='bbox 679 4998 825 5064; x_wconf 73' lang='lat' dir='ltr'>gnae</span> <span class='ocrx_word' id='word_1_335' title='bbox 868 5012 1035 5067; x_wconf 83' lang='lat' dir='ltr'>quam</span> <span class='ocrx_word' id='word_1_336' title='bbox 1076 4997 1281 5054; x_wconf 82' lang='lat' dir='ltr'>Galliis</span> <span class='ocrx_word' id='word_1_337' title='bbox 1322 4997 1414 5052; x_wconf 75' lang='lat' dir='ltr'>sax</span> <span class='ocrx_word' id='word_1_338' title='bbox 1454 4998 1646 5054; x_wconf 73' lang='lat' dir='ltr'>feralis</span> <span class='ocrx_word' id='word_1_339' title='bbox 1683 5004 1740 5054; x_wconf 91' lang='lat' dir='ltr'>et</span> <span class='ocrx_word' id='word_1_340' title='bbox 1778 5004 1942 5053; x_wconf 84' lang='lat' dir='ltr'>atrox</span> <span class='ocrx_word' id='word_1_341' title='bbox 1969 4998 2179 5054; x_wconf 89' lang='lat' dir='ltr'>discor·</span> <span class='ocrx_word' id='word_1_342' title='bbox 2266 5015 2377 5071; x_wconf 90' lang='lat' dir='ltr'>que</span> <span class='ocrx_word' id='word_1_343' title='bbox 2420 5003 2668 5072; x_wconf 88' lang='lat' dir='ltr'>tempore</span> <span class='ocrx_word' id='word_1_344' title='bbox 2706 5004 3004 5072; x_wconf 86' lang='lat' dir='ltr'>postquam</span> <span class='ocrx_word' id='word_1_345' title='bbox 3052 4997 3439 5069; x_wconf 79' lang='lat' dir='ltr'>Hildegardis.</span> <span class='ocrx_word' id='word_1_346' title='bbox 3480 4997 3765 5070; x_wconf 85' lang='lat' dir='ltr'>juniorem</span> 
     </span>
     <span class='ocr_line' id='line_1_35' title="bbox 678 5081 3767 5156; baseline 0.002 -21"><span class='ocrx_word' id='word_1_347' title='bbox 678 5084 805 5137; x_wconf 83' lang='lat' dir='ltr'>diae</span> <span class='ocrx_word' id='word_1_348' title='bbox 845 5081 1022 5138; x_wconf 76' lang='lat' dir='ltr'>fomes</span> <span class='ocrx_word' id='word_1_349' title='bbox 1060 5082 1276 5138; x_wconf 84' lang='lat' dir='ltr'>extitit.</span> <span class='ocrx_word' id='word_1_350' title='bbox 1323 5083 1554 5141; x_wconf 78' lang='lat' dir='ltr'>Utinam</span> <span class='ocrx_word' id='word_1_351' title='bbox 1582 5099 1702 5139; x_wconf 82' lang='lat' dir='ltr'>eam</span> <span class='ocrx_word' id='word_1_352' title='bbox 1740 5084 2176 5156; x_wconf 85' lang='lat' dir='ltr'>poenituerit-in</span> <span class='ocrx_word' id='word_1_353' title='bbox 2268 5085 2511 5140; x_wconf 83' lang='lat' dir='ltr'>allocuta</span> <span class='ocrx_word' id='word_1_354' title='bbox 2550 5085 2698 5141; x_wconf 82' lang='lat' dir='ltr'>circa</span> <span class='ocrx_word' id='word_1_355' title='bbox 2743 5087 2903 5150; x_wconf 66' lang='lat'>115⁴,</span> <span class='ocrx_word' id='word_1_356' title='bbox 2941 5085 3048 5140; x_wconf 82' lang='lat' dir='ltr'>sub</span> <span class='ocrx_word' id='word_1_357' title='bbox 3086 5083 3259 5141; x_wconf 75' lang='lat' dir='ltr'>initIo</span> <span class='ocrx_word' id='word_1_358' title='bbox 3302 5084 3485 5154; x_wconf 77' lang='lat' dir='ltr'>regni,</span> <span class='ocrx_word' id='word_1_359' title='bbox 3531 5084 3767 5142; x_wconf 77' lang='lat' dir='ltr'>ferocem</span> 
     </span>
     <span class='ocr_line' id='line_1_36' title="bbox 678 5169 3430 5242; baseline 0 -17"><span class='ocrx_word' id='word_1_360' title='bbox 678 5186 840 5225; x_wconf 77' lang='lat' dir='ltr'>saevo</span> <span class='ocrx_word' id='word_1_361' title='bbox 868 5185 1108 5229; x_wconf 81' lang='lat' dir='ltr'>carcere,</span> <span class='ocrx_word' id='word_1_362' title='bbox 1138 5184 1250 5238; x_wconf 87' lang='lat' dir='ltr'>quo</span> <span class='ocrx_word' id='word_1_363' title='bbox 1279 5169 1539 5240; x_wconf 80' lang='lat' dir='ltr'>pluribus</span> <span class='ocrx_word' id='word_1_364' title='bbox 1567 5170 1730 5225; x_wconf 77' lang='lat' dir='ltr'>annis</span> <span class='ocrx_word' id='word_1_365' title='bbox 1772 5175 1895 5242; x_wconf 83' lang='lat' dir='ltr'>post</span> <span class='ocrx_word' id='word_1_366' title='bbox 1931 5174 2066 5224; x_wconf 81' lang='grc'><strong>1172</strong></span> <span class='ocrx_word' id='word_1_367' title='bbox 2096 5170 2176 5223; x_wconf 89' lang='lat' dir='ltr'>in·</span> <span class='ocrx_word' id='word_1_368' title='bbox 2268 5170 2679 5226; x_wconf 79' lang='lat' dir='ltr'>adolescentem</span> <span class='ocrx_word' id='word_1_369' title='bbox 2710 5170 2776 5224; x_wconf 82' lang='lat' dir='ltr'>ad</span> <span class='ocrx_word' id='word_1_370' title='bbox 2808 5169 3041 5225; x_wconf 83' lang='lat' dir='ltr'>meliora</span> <span class='ocrx_word' id='word_1_371' title='bbox 3071 5169 3430 5226; x_wconf 80' lang='lat' dir='ltr'>sollicitavit.</span> 
     </span>
    </p>
   </div>
  </div>
 </body>
</html>
