4036 6117
1318 529 1556 576 Lmen
1615 529 1822 576 vrrae
1874 526 2362 575 iit-:mronuu
3226 509 3311 567 29

282 664 449 725 rum,
485 665 656 727 quas
687 650 862 714 bona
892 655 960 710 et
992 655 1228 710 sancta
1259 665 1464 724 opera
1497 650 1628 710 sibi
1659 654 2091 724 paraverunt,
2126 648 2310 720 ipsae
2343 644 2607 704 animae
2634 646 3023 702 sanctorum
3052 645 3230 715 sunt,
3261 640 3377 715 qui

286 751 349 811 in
380 752 578 813 beata
607 754 750 814 vita
772 754 1029 828 vivunt,
1063 759 1131 813 et
1163 753 1281 831 qui
1313 753 1834 814 innumerabiles
1869 752 1936 811 in
1971 766 2247 810 numero
2285 748 2624 808 hominum
2662 752 2839 820 sunt,
2883 745 3200 822 quoniam
3249 759 3371 803 nu·

294 872 545 916 merum
577 872 808 918 eorum
842 872 1036 916 nemo
1068 857 1199 917 nisi
1233 856 1409 916 Deus
1441 856 1646 917 novit.

1001 1282 1283 1357 Animae
1335 1281 1728 1342 Sanctorum
1775 1296 2048 1356 corpora
2096 1297 2218 1339 sua
2263 1278 2665 1339 desiderant.

362 1495 466 1554 63.
500 1495 585 1555 Et
616 1510 815 1556 voces
846 1509 1077 1556 eorum
1114 1500 1267 1555 sunt
1300 1501 1374 1555 ut
1408 1512 1612 1556 sonus
1644 1510 1969 1572 aquarum
2004 1495 2387 1570 multarum,
2424 1493 2739 1570 quoniam
2776 1490 2842 1550 in
2877 1487 3186 1549 laudibus
3221 1485 3367 1546 suis

282 1596 344 1658 in
377 1599 819 1659 unanimitate
853 1600 1050 1660 unius
1085 1601 1257 1675 soni,
1293 1606 1361 1660 et
1392 1601 1593 1660 unius
1624 1600 1993 1659 voluntatis
2028 1599 2318 1674 spiritali
2353 1598 2740 1674 spiramine,
2777 1601 2851 1656 ut
2881 1608 3094 1670 aquae
3128 1590 3371 1652 salutis

280 1711 533 1781 sonant,
569 1711 640 1766 et
671 1707 901 1767 dicunt
934 1706 1113 1784 quod
1146 1723 1430 1783 corpora
1462 1705 1826 1768 secundum
1860 1708 2274 1766 voluntatem
2306 1705 2424 1765 Dei
2456 1704 2706 1765 dudum
2743 1702 3158 1773 habuissent,
3194 1711 3368 1774 quae

276 1810 582 1885 quamvis
619 1810 685 1869 in
719 1812 1008 1872 cinerem
1043 1826 1243 1873 versa
1275 1813 1432 1888 sint,
1484 1827 1564 1873 ea
1599 1818 1822 1872 tamen
1871 1812 2168 1885 recipere
2216 1809 2620 1884 desiderant,
2674 1814 2746 1869 ut
2794 1812 2979 1868 tanto
3015 1806 3166 1881 plus
3207 1817 3358 1863 cum

281 1912 411 1973 illis
444 1912 803 1990 gaudeant.

1760 2017 1857 2078 LI.

947 2228 1231 2288 Animae
1281 2244 1555 2305 corpora
1601 2246 1723 2287 sua
1767 2228 1842 2287 in
1887 2229 2016 2307 fine
2064 2226 2301 2287 mundi
2348 2227 2696 2304 recipient.

358 2435 462 2496 64.
497 2435 630 2497 Sed
663 2436 750 2497 ab
785 2437 920 2497 illis
954 2437 1069 2514 qui
1106 2438 1173 2525 in
1205 2444 1570 2513 conspectu
1600 2438 1718 2500 Dei
1753 2439 1820 2500 in
1854 2455 2083 2500 amore
2116 2439 2261 2516 ejus
2294 2437 2552 2512 ardent,
2582 2447 2974 2511 responsum
3001 2425 3361 2503 accipiunt,

274 2542 439 2620 quod
472 2541 710 2603 eadem
744 2542 1131 2605 habitacula
1165 2560 1297 2604 non
1332 2545 1658 2620 recipiant
1706 2551 1859 2605 ante
1894 2544 2190 2605 divinam
2235 2544 2639 2620 jussionem,
2689 2544 2757 2599 et
2789 2540 2941 2599 ante
2989 2532 3372 2595 concussio-

276 2663 415 2708 nem
462 2648 972 2725 elementorum,
1025 2665 1174 2710 cum
1227 2649 1639 2711 fortissimus
1676 2651 1851 2726 ignis
1901 2652 2232 2711 elementa
2279 2648 2614 2725 purgabit,
2667 2645 2780 2706 ubi
2827 2644 3004 2703 Deus
3052 2653 3360 2716 magnam

272 2752 629 2828 potentiam
680 2768 871 2811 suam
921 2752 1398 2817 manifestabit.
1447 2754 1611 2815 Nam
1645 2770 1776 2814 vox
1821 2754 1939 2814 Dei
1987 2771 2220 2815 omnes
2268 2757 2571 2814 mortuos
2606 2754 2742 2810 tam
2793 2744 3118 2821 reprobos
3153 2755 3355 2819 quam

267 2857 507 2917 electos
542 2856 923 2934 suscitabit,
975 2864 1044 2918 et
1094 2865 1250 2919 tunc
1299 2874 1451 2919 curn
1488 2860 1888 2935 corporibus
1922 2860 2067 2918 suis
2116 2859 2198 2918 ad
2237 2858 2700 2919 aeternitatem
2736 2857 3035 2928 surgent,
3086 2848 3243 2925 quia
3276 2845 3360 2906 ad

275 2961 875 3022 incommutabilem
909 2963 1116 3023 vitam
1152 2978 1435 3038 corpora
1465 2978 1696 3024 eorum
1731 2964 2190 3040 mutabuntur,
2226 2978 2377 3023 cum
2411 2964 2793 3036 resurgunt,
2838 2954 3146 3034 quamvis
3177 2966 3363 3012 mors

275 3069 431 3131 istos
465 3075 537 3130 et
571 3070 882 3146 quamvis
914 3070 1110 3131 beata
1141 3069 1284 3130 vita
1316 3069 1469 3130 illos
1503 3068 1803 3147 recipiat.

1745 3283 1876 3344 LII.

959 3489 1237 3552 Justitia
1281 3492 1355 3552 in
1408 3491 1659 3555 Christo
1706 3496 1936 3554 contra
1982 3489 2330 3553 Diabolum
2369 3494 2646 3570 pugnat.

354 3697 459 3760 65.
496 3697 686 3771 Quod
720 3700 943 3759 autem
976 3705 1220 3759 ventus
1254 3715 1457 3774 super
1480 3717 1678 3778 quem
1713 3701 2016 3776 praefata
2041 3699 2264 3761 lucida
2287 3699 2500 3760 nubes
2538 3703 2667 3773 est,
2695 3711 2845 3756 cum
2878 3694 3109 3754 eadem
3136 3691 3358 3752 lucida

273 3801 436 3863 nube
468 3802 557 3863 ab
589 3800 856 3862 Oriente
889 3802 973 3864 ad
1006 3803 1534 3878 Septentrionem
1571 3822 1644 3866 se
1676 3806 1936 3881 dilatat,
1974 3804 2102 3865 hoc
2134 3811 2240 3865 est
2273 3803 2451 3882 quod
2482 3802 2771 3880 justitia,
2809 3800 3029 3861 ferens
3077 3796 3358 3875 candida

271 3919 466 3979 opera
496 3906 911 3983 virginitatis
945 3907 1013 3967 in
1046 3907 1337 3983 Christo,
1378 3924 1528 3970 cum
1562 3909 1817 3970 eisdem
1852 3910 2171 3986 operibus
2219 3909 2288 3970 in
2335 3915 2489 3970 ortu
2534 3906 2847 3968 veritatis
2895 3903 3350 3979 surgentibus,

270 4016 495 4070 contra
528 4011 865 4089 nequitias
895 4011 1157 4073 Diaboli
1206 4019 1481 4090 pugnat3
1532 4013 1709 4092 quod
1756 4016 1910 4076 ante
1959 4015 2300 4076 Christum
2348 4013 2637 4090 pleniter
2686 4011 2906 4072 facere
2952 4024 3084 4068 non
3116 4006 3355 4082 potuit.

273 4112 424 4174 Nam
457 4117 534 4176 ut
566 4113 787 4191 homo,
837 4117 1128 4193 primum
1177 4118 1470 4178 carnalis
1521 4118 1766 4195 factus,
1818 4119 1900 4179 ad
1932 4119 2306 4196 spiritalem
2339 4119 2549 4179 vitam
2584 4117 2820 4179 deinde
2868 4130 2942 4176 se
2981 4112 3350 4188 transtulit,

274 4216 365 4276 sic
393 4219 598 4278 etiam
632 4225 826 4280 vetus
858 4220 1010 4294 Lex,
1051 4221 1118 4281 in
1151 4222 1506 4283 sanctitate
1538 4222 1901 4284 carnaliter
1948 4228 2244 4298 ostensa,
2295 4221 2718 4298 postmodum
2768 4220 2836 4280 in
2868 4217 3137 4280 Christo
3186 4217 3254 4276 et
3285 4217 3355 4276 in

275 4318 567 4382 Ecclesia
597 4323 739 4382 vita
773 4321 948 4383 facta
983 4330 1110 4399 est,
1146 4341 1226 4384 ac
1260 4327 1587 4387 sanctitas
1637 4327 1702 4387 in
1747 4328 1891 4387 vita
1923 4328 2237 4403 surrexit,
2289 4343 2366 4387 ac
2399 4326 2744 4402 antiquum
2779 4324 3040 4385 hostem
3090 4323 3358 4396 penitus

272 4425 601 4502 contrivit,
637 4427 743 4486 cui
778 4433 974 4488 vetus
1010 4428 1139 4488 Lex
1174 4429 1502 4489 rebellare
1535 4447 1665 4491 non
1696 4431 1934 4505 potuit.

1724 4638 1882 4699 LIII.

672 4843 1001 4905 Adversus
1055 4847 1390 4908 Christum
1438 4854 1499 4907 et
1552 4849 1914 4909 Ecclesiam
1964 4849 2274 4911 Diabolus
2323 4869 2454 4912 non
2497 4850 2926 4930 praevalebit.

355 5047 455 5110 66.
489 5048 615 5110 Sed
646 5052 976 5113 maximae
1007 5054 1322 5116 tenebrae
1355 5057 1567 5118 multa
1615 5058 1947 5120 densitate
1995 5064 2065 5121 et
2112 5059 2392 5122 horrore
2425 5061 2509 5121 ab
2544 5060 2900 5122 Occidente
2931 5058 3226 5133 veniunt,
3278 5064 3346 5118 et

276 5167 341 5210 se
372 5170 603 5233 magna
635 5157 1024 5221 dilatatione
1056 5159 1139 5221 ad
1176 5161 1476 5223 eamdem
1513 5163 1801 5225 lucidam
1833 5165 2077 5228 nubem
2110 5166 2511 5243 expandunt,
2540 5168 2698 5244 quia
2723 5180 2953 5226 omnes
2977 5161 3347 5225 diabolicae
