4036 6117
1288 518 1718 567 Exposl'rlo
1766 495 2435 567 EvA‘Nossmonum.
2829 501 2838 511 '
3216 505 3346 565 277

307 659 670 713 creaturae
698 656 875 727 sunt,
910 648 954 730 ¹)
988 650 1121 712 Deo
1147 653 1571 729 assistentes,
1611 658 1683 712 ut
1707 654 1910 713 etiam
1937 653 2135 713 homo
2168 656 2235 713 et
2267 660 2574 715 caeterae
2599 658 2945 717 creaturae
2978 657 3040 717 ei
3076 659 3403 732 serviunt,

309 773 398 812 ne
447 757 624 831 forte
674 759 745 815 in
792 756 1200 830 negligentia
1245 757 1528 832 positus,
1579 758 1871 836 offendas
1920 741 2005 816 ad
2055 758 2386 835 lapidem,
2436 758 2503 818 id
2552 765 2656 819 est
2704 761 2787 820 ad
2834 761 3042 821 ullam
3088 761 3407 821 duritiam

297 858 552 933 pedem
587 865 799 933 tuum,
852 860 1162 935 quoniam
1196 861 1484 935 vestigia
1535 862 1649 921 tua
1683 861 1911 921 mollia
1946 867 2012 920 et
2051 861 2287 921 suavia
2321 867 2498 937 sunt,
2538 863 2629 922 ita
2661 868 2736 923 ut
2768 864 2949 923 nulla
2985 862 3306 924 fortitudo
3342 864 3410 923 te

313 959 593 1020 laedere
641 962 875 1037 possit.
913 964 1022 1023 Ait
1073 963 1184 1020 ilii
1216 961 1491 1021 Diabolo
1537 961 1732 1023 Jesus
1760 982 2080 1023 morsum:
2136 965 2474 1040 Scriptum
2508 971 2602 1024 est
2654 965 2722 1024 in
2767 964 2994 1024 veraci
3044 964 3409 1040 Scriptura:

308 1063 466 1122 Non
519 1065 797 1125 tentabis
835 1066 898 1125 in
946 1066 1490 1142 praesumptione
1532 1066 1889 1142 superbiae
1939 1068 2297 1127 Dominum
2346 1069 2560 1129 Deum
2608 1074 2827 1139 tuum,
2863 1084 3063 1146 quem
3096 1060 3410 1128 adorabis

317 1168 737 1231 Creatorem.
1727 1182 1730 1183 ’

404 1274 671 1333 Iterum
720 1279 873 1349 post
932 1274 1104 1334 hanc
1159 1274 1594 1335 tentationem
1657 1278 2015 1352 assumpsit
2050 1268 2542 1358 eum,']scilicet
2590 1276 2934 1338 Christum
2998 1276 3066 1337 in
3099 1268 3410 1335 fidelibus

311 1375 644 1435 membris
695 1377 866 1447 suiS,
899 1379 973 1435 in
1020 1381 1308 1435 montem
1341 1376 1679 1437 eaecelsum
1709 1378 1923 1452 valde,
1964 1378 2029 1437 id
2077 1382 2182 1438 est
2218 1378 2285 1438 in
2318 1384 2611 1438 montem
2644 1360 2921 1454 erroris,
2959 1379 3074 1455 qui
3110 1375 3408 1437 altitudi-

311 1492 467 1537 nem
524 1495 715 1538 suam
753 1496 964 1556 usque
1001 1479 1082 1542 ad
1118 1480 1378 1541 labrum
1422 1482 1604 1541 venti
1637 1482 1946 1542 extendet
1981 1482 2049 1541 in
2082 1482 2519 1557 AntichristO,
2557 1490 2619 1543 et
2654 1484 2939 1543 ostendit
2972 1485 3036 1543 ei
3066 1496 3189 1559 per
3224 1481 3414 1541 falla-⁵

317 1594 438 1641 ces
491 1582 941 1659 deceptioneS,
975 1583 1040 1642 in
1065 1584 1309 1659 quibus
1344 1583 1574 1644 fideles
1623 1584 1926 1645 homines
1961 1586 2028 1644 in
2069 1586 2437 1646 novissimo
2470 1589 2771 1662 tempore
2805 1584 3244 1660 impugnabit,
3280 1598 3413 1642 om-

309 1687 436 1744 nia
485 1704 691 1763 reqna
720 1688 981 1762 mundi,
1033 1689 1191 1763 quia
1223 1688 1305 1747 de
1353 1689 1660 1750 omnibus
1709 1691 1933 1765 regnis
1984 1696 2342 1766 terrarum,
2396 1692 2683 1751 maxima
2732 1704 2887 1767 pars
2936 1689 3279 1749 hominum
3328 1688 3411 1749 ad

315 1788 818 1850 Antichristum
850 1790 1236 1867 declinabit,
1274 1799 1334 1851 et
1377 1794 1656 1870 qioriam
1700 1811 1949 1869 eorum,
1988 1796 2250 1855 scilicet
2283 1796 2615 1856 culturam
2653 1795 2837 1856 illam
2870 1810 3069 1871 quam
3116 1797 3274 1855 tunc
3306 1795 3417 1855 de-

310 1894 496 1967 cepti
533 1894 813 1969 inibunt,
851 1901 914 1954 et
947 1896 1120 1955 dixit
1155 1911 1275 1972 per
1307 1896 1733 1971 deceptiones
1772 1914 1954 1973 suaS,
1992 1898 2099 1958 illi
2133 1899 2390 1959 scilicet
2424 1899 2715 1973 Christo,
2754 1899 3069 1959 videlicet
3101 1897 3411 1959 fidelibus

316 1996 602 2071 Christi,
639 1999 753 2074 qui
788 1999 1087 2059 membra
1123 2000 1337 2075 ipsius
1373 2003 1546 2060 sunt:
1597 2000 1773 2062 Haec
1805 2005 2029 2062 omnia
2063 2019 2233 2079 quae
2266 2002 2481 2078 videS,
2518 2003 2820 2063 homines
2864 2002 3124 2062 scilicet
3155 2002 3270 2078 qui
3305 2016 3413 2061 me

315 2106 394 2160 ut
428 2101 638 2162 Deum
675 2104 924 2177 colunt,
957 2110 1020 2163 te
1046 2104 1453 2179 deserenteS,
1491 2104 1609 2165 tibi
1642 2106 1822 2181 dabo,
1862 2106 1955 2166 ita
1992 2110 2064 2168 ut
2096 2112 2169 2166 tu
2201 2122 2462 2167 mecum
2499 2107 2582 2167 ab
2615 2107 2715 2166 eis
2748 2104 3019 2182 colariS,
3057 2109 3111 2165 si
3146 2104 3408 2179 cadens,

317 2207 587 2267 scilicet
636 2209 693 2268 si
730 2211 1064 2269 culturam
1114 2210 1651 2271 Christianorum
1684 2212 1943 2272 deseris
1965 2260 1980 2287 ,
2036 2214 2194 2288 quia
2225 2213 2525 2272 Ecclesia
2554 2212 2690 2288 jam
2726 2211 2985 2288 dejecta
3019 2213 3197 2272 ultra
3230 2217 3417 2273 stare

315 2328 454 2371 non
488 2314 765 2389 poterit,
816 2313 1194 2374 adoraveris
1227 2332 1354 2389 me,
1392 2316 1708 2390 quoniam
1736 2316 1874 2391 jam
1909 2317 2133 2375 nullus
2168 2322 2233 2375 te
2267 2316 2524 2391 adorat,
2560 2331 2712 2376 cum
2747 2315 2827 2376 ad
2863 2328 2970 2375 me
3003 2314 3312 2375 conversi
3345 2320 3413 2375 te

317 2411 827 2492 dereliquerint.

420 2520 604 2582 Tunc
637 2522 810 2581 dixit
846 2524 930 2596 ei,
961 2523 1223 2582 scilicet
1253 2522 1554 2598 Diabolo,
1594 2524 1783 2584 Jesus
1819 2524 1886 2583 in
1919 2525 2290 2586 novissimo
2325 2531 2647 2601 ternpore,
2688 2525 2753 2584 in
2780 2522 2921 2585 zelo
2956 2538 3103 2601 suo,
3142 2524 3254 2585 ubi
3289 2525 3419 2585 Ana

319 2622 681 2684 tichristus
713 2626 1056 2687 occidetur
1088 2627 1428 2687 confusus:
1490 2627 1659 2688 Vade
1695 2628 1762 2688 in
1811 2629 2030 2688 locum
2065 2645 2265 2705 quem
2298 2629 2751 2705 promeruisti,
2787 2630 3101 2690 videlicet
3144 2629 3416 2689 damna-‘-

318 2727 526 2787 tionis
576 2735 752 2805 tuae,
793 2731 1139 2804 sathanas,
1178 2732 1292 2807 qui
1327 2731 1639 2791 deorsum
1674 2733 1994 2793 cecidisti.
2037 2734 2374 2811 Scriptum
2422 2740 2517 2794 est
2552 2736 2731 2793 enim
2763 2735 2831 2794 in
2864 2732 3207 2808 Scriptura
3241 2734 3419 2792 veri-⁶

317 2831 503 2891 tatis:
543 2833 897 2893 Dominum
931 2836 1144 2895 Deum
1175 2840 1367 2894 tuum
1399 2836 1720 2911 adorabis,
1758 2837 1825 2897 et
1857 2853 1988 2897 non
2021 2838 2256 2913 aliurn,
2295 2844 2358 2897 et
2394 2834 2499 2899 illi
2535 2838 2657 2898 soli
2691 2839 2955 2912 servies,
2992 2838 3151 2913 quia
3182 2836 3413 2896 nullus

324 2935 389 2993 ei
429 2935 674 2995 similis
707 2943 831 2998 est.

421 3036 603 3102 Tunc
650 3041 923 3120 reliquit
973 3061 1126 3104 eum
1176 3044 1521 3121 Diabolus,
1575 3044 1666 3107 ita
1715 3046 1890 3123 quod
1941 3046 2193 3107 nullam
2240 3052 2644 3123 potestatem
2695 3050 2926 3109 contra
2984 3040 3191 3108 Deum
3241 3040 3417 3107 ultra

322 3143 638 3219 elevabit3
689 3152 752 3205 et
785 3163 929 3208 ecce
977 3150 1197 3226 anqeli
1229 3157 1646 3210 accesserunt
1697 3150 1762 3209 in
1797 3150 2207 3226 plenitudine
2240 3157 2307 3210 et
2339 3150 2746 3227 perfectione
2779 3151 3156 3225 charitatiS,
3194 3157 3257 3209 et
3290 3151 3417 3209 mi«

331 3247 701 3309 nistrabant
735 3253 819 3325 ei,
857 3252 923 3312 in
957 3253 1270 3313 coelestis
1304 3252 1690 3314 harmoniae
1723 3254 1942 3329 laude,
1967 3250 2018 3332 ²)
2055 3255 2369 3330 quoniam
2404 3257 2546 3315 sine
2581 3254 2708 3316 fine
2739 3253 2944 3315 Deum
2979 3252 3364 3315 laudabunt.

1746 3524 2004 3631 ΧΠ.

878 3760 958 3819 In
1007 3758 1271 3821 Sabbata
1317 3767 1472 3822 ante
1524 3763 1936 3825 Dominicam
1982 3766 2249 3823 tertiam
2301 3764 2876 3843 Quadrdqesimae.

1851 3958 1898 4018 Ι.

431 4161 635 4224 Homo
664 4162 959 4241 quidam,
983 4156 1034 4243 ⁸)
1069 4162 1151 4224 ad
1186 4163 1380 4239 cujus
1415 4164 1770 4240 imaginem
1819 4172 1887 4225 et
1920 4164 2427 4226 similitudinem
2478 4164 2673 4226 homo
2713 4170 2983 4225 creatus
3014 4170 3139 4240 est,
3190 4152 3425 4228 habuit

340 4261 503 4325 duos
531 4268 720 4346 filios,
757 4283 909 4327 cum
942 4267 1194 4328 homini
1226 4268 1341 4328 dat
1373 4269 1721 4329 scientiam
1756 4269 1910 4329 boni
1943 4275 2011 4329 et
2048 4270 2230 4344 mali;
2264 4276 2329 4329 et
2362 4270 2537 4329 dixit
2572 4269 3071 4345 adolescentior,
3116 4271 3229 4346 qui
3263 4286 3419 4347 pro-⁶

337 4371 488 4430 nior
515 4370 641 4430 fuit
667 4371 748 4431 ad
775 4371 1025 4430 malum
1052 4373 1119 4430 in
1147 4372 1588 4433 instabilitate
1620 4389 1903 4447 morum,
1934 4393 2018 4433 ea:
2045 4374 2182 4433 illis
2211 4377 2395 4451 patri
2427 4373 2580 4433 Deo:
2618 4375 2845 4448 Pater,
2874 4374 2962 4432 da
2983 4376 3146 4435 ‘mihi
3172 4378 3417 4453 portio-

340 4495 500 4536 nem
545 4477 972 4551 substantiae,
1027 4477 1091 4537 id
1138 4480 1244 4538 est
1292 4478 1435 4537 sine
1485 4477 1850 4554 adimplere
1897 4483 2172 4554 gustum
2218 4479 2468 4554 operis,
2518 4495 2683 4556 quae
2717 4495 2821 4537 me
2872 4480 3212 4556 continqit,
3263 4493 3416 4539 cum

339 4595 448 4640 me
495 4581 564 4640 in
609 4585 810 4656 gustu
857 4579 1323 4642 delectationis
1373 4583 1605 4659 tangit.
1659 4583 1739 4643 Et
1787 4584 2009 4643 divisit
2060 4584 2199 4643 illis
2247 4583 2703 4656 substantiam,
2755 4583 2915 4658 quia
2945 4580 3122 4643 Deus
3167 4582 3266 4642 illi
3301 4583 3417 4660 qui

343 4685 557 4745 bonae
603 4686 922 4745 scientiae
970 4685 1310 4762 adhaeret,
1361 4689 1645 4763 gloriam
1679 4694 1746 4748 et
1785 4687 2102 4749 honorem
2152 4689 2410 4763 tribuit,
2463 4689 2651 4748 illum
2699 4693 2924 4748 autem
2971 4688 3086 4764 qui
3129 4687 3196 4747 in
3243 4687 3417 4747 mala

345 4788 626 4849 scientia
658 4804 811 4849 esse
843 4789 1047 4865 cupit,
1085 4790 1185 4849 sic
1219 4791 1405 4851 abire
1437 4792 1783 4869 permittit.

437 4891 520 4952 Et
554 4909 686 4952 non
711 4898 858 4969 post
891 4893 1135 4953 multos
1168 4894 1332 4970 dies,
1384 4898 1698 4972 quoniam
1736 4896 1827 4957 ibi
1875 4913 2005 4956 non
2036 4898 2143 4957 est
2173 4896 2318 4956 dies
2353 4897 2616 4971 salutiS,
2668 4897 2783 4957 ubi
2818 4896 3068 4955 malum
3098 4896 3225 4967 est,
3277 4907 3425 4953 eon-

347 4997 628 5073 9re9atis
684 4995 1008 5071 omnibu-«1,
1067 4997 1544 5058 adolescentior
1595 5001 1774 5080 filius
1816 5019 2094 5080 pereqre
2143 5003 2483 5089 profectus
2518 5005 2613 5060 est
2669 5003 2741 5060 in
2775 5001 3109 5077 reqionem
3166 4998 3421 5073 lonqin-

423 5163 467 5230 ¹)
495 5169 603 5237 ipsi
622 5173 989 5239 praestantior
1010 5175 1263 5227 eremum
1290 5177 1417 5227 sunt
1440 5171 1558 5227 cod.
1593 5202 1659 5212 —
1680 5173 1726 5239 ²)
1753 5174 1814 5228 in
1836 5172 2047 5231 coelesti
2069 5176 2321 5230 armonia
2346 5171 2468 5229 cod.
2501 5202 2568 5212 —
2592 5169 2638 5240 ⁸)
2658 5170 2792 5227 Luc.
2819 5167 2947 5234 XV.
2979 5171 3079 5224 ¹:3-
3095 5170 3181 5227 32.
