4036 6117
1237 517 1291 563 11
1355 517 1590 563 mna-R
1644 517 1841 562 vlrAE
1900 514 2365 563 mam-rmum
3198 503 3303 561 79.

282 639 601 715 recipiant,
638 651 716 695 ac
755 638 937 695 tanto
972 636 1303 695 desiderio
1340 637 1558 712 sigilla
1594 652 1943 710 corporum
1981 653 2256 696 suorum
2293 637 2662 713 requirunt,
2694 639 2939 712 quanto
2974 639 3174 696 eiiam
3204 655 3353 697 esu-

287 745 438 802 riens
469 755 639 817 puer
672 755 713 798 a
745 742 933 814 patre
968 754 1202 813 panem
1238 740 1427 815 petit,
1466 741 1573 799 cui
1609 743 1829 799 tamen
1862 741 2053 816 pater
2085 735 2130 818 ¹)
2184 740 2467 814 benigne
2519 740 2894 814 respondet,
2934 741 3064 800 cito
3115 756 3352 816 panem

278 865 338 908 se
369 846 456 905 illi
489 845 830 904 daturum.

1640 1045 1950 1112 XXXVII.

581 1269 958 1345 Antequam
1008 1269 1219 1326 sancti
1269 1284 1539 1343 corpora
1589 1255 1711 1325 εἲια
1758 1266 2118 1344 recipiant,
2174 1268 2462 1327 mundus
2514 1267 3033 1327 commovebitur.

349 1473 447 1533 46.
499 1473 688 1532 Unde
720 1476 788 1532 et
835 1487 1230 1549 responsum
1265 1473 1622 1548 accipiunt,
1674 1474 1853 1550 quod
1887 1477 2246 1550 antequam
2298 1490 2581 1549 corpora
2616 1491 2735 1534 sua
2787 1475 3132 1556 recipiant,
3171 1493 3359 1537 mun-

267 1577 378 1636 dus
422 1575 980 1649 commovebitur,
1030 1575 1198 1633 etin
1246 1574 1425 1634 aliud
1477 1575 1871 1649 mutabitur,
1922 1578 1990 1636 et
2024 1576 2347 1652 antiquus
2383 1575 2596 1636 hostis
2642 1577 2706 1636 in
2740 1576 3050 1637 omnibus
3098 1578 3359 1639 viribus

268 1679 394 1737 suis
424 1678 942 1750 comminuetur,
995 1683 1063 1736 et
1093 1677 1269 1736 Deus
1316 1694 1541 1752 veruS,
1577 1676 1755 1737 Deus
1803 1680 1870 1738 et
1903 1678 2099 1738 homo
2145 1680 2459 1754 existenS,
2511 1680 2732 1738 omnia
2782 1672 3081 1740 membra
3132 1697 3250 1739 sua
3288 1682 3355 1739 in

268 1780 480 1839 electis
516 1782 661 1839 suis
696 1781 1151 1855 congregabit,
1187 1785 1253 1840 et
1287 1782 1381 1838 sic
1420 1781 1868 1855 integritatem
1904 1798 2260 1858 corporum
2304 1797 2577 1842 suorum
2615 1783 2959 1857 recipient.

1641 1989 1968 2050 XXXVIII.

650 2201 874 2261 Sancti
925 2219 1009 2259 ex
1058 2197 1364 2278 operibus
1415 2202 1485 2258 in
1541 2199 1803 2276 Spiritu
1857 2200 2096 2263 Sancto
2129 2201 2382 2259 sodales
2433 2220 2497 2259 se
2550 2206 2967 2277 coqnoscunt.

346 2409 445 2469 47.
497 2409 587 2469 Et
618 2406 959 2485 praefatae
1000 2407 1259 2467 animae
1293 2407 1639 2468 beatorum
1676 2406 1800 2467 hos
1833 2409 2085 2468 electos
2117 2407 2233 2466 Dei
2268 2408 2509 2482 sciunt,
2552 2407 2716 2483 quia
2749 2408 3057 2483 quamvis
3090 2409 3362 2471 diversa

270 2515 421 2575 bona
453 2529 670 2590 opera
702 2528 823 2602 per
855 2513 1356 2588 inspirationem
1392 2512 1678 2588 Spiritus
1711 2512 1933 2574 Sancti
1960 2513 2219 2590 operati
2253 2516 2428 2589 sunt,
2473 2516 2541 2573 et
2565 2514 2873 2589 quamvis
2899 2530 3102 2590 opera
3126 2532 3360 2577 eorum

267 2621 523 2680 diversa
566 2618 834 2694 fuerint,
870 2624 1092 2679 tamen
1123 2634 1204 2679 ex
1253 2620 1435 2679 tactu
1474 2618 1791 2678 ferventis
1838 2617 2126 2692 Spiritus
2176 2618 2425 2692 Sancti,
2474 2618 2661 2678 velut
2695 2618 2957 2679 sodales
2991 2634 3065 2678 se
3113 2636 3357 2696 cogno-

265 2731 458 2797 scunt,
495 2725 573 2783 et
605 2739 802 2783 voces
836 2724 1250 2783 canticorum
1281 2729 1348 2782 et
1381 2723 1777 2798 gaudiorum
1811 2739 2044 2782 eorum
2078 2722 2377 2798 audiunt,
2416 2738 2493 2781 ac
2526 2739 2642 2783 eos
2678 2723 2740 2781 in
2778 2723 3138 2798 purissima
3169 2725 3354 2799 puri-

265 2835 380 2891 tate
426 2830 883 2890 conscientiae
915 2835 981 2889 et
1029 2829 1609 2905 contemplationis
1638 2827 1690 2909 ²)
1742 2844 1900 2888 suae
1934 2828 2184 2903 vident,
2219 2832 2421 2905 atque
2453 2828 2752 2888 divinum
2802 2845 3195 2906 responsum
3246 2833 3351 2892 eis

261 2936 535 3009 desuper
570 2934 801 2993 datum
836 2950 987 2994 cum
1023 2933 1187 3009 ipsis
1220 2933 1618 3010 percipiunt,
1671 2932 2230 3009 quemadmodum
2280 2935 2347 2993 et
2381 2933 2478 2991 illi
2527 2934 2937 2994 sustinentes
2979 2937 3154 3010 sunt,
3197 2936 3355 2998 dum

266 3039 660 3099 fortissimus
693 3036 867 3098 Deus
904 3037 1339 3099 fortissimam
1371 3038 1737 3114 ‚iussionem
1777 3054 1964 3098 suam
2000 3038 2263 3113 educat,
2301 3053 2377 3097 ac
2410 3054 2640 3099 omnes
2675 3039 3048 3101 diabolicas
3090 3044 3359 3103 temeri-

265 3145 417 3202 tates
451 3143 521 3201 in
563 3141 688 3201 fine
738 3141 966 3201 mundi
1014 3144 1414 3216 compescat,
1469 3148 1541 3201 ut
1589 3142 1684 3200 sic
1735 3157 2017 3216 corpora
2067 3157 2188 3202 sua
2228 3142 2309 3201 ad
2358 3148 2704 3201 aeternam
2763 3144 3238 3205 beatitudinem
3288 3155 3357 3207 et

263 3245 533 3317 gloriam
575 3243 917 3318 recipiant.

1617 3452 1997 3516 XXXVIIII.

971 3664 1044 3726 In
1095 3665 1487 3746 infidelitate
1542 3666 1845 3726 Diabolus
1894 3668 2261 3742 inconyrua
2302 3669 2633 3743 proponit.

344 3875 448 3936 48.
500 3875 696 3947 Quod
744 3879 968 3934 autem
1004 3875 1071 3934 in
1118 3875 1462 3951 praedicta
1494 3874 1759 3947 nebula,
1811 3875 1879 3933 in
1911 3890 2043 3950 qua
2090 3874 2355 3934 diversa
2388 3889 2632 3950 genera
2681 3875 3024 3952 vitiorum,
3062 3881 3135 3939 ut
3165 3896 3358 3953 prae-

266 3978 457 4041 fatum
496 3989 633 4055 est,
671 3980 857 4056 prius
904 3979 1156 4054 vidisti,
1191 3980 1394 4041 etiam
1441 3994 1618 4039 nunc
1650 3984 1801 4039 octo
1837 3979 2001 4040 vitia
2050 3980 2118 4039 in
2148 3979 2555 4055 imaginibus
2588 3980 2729 4040 suis
2770 3980 3185 4056 consideraS,
3223 3982 3351 4043 hoc

263 4088 357 4144 eet
385 4085 567 4161 quod
606 4085 675 4143 in
708 4083 1062 4144 tenebrosa
1095 4083 1509 4158 infidelitate,
1549 4083 1614 4143 in
1647 4098 1782 4159 qua
1811 4083 2179 4144 varietates
2208 4082 2691 4143 diabolicarum
2736 4082 3127 4144 insidiarum
3162 4085 3353 4161 prius

266 4188 548 4256 videras,
587 4195 658 4248 et
691 4188 888 4249 modo
922 4192 1160 4264 quater
1193 4187 1386 4247 binas
1423 4188 1487 4247 in
1518 4188 1860 4263 perversis
1895 4187 2497 4263 significationibus
2529 4187 2800 4262 aspicis,
2836 4203 3011 4264 quae
3040 4203 3161 4263 per
3192 4206 3356 4264 qua-

274 4296 411 4352 tuor
446 4297 683 4371 partes
717 4292 968 4367 mundi,
1001 4295 1069 4352 et
1099 4308 1222 4368 per
1249 4294 1540 4369 quatuor
1570 4291 1897 4351 elementa
1923 4291 2352 4365 bacchanteS,
2382 4291 2617 4352 orbem·
2638 4294 2973 4352 terrarum
3006 4292 3363 4353 conturba-

272 4412 333 4456 re
358 4399 608 4472 solent,
637 4398 795 4473 quia
823 4398 974 4457 illos
1004 4398 1120 4474 qui
1154 4396 1288 4456 Deo
1323 4397 1387 4457 in
1422 4396 1648 4472 quiete
1681 4396 1938 4454 servire
1971 4395 2309 4468 deberent,
2342 4394 2881 4457 infestationibus
2915 4397 3056 4458 suis
3089 4396 3359 4457 assidue

269 4500 564 4577 fatigant.
601 4494 652 4579 ³)
702 4501 870 4560 Nam
899 4500 1236 4575 DiaboluS,
1273 4517 1423 4561 cum
1459 4500 1720 4560 viribus
1753 4501 1821 4560 et
1853 4498 2039 4559 vitiis
2082 4499 2248 4575 suis,
2284 4501 2481 4575 quasi
2513 4500 2689 4561 Deus
2722 4501 2831 4577 sit,
2868 4517 2941 4561 se
2975 4501 3354 4575 ostendenti,

270 4604 790 4682 incongruentes
824 4621 932 4665 res
963 4604 1344 4665 hominibus
1380 4603 1962 4665 innumerabiliter
2009 4604 2342 4679 proponit,
2380 4607 2448 4665 et
2482 4605 2605 4664 hoc
2640 4605 2893 4665 tamdiu
2946 4604 3166 4677 faciet,
3201 4620 3364 4681 quo-

267 4722 474 4785 usque
508 4710 680 4769 nibil
713 4709 1003 4785 amplius
1035 4709 1468 4782 praevalebit.

335 4909 378 4975 'i
397 4919 565 4982 pater
594 4925 706 4967 om.
748 4911 839 4966 W.
867 4943 935 4952 -
952 4913 1001 4975 2)
1026 4912 1469 4985 contemplatione
1490 4929 1622 4968 suae
1645 4911 1720 4965 W
1746 4910 1845 4966 sic.
1872 4941 1941 4951 -
1965 4909 2011 4975 ³)
2037 4911 2245 4983 sationi
2269 4911 2333 4966 Α.
