4036 6117
703 409 834 469 ³176
1853 426 1906 470 S.
1968 428 2523 485 HthEGARms

2067 651 2280 711 LVIII.

1365 857 1459 917 De
1507 856 1764 934 aqenda
1805 875 1928 933 pro
1977 860 2157 917 curis
2207 863 2498 920 terrenis
2540 864 2978 938 poenitentia.

713 1077 817 1138 75.
867 1076 947 1135 Et
982 1075 1224 1135 iterum
1258 1072 1339 1131 de
1374 1070 1673 1146 praefata
1707 1071 1970 1130 vivente
2021 1072 2169 1132 luce
2205 1074 2430 1133 audivi
2470 1091 2701 1134 vocem
2736 1074 2902 1135 mihi
2943 1075 3294 1137 dicentem:
3333 1078 3511 1138 Haec
3544 1096 3719 1156 quae

619 1188 810 1249 vides
844 1198 1004 1242 vera
1038 1181 1213 1252 sunt,
1249 1183 1317 1236 et
1346 1179 1422 1236 ut
1452 1192 1533 1235 ea
1565 1176 1778 1251 videS,
1817 1176 1910 1235 ita
1935 1179 2109 1236 sunt.
2145 1176 2565 1253 Quapropter
2599 1178 2904 1239 homines
2931 1182 3044 1256 qui
3075 1198 3275 1241 curae
3304 1184 3725 1246 terrenorum

620 1289 954 1362 insudant,
991 1286 1050 1345 si
1084 1282 1366 1360 spiritus
1397 1281 1481 1341 ad
1518 1280 1696 1339 illam
1732 1295 1849 1339 eos
1875 1279 2306 1341 exhortantes
2339 1282 2675 1343 voluerint
2709 1300 3052 1359 superare,
3089 1292 3155 1344 et
3189 1286 3528 1361 praefatas
3564 1304 3722 1364 poe-

617 1413 739 1457 nas
772 1393 1095 1464 devitare,
1128 1386 1401 1464 Jejuniis
1428 1388 1496 1445 et
1528 1385 1832 1460 flagellis,
1869 1385 2235 1445 secundum
2266 1385 2636 1460 jussionem
2666 1387 2794 1448 sibi
2820 1388 3266 1464 praesidentis
3293 1391 3602 1466 rectoriS,
3641 1408 3716 1452 se

612 1499 970 1574 castigent,
1005 1492 1309 1554 etcorda
1343 1507 1461 1550 sua
1497 1489 1577 1549 ad
1612 1489 1930 1549 coelestia
1965 1489 2305 1550 reducant.

2029 1715 2272 1777 Lv1111.

1469 1909 1562 1970 De
1610 1911 1768 1969 vitio
1816 1911 1888 1968 in
1935 1926 2102 1993 cura
2130 1927 2359 1969 rerum
2409 1916 2854 1971 terrenarum.

693 2131 797 2193 76.
849 2127 1012 2189 Nam
1047 2122 1164 2200 qui
1196 2135 1426 2180 curam
1452 2121 1869 2179 terrenorum
1894 2117 2205 2193 diligunt,
2233 2117 2411 2178 intra
2438 2133 2510 2178 se
2539 2119 2928 2194 insipienter
2952 2118 3201 2181 dicunt:
3236 2138 3269 2179 «
3309 2120 3703 2182 Creaturam

595 2252 772 2317 quae
803 2232 996 2296 nobis
1044 2228 1127 2289 ad
1161 2240 1355 2285 usum
1390 2225 1694 2283 nostrum
1727 2226 1954 2281 creata
1984 2227 2114 2296 est,
2153 2222 2605 2298 inspiciemuS,
2642 2228 2709 2282 et
2741 2224 3181 2300 attendemUS‚
3221 2225 3533 2301 quoniam
3585 2225 3705 2285 illa

533 2340 536 2345 ’
593 2357 718 2403 nos
751 2337 931 2397 cibat
977 2335 1045 2393 et
1076 2330 1298 2390 vestit.
1349 2326 1525 2386 Deus
1557 2340 1717 2400 ergo
1768 2325 1944 2400 quod
1979 2325 2111 2385 sibi
2144 2325 2387 2401 placet,
2427 2326 2647 2387 faciat.
2685 2326 2752 2385 Si
2783 2327 2959 2388 enim
3007 2343 3245 2389 causas
3295 2331 3565 2389 nostras
3601 2329 3698 2388 ita

597 2445 665 2505 in
695 2442 902 2502 Deum
935 2448 1360 2514 poneremuS,
1395 2429 1573 2506 quod
1608 2445 1840 2489 curam
1874 2435 2292 2489 terrenorum
2329 2447 2459 2490 non
2493 2430 2915 2506 haberemuS,
2952 2433 3087 2491 cito
3120 2432 3577 2492 deficeremus,
3613 2431 3696 2492 Et

589 2547 752 2626 quid
786 2551 944 2604 tunc
976 2536 1312 2600 essemus?
1343 2534 1742 2593 Volucribus
1777 2534 2348 2608 scilicet-simileS,
2378 2534 2492 2610 qui
2521 2533 2727 2595 facies
2761 2551 2923 2595 suas
2955 2536 3023 2595 in
3056 2537 3330 2613 speculo
3358 2552 3690 2612 aquarum

593 2650 980 2727 inspiciunt,
1014 2650 1082 2703 et
1116 2657 1269 2702 cum
1298 2635 1344 2718 ⁸)
1382 2639 1547 2698 nihil
1579 2637 1761 2698 aliud
1795 2638 2164 2714 attendunt,
2202 2639 2335 2698 cito
2385 2640 2779 2700 moriuntur.
2815 2640 3180 2718 Postquam
3228 2642 3405 2701 enim
3438 2642 3686 2701 mortui

591 2754 942 2825 fuerimuS‚
981 2762 1134 2808 cum
1165 2744 1495 2804 creaturis
1531 2742 1770 2802 amodo
1803 2758 1934 2801 non
1966 2743 2243 2816 erimus,
2280 2743 2399 2803 sed
2432 2744 2639 2804 vitam
2669 2745 2851 2805 illam
2879 2761 3081 2820 quam
3112 2745 3290 2805 Deus
3322 2751 3474 2821 post
3508 2761 3685 2804 mor-

590 2864 725 2921 tem
757 2861 1059 2917 nostram
1094 2850 1288 2910 nobis
1320 2846 1692 2920 donaverit,
1729 2846 2145 2907 habebimus
2182 2848 2345 2907 Nam
2383 2848 2441 2907 si
2475 2849 2808 2908 creaturis
2842 2848 3580 2923 communicaverimus,
3617 2854 3685 2907 et

585 2974 893 3041 quaeque
925 2958 1010 3019 ab
1042 2955 1141 3016 eis
1175 2951 1505 3014 sciscitati
1540 2950 1887 3025 fuerimuS,
1923 2951 2259 3025 culpabile
2291 2968 2421 3011 non
2455 2958 2580 3027 est,
2616 2952 2777 3028 quia
2807 2952 2983 3012 Deus
3015 2968 3133 3012 eas
3168 2952 3265 3012 sic
3299 2952 3575 3013 creavit.
3611 2949 3679 3009 Si

579 3069 759 3129 enim
795 3065 879 3127 ad
912 3077 1074 3123 usus
1106 3065 1376 3120 nostros
1410 3058 1676 3117 creatae
1709 3071 1838 3115 non
1871 3062 2123 3130 essent,
2162 3060 2228 3117 et
2261 3056 2319 3115 si
2357 3056 2521 3117 istas
2558 3060 2695 3117 tum
2729 3057 3184 3133 diligeremus,
3218 3056 3414 3117 valde
3445 3072 3680 3133 pecca-

583 3188 830 3234 remus
864 3167 1059 3229 Nulla
1093 3164 1337 3241 quippe
1372 3162 1438 3220 in
1470 3161 1570 3220 eis
1591 3157 1644 3239 ²)
1683 3160 2111 3237 requirimuS,
2147 3161 2273 3220 nisi
2307 3176 2480 3237 quae
2505 3160 2681 3221 Deus
2705 3161 2898 3222 nobis
2931 3162 3299 3221 donaverit.
3338 3161 3461 3232 Qui
3494 3175 3679 3220 nam-

575 3293 708 3355 que
756 3289 1002 3351 equum
1051 3286 1248 3330 suum
1297 3265 1621 3327 infrenem
1671 3281 1942 3324 currere
1991 3265 2341 3340 permittit,
2394 3280 2523 3324 non
2556 3266 2805 3341 quiete,
2844 3266 2959 3325 sed
2991 3265 3365 3341 periculose
3401 3263 3668 3323 incedit.

574 3382 654 3440 Et
689 3379 749 3438 si
778 3393 903 3438 nos
936 3388 1167 3433 curam
1204 3376 1623 3430 terrenorum
1659 3370 1726 3427 in
1756 3384 1886 3428 usu
1917 3385 2047 3427 non
2081 3368 2502 3444 haberemus.
2540 3375 2724 3429 terra
2758 3369 2983 3444 spinas
3010 3374 3076 3428 et
3110 3359 3395 3429 tribulos
3430 3367 3672 3443 germi-

576 3487 793 3554 naret,
830 3481 899 3540 et
928 3479 999 3537 in
1029 3476 1158 3536 hoc
1182 3488 1641 3551 peccaremuS,
1677 3474 1994 3548 quoniam
2029 3473 2145 3532 illa
2177 3478 2416 3532 cuncta
2441 3473 2758 3533 animalia
2789 3476 3043 3548 pascet,
3081 3479 3149 3532 et
3180 3472 3496 3549 quoniam
3532 3472 3672 3546 pla-

571 3601 695 3646 nas
726 3584 877 3644 vias
907 3583 976 3640 et
1004 3596 1139 3639 non
1169 3577 1586 3653 periculosas
1621 3575 1913 3636 habebit.
1953 3594 1984 3633 1)
2026 3576 2167 3636 Hoc
2200 3576 2395 3636 modo
2432 3576 2529 3636 illi
2566 3576 2633 3635 in
2665 3577 3063 3652 corporibus
3096 3576 3239 3637 suis
3272 3576 3661 3652 loquuntur,

572 3689 690 3767 qui
722 3701 916 3748 omne
950 3683 1248 3744 studium
1277 3685 1348 3739 et
1378 3695 1646 3740 omnem
1680 3695 1908 3739 curam
1945 3695 2137 3739 suam
2167 3680 2252 3739 ad
2285 3682 2703 3756 praesentem
2736 3681 2947 3740 vitam
2979 3683 3049 3740 et
3080 3696 3210 3740 non
3249 3678 3331 3739 ad
3370 3678 3664 3739 futuram

571 3793 845 3870 ponunt,
882 3783 1442 3865 quemadmodum
1474 3783 1663 3843 avari
1696 3789 1764 3843 et
1799 3783 2099 3843 infideles
2130 3783 2361 3844 Judaei
2397 3783 2719 3859 fecerunt,
2758 3784 2871 3860 qui
2906 3783 3147 3844 Filium
3180 3799 3425 3858 meum,
3464 3798 3663 3860 quem

567 3892 705 3972 pro·
740 3892 958 3954 salute
992 3888 1334 3949 hominum
1387 3886 1453 3945 in
1500 3886 1818 3947 mundum
1854 3887 2033 3961 misi,
2083 3888 2538 3961 neglexerunt,
2587 3891 2655 3945 et
2699 3888 2907 3946 verba
2955 3887 3101 3963 ejus
3149 3886 3657 3957 subsannanteS,

567 4000 788 4075 ipsum
822 4011 942 4073 per
990 3994 1272 4052 mortem
1307 3990 1575 4050 omnino
1623 3990 1846 4050 delere
1882 3991 2105 4050 conati
2154 3996 2329 4050 sunt.
2365 3989 2490 4049 Sed
2526 3989 2741 4049 fidelis
2776 3989 2971 4050 homo
3018 3993 3316 4051 aratrum
3351 4005 3505 4049 cum
3540 3989 3658 4048 bu·-

563 4101 689 4162 bus
723 4101 822 4160 sic
869 4095 1347 4175 apprehendat,
1381 4100 1459 4153 ut
1507 4100 1729 4154 tamen
1777 4093 1861 4154 ad
1908 4093 2116 4154 Deum
2168 4095 2474 4169 aspiciat,
2511 4094 2628 4170 qui
2660 4092 3071 4153 viriditatem
3121 4098 3188 4151 et
3236 4107 3469 4152 omnes
3519 4090 3655 4150 fru-

560 4210 713 4266 ctus
746 4206 966 4265 terrae
999 4202 1134 4276 dat,
1173 4206 1241 4261 et
1274 4200 1373 4259 sic
1406 4215 1527 4276 per
1559 4204 1918 4275 praecepta
1952 4199 2260 4274 magistri
2304 4198 2588 4274 incedat,
2624 4204 2699 4257 ut
2733 4203 2999 4258 terrena
3032 4199 3280 4272 colenS,
3327 4198 3649 4257 coelestia

558 4329 690 4372 non
721 4310 1012 4370 deserat.
1047 4307 1228 4365 Haec
1277 4309 1501 4364 autem
1534 4304 1615 4364 de
1663 4304 2147 4378 poenitentium
2179 4303 2531 4363 animabus
2580 4302 2945 4377 purgandis
2978 4306 3045 4363 et
3092 4302 3435 4362 salvandis
3468 4300 3650 4360 dicta

555 4421 733 4489 sunt,
763 4417 830 4474 et
855 4411 1074 4473 fidelia
1100 4412 1278 4482 sunt,
1308 4415 1375 4468 et
1408 4409 1621 4468 fidelis
1660 4408 1765 4468 his
1802 4408 2126 4482 attendat,
2155 4414 2221 4467 et
2247 4423 2324 4467 ea
2359 4407 2425 4466 in
2459 4408 2849 4467 memoriam
2878 4406 3089 4468 bonae
3116 4407 3436 4467 scientiae
3471 4423 3649 4466 com-

553 4523 779 4594 ponat

646 4622 749 4682 77.
786 4621 971 4682 Alios
1006 4635 1270 4696 quoque
1303 4619 1602 4695 ejusdem
1636 4617 2090 4679 multitudinis
2125 4617 2404 4693 spiritus
2438 4616 2599 4692 vidi,
2637 4632 2805 4693 quos
2839 4617 3041 4677 etiam
3078 4632 3315 4692 magno
3350 4616 3641 4675 clamore

546 4725 998 4789 vociferantes
1033 4725 1278 4786 audivi:
1309 4725 1433 4796 Qui
1457 4727 1562 4784 est
1585 4723 1762 4785 Deus
1794 4725 1948 4799 iste,
1978 4725 2094 4800 qui
2120 4723 2310 4784 nobis
2337 4725 2523 4784 tanta
2549 4723 2917 4783 certamina
2944 4720 3176 4782 infert?
3207 4721 3288 4782 Et
3318 4719 3388 4781 hi
3408 4714 3457 4798 ²)
3493 4736 3640 4780 cor·-

545 4835 743 4894 dibus
778 4833 1121 4892 hominum
1154 4830 1671 4892 obstinationem
1703 4829 2087 4904 ostendunt,
2124 4832 2190 4888 et
2238 4831 2309 4889 ut
2344 4827 2424 4888 ad
2461 4829 2698 4888 cuncta
2749 4827 3153 4888 obstinatam
3203 4831 3487 4886 mentem
3523 4824 3639 4884 ha·-

545 4943 767 5014 beant,
803 4955 921 4999 cos
954 4938 1412 4999 exhortantur.

610 5109 652 5179 ¹)
680 5126 799 5165 cum
823 5122 932 5165 om.
965 5108 1058 5165 W.
1093 5139 1159 5148 -
1185 5109 1229 5175 2)
1258 5110 1319 5164 in
1343 5109 1421 5163 eis
1445 5119 1556 5162 om.
1589 5104 1679 5161 W.
1713 5135 1776 5143 —
1807 5103 1849 5172 3)
1877 5110 1924 5158 et
1951 5104 2039 5158 his
2065 5099 2128 5156 A.
