<?xml version="1.0" encoding="UTF-8"?>
<!DOCTYPE html PUBLIC "-//W3C//DTD XHTML 1.0 Transitional//EN"
    "http://www.w3.org/TR/xhtml1/DTD/xhtml1-transitional.dtd">
<html xmlns="http://www.w3.org/1999/xhtml" xml:lang="en" lang="en">
 <head>
  <title>
</title>
<meta http-equiv="Content-Type" content="text/html;charset=utf-8" />
  <meta name='ocr-system' content='tesseract 3.04.00' />
  <meta name='ocr-capabilities' content='ocr_page ocr_carea ocr_par ocr_line ocrx_word'/>
</head>
<body>
  <div class='ocr_page' id='page_1' title='image "analectasacrasp05pitrgoog_0269.png"; bbox 0 0 4036 6117; ppageno 0'>
   <div class='ocr_carea' id='block_1_1' title="bbox 1183 436 3298 497">
    <p class='ocr_par' dir='ltr' id='par_1_1' title="bbox 1183 436 3298 497">
     <span class='ocr_line' id='line_1_1' title="bbox 1183 436 3298 497; baseline 0 -2"><span class='ocrx_word' id='word_1_1' title='bbox 1183 450 1419 496; x_wconf 71' lang='lat' dir='ltr'>mnan</span> <span class='ocrx_word' id='word_1_2' title='bbox 1469 450 1671 494; x_wconf 80' lang='lat' dir='ltr'>vl‘rAE</span> <span class='ocrx_word' id='word_1_3' title='bbox 1720 450 2221 496; x_wconf 69' lang='lat' dir='ltr'>manironclu.</span> <span class='ocrx_word' id='word_1_4' title='bbox 2275 453 2331 496; x_wconf 80' lang='lat' dir='ltr'>r.</span> <span class='ocrx_word' id='word_1_5' title='bbox 2383 450 2474 497; x_wconf 90' lang='lat' dir='ltr'>v1.</span> <span class='ocrx_word' id='word_1_6' title='bbox 3169 436 3298 496; x_wconf 78' lang='lat'>233</span> 
     </span>
    </p>
   </div>
   <div class='ocr_carea' id='block_1_2' title="bbox 273 568 3389 2817">
    <p class='ocr_par' dir='ltr' id='par_1_2' title="bbox 273 568 3372 1163">
     <span class='ocr_line' id='line_1_2' title="bbox 278 568 3368 644; baseline 0.001 -17"><span class='ocrx_word' id='word_1_7' title='bbox 278 584 427 629; x_wconf 89' lang='lat' dir='ltr'>rem</span> <span class='ocrx_word' id='word_1_8' title='bbox 478 570 658 630; x_wconf 83' lang='lat' dir='ltr'>vitae</span> <span class='ocrx_word' id='word_1_9' title='bbox 705 573 772 629; x_wconf 88' lang='lat' dir='ltr'>et</span> <span class='ocrx_word' id='word_1_10' title='bbox 819 568 1194 644; x_wconf 87' lang='lat' dir='ltr'>exemplum</span> <span class='ocrx_word' id='word_1_11' title='bbox 1245 574 1628 628; x_wconf 88' lang='lat' dir='ltr'>sanctarum</span> <span class='ocrx_word' id='word_1_12' title='bbox 1681 568 2003 628; x_wconf 89' lang='lat' dir='ltr'>virtutum</span> <span class='ocrx_word' id='word_1_13' title='bbox 2056 568 2435 629; x_wconf 88' lang='lat' dir='ltr'>hominibus</span> <span class='ocrx_word' id='word_1_14' title='bbox 2483 568 2952 642; x_wconf 80' lang='lat' dir='ltr'>exhibuerant,</span> <span class='ocrx_word' id='word_1_15' title='bbox 2990 570 3222 629; x_wconf 83' lang='lat' dir='ltr'>eadem</span> <span class='ocrx_word' id='word_1_16' title='bbox 3256 587 3368 630; x_wconf 86' lang='lat' dir='ltr'>ve-</span> 
     </span>
     <span class='ocr_line' id='line_1_3' title="bbox 276 671 3366 748; baseline 0.001 -17"><span class='ocrx_word' id='word_1_17' title='bbox 276 672 407 732; x_wconf 89' lang='lat' dir='ltr'>stis</span> <span class='ocrx_word' id='word_1_18' title='bbox 457 673 938 733; x_wconf 87' lang='lat' dir='ltr'>suavissimum</span> <span class='ocrx_word' id='word_1_19' title='bbox 989 686 1208 732; x_wconf 89' lang='lat' dir='ltr'>aerem</span> <span class='ocrx_word' id='word_1_20' title='bbox 1262 672 1446 731; x_wconf 91' lang='lat' dir='ltr'>velut</span> <span class='ocrx_word' id='word_1_21' title='bbox 1495 672 1560 731; x_wconf 93' lang='lat' dir='ltr'>in</span> <span class='ocrx_word' id='word_1_22' title='bbox 1608 671 1810 731; x_wconf 91' lang='lat' dir='ltr'>odore</span> <span class='ocrx_word' id='word_1_23' title='bbox 1860 673 2145 732; x_wconf 89' lang='lat' dir='ltr'>balsami</span> <span class='ocrx_word' id='word_1_24' title='bbox 2193 676 2260 732; x_wconf 90' lang='lat' dir='ltr'>et</span> <span class='ocrx_word' id='word_1_25' title='bbox 2306 674 2602 732; x_wconf 91' lang='lat' dir='ltr'>omnium</span> <span class='ocrx_word' id='word_1_26' title='bbox 2651 673 3141 748; x_wconf 82' lang='lat' dir='ltr'>pigmentorum</span> <span class='ocrx_word' id='word_1_27' title='bbox 3176 674 3258 732; x_wconf 90' lang='lat' dir='ltr'>de</span> <span class='ocrx_word' id='word_1_28' title='bbox 3293 690 3366 733; x_wconf 90' lang='lat' dir='ltr'>se</span> 
     </span>
     <span class='ocr_line' id='line_1_4' title="bbox 275 773 3371 851; baseline 0.002 -21"><span class='ocrx_word' id='word_1_29' title='bbox 275 773 654 835; x_wconf 81' lang='lat' dir='ltr'><strong>emittebat.</strong></span> <span class='ocrx_word' id='word_1_30' title='bbox 706 773 831 834; x_wconf 86' lang='lat' dir='ltr'>Sed</span> <span class='ocrx_word' id='word_1_31' title='bbox 881 775 1039 849; x_wconf 87' lang='lat' dir='ltr'>quia</span> <span class='ocrx_word' id='word_1_32' title='bbox 1089 775 1153 832; x_wconf 92' lang='lat' dir='ltr'>in</span> <span class='ocrx_word' id='word_1_33' title='bbox 1202 774 1517 833; x_wconf 84' lang='lat' dir='ltr'>cordibus</span> <span class='ocrx_word' id='word_1_34' title='bbox 1568 775 1709 833; x_wconf 85' lang='lat' dir='ltr'>suis</span> <span class='ocrx_word' id='word_1_35' title='bbox 1760 774 2135 833; x_wconf 87' lang='lat' dir='ltr'>fiducialem</span> <span class='ocrx_word' id='word_1_36' title='bbox 2170 791 2357 851; x_wconf 88' lang='lat' dir='ltr'>spem</span> <span class='ocrx_word' id='word_1_37' title='bbox 2391 775 2470 833; x_wconf 92' lang='lat' dir='ltr'>de</span> <span class='ocrx_word' id='word_1_38' title='bbox 2506 775 2814 834; x_wconf 89' lang='lat' dir='ltr'>omnibus</span> <span class='ocrx_word' id='word_1_39' title='bbox 2850 775 3191 834; x_wconf 81' lang='lat' dir='ltr'>laboribus</span> <span class='ocrx_word' id='word_1_40' title='bbox 3225 776 3371 835; x_wconf 88' lang='lat' dir='ltr'>suis</span> 
     </span>
     <span class='ocr_line' id='line_1_5' title="bbox 273 878 3371 955; baseline -0.001 -15"><span class='ocrx_word' id='word_1_41' title='bbox 273 879 361 940; x_wconf 85' lang='lat' dir='ltr'>ad</span> <span class='ocrx_word' id='word_1_42' title='bbox 394 880 600 940; x_wconf 91' lang='lat' dir='ltr'>Deum</span> <span class='ocrx_word' id='word_1_43' title='bbox 635 879 1097 952; x_wconf 81' lang='lat' dir='ltr'><strong>extenderant,</strong></span> <span class='ocrx_word' id='word_1_44' title='bbox 1139 880 1205 937; x_wconf 92' lang='lat' dir='ltr'>in</span> <span class='ocrx_word' id='word_1_45' title='bbox 1238 880 1572 955; x_wconf 81' lang='lat' dir='ltr'>capitibus</span> <span class='ocrx_word' id='word_1_46' title='bbox 1609 880 1751 938; x_wconf 90' lang='lat' dir='ltr'>suis</span> <span class='ocrx_word' id='word_1_47' title='bbox 1800 896 2083 938; x_wconf 90' lang='lat' dir='ltr'>coronas</span> <span class='ocrx_word' id='word_1_48' title='bbox 2135 881 2316 939; x_wconf 84' lang='lat' dir='ltr'>velut</span> <span class='ocrx_word' id='word_1_49' title='bbox 2366 879 2784 939; x_wconf 86' lang='lat' dir='ltr'>nobilissimo</span> <span class='ocrx_word' id='word_1_50' title='bbox 2822 878 3129 953; x_wconf 85' lang='lat' dir='ltr'>hyacinto</span> <span class='ocrx_word' id='word_1_51' title='bbox 3177 878 3371 938; x_wconf 88' lang='lat' dir='ltr'>deco-</span> 
     </span>
     <span class='ocr_line' id='line_1_6' title="bbox 282 982 3372 1070; baseline 0 -28"><span class='ocrx_word' id='word_1_52' title='bbox 282 988 472 1043; x_wconf 88' lang='lat' dir='ltr'>ratas</span> <span class='ocrx_word' id='word_1_53' title='bbox 522 983 892 1057; x_wconf 89' lang='lat' dir='ltr'>habebant,</span> <span class='ocrx_word' id='word_1_54' title='bbox 943 985 1011 1043; x_wconf 92' lang='lat' dir='ltr'>et</span> <span class='ocrx_word' id='word_1_55' title='bbox 1058 984 1217 1058; x_wconf 92' lang='lat' dir='ltr'>quia</span> <span class='ocrx_word' id='word_1_56' title='bbox 1268 983 1333 1042; x_wconf 89' lang='lat' dir='ltr'>in</span> <span class='ocrx_word' id='word_1_57' title='bbox 1385 988 1565 1042; x_wconf 89' lang='lat' dir='ltr'>recto</span> <span class='ocrx_word' id='word_1_58' title='bbox 1603 983 1850 1070; x_wconf 33' lang='lat' dir='ltr'>‘itinere</span> <span class='ocrx_word' id='word_1_59' title='bbox 1887 984 2335 1058; x_wconf 83' lang='lat' dir='ltr'>spiritualium</span> <span class='ocrx_word' id='word_1_60' title='bbox 2374 984 2633 1042; x_wconf 82' lang='lat' dir='ltr'>viarum</span> <span class='ocrx_word' id='word_1_61' title='bbox 2672 982 3109 1042; x_wconf 75' lang='lat' dir='ltr'>stabilitatem</span> <span class='ocrx_word' id='word_1_62' title='bbox 3144 998 3372 1042; x_wconf 89' lang='lat' dir='ltr'>serva-</span> 
     </span>
     <span class='ocr_line' id='line_1_7' title="bbox 277 1087 2966 1163; baseline 0 -17"><span class='ocrx_word' id='word_1_63' title='bbox 277 1093 547 1158; x_wconf 83' lang='lat' dir='ltr'>verant,</span> <span class='ocrx_word' id='word_1_64' title='bbox 584 1088 1056 1148; x_wconf 89' lang='lat' dir='ltr'>calceamentis</span> <span class='ocrx_word' id='word_1_65' title='bbox 1094 1087 1407 1163; x_wconf 81' lang='lat' dir='ltr'>pretiosis</span> <span class='ocrx_word' id='word_1_66' title='bbox 1442 1087 1827 1161; x_wconf 81' lang='lat' dir='ltr'>margaritis</span> <span class='ocrx_word' id='word_1_67' title='bbox 1862 1087 2176 1147; x_wconf 89' lang='lat' dir='ltr'>distincte</span> <span class='ocrx_word' id='word_1_68' title='bbox 2210 1089 2466 1146; x_wconf 89' lang='lat' dir='ltr'>ornatis</span> <span class='ocrx_word' id='word_1_69' title='bbox 2505 1087 2966 1146; x_wconf 89' lang='lat' dir='ltr'>induebantur.</span> 
     </span>
    </p>

    <p class='ocr_par' dir='ltr' id='par_1_3' title="bbox 279 1188 3389 2817">
     <span class='ocr_line' id='line_1_8' title="bbox 373 1188 3379 1266; baseline -0.001 -16"><span class='ocrx_word' id='word_1_70' title='bbox 373 1190 485 1263; x_wconf 73' lang='grc'>34.</span> <span class='ocrx_word' id='word_1_71' title='bbox 534 1189 630 1249; x_wconf 90' lang='lat' dir='ltr'>Ob</span> <span class='ocrx_word' id='word_1_72' title='bbox 683 1190 946 1250; x_wconf 87' lang='lat' dir='ltr'>laudem</span> <span class='ocrx_word' id='word_1_73' title='bbox 996 1204 1264 1265; x_wconf 88' lang='lat' dir='ltr'>quoque</span> <span class='ocrx_word' id='word_1_74' title='bbox 1314 1204 1448 1265; x_wconf 89' lang='lat' dir='ltr'>qua</span> <span class='ocrx_word' id='word_1_75' title='bbox 1494 1188 1702 1249; x_wconf 89' lang='lat' dir='ltr'>Deum</span> <span class='ocrx_word' id='word_1_76' title='bbox 1753 1189 1817 1249; x_wconf 91' lang='lat' dir='ltr'>in</span> <span class='ocrx_word' id='word_1_77' title='bbox 1865 1206 2030 1251; x_wconf 90' lang='lat' dir='ltr'>voce</span> <span class='ocrx_word' id='word_1_78' title='bbox 2073 1190 2493 1266; x_wconf 87' lang='lat' dir='ltr'>jubilationis</span> <span class='ocrx_word' id='word_1_79' title='bbox 2543 1189 2886 1248; x_wconf 89' lang='lat' dir='ltr'>humiliter</span> <span class='ocrx_word' id='word_1_80' title='bbox 2931 1195 2998 1248; x_wconf 92' lang='lat' dir='ltr'>et</span> <span class='ocrx_word' id='word_1_81' title='bbox 3040 1189 3277 1248; x_wconf 87' lang='lat' dir='ltr'>devote</span> <span class='ocrx_word' id='word_1_82' title='bbox 3314 1189 3379 1248; x_wconf 91' lang='lat' dir='ltr'>in</span> 
     </span>
     <span class='ocr_line' id='line_1_9' title="bbox 283 1292 3378 1368; baseline -0.001 -15"><span class='ocrx_word' id='word_1_83' title='bbox 283 1294 559 1361; x_wconf 83' lang='lat' dir='ltr'>saeculo</span> <span class='ocrx_word' id='word_1_84' title='bbox 608 1293 1069 1368; x_wconf 85' lang='lat' dir='ltr'>laudaverant,</span> <span class='ocrx_word' id='word_1_85' title='bbox 1107 1310 1236 1353; x_wconf 90' lang='lat' dir='ltr'>vox</span> <span class='ocrx_word' id='word_1_86' title='bbox 1270 1309 1503 1353; x_wconf 89' lang='lat' dir='ltr'>eorum</span> <span class='ocrx_word' id='word_1_87' title='bbox 1554 1309 1791 1353; x_wconf 89' lang='lat' dir='ltr'>sonum</span> <span class='ocrx_word' id='word_1_88' title='bbox 1825 1294 2043 1353; x_wconf 90' lang='lat' dir='ltr'>omnis</span> <span class='ocrx_word' id='word_1_89' title='bbox 2084 1294 2349 1368; x_wconf 88' lang='lat' dir='ltr'>generis</span> <span class='ocrx_word' id='word_1_90' title='bbox 2397 1294 2807 1353; x_wconf 89' lang='lat' dir='ltr'>musicorum</span> <span class='ocrx_word' id='word_1_91' title='bbox 2850 1292 3159 1367; x_wconf 89' lang='lat' dir='ltr'>habebat,</span> <span class='ocrx_word' id='word_1_92' title='bbox 3194 1295 3260 1352; x_wconf 89' lang='lat' dir='ltr'>et</span> <span class='ocrx_word' id='word_1_93' title='bbox 3293 1293 3378 1351; x_wconf 89' lang='lat' dir='ltr'>ob</span> 
     </span>
     <span class='ocr_line' id='line_1_10' title="bbox 288 1392 3377 1469; baseline -0.001 -15"><span class='ocrx_word' id='word_1_94' title='bbox 288 1396 765 1456; x_wconf 84' lang='lat' dir='ltr'>incessabilem</span> <span class='ocrx_word' id='word_1_95' title='bbox 801 1396 867 1455; x_wconf 91' lang='lat' dir='ltr'>in</span> <span class='ocrx_word' id='word_1_96' title='bbox 900 1395 1127 1455; x_wconf 88' lang='lat' dir='ltr'>divino</span> <span class='ocrx_word' id='word_1_97' title='bbox 1163 1395 1383 1455; x_wconf 84' lang='lat' dir='ltr'>officio</span> <span class='ocrx_word' id='word_1_98' title='bbox 1420 1396 1644 1454; x_wconf 91' lang='lat' dir='ltr'>cordis</span> <span class='ocrx_word' id='word_1_99' title='bbox 1679 1397 1745 1454; x_wconf 90' lang='lat' dir='ltr'>et</span> <span class='ocrx_word' id='word_1_100' title='bbox 1776 1395 1917 1455; x_wconf 91' lang='lat' dir='ltr'>oris</span> <span class='ocrx_word' id='word_1_101' title='bbox 1950 1411 2183 1455; x_wconf 89' lang='lat' dir='ltr'>eorum</span> <span class='ocrx_word' id='word_1_102' title='bbox 2219 1395 2612 1455; x_wconf 89' lang='lat' dir='ltr'>servitutem</span> <span class='ocrx_word' id='word_1_103' title='bbox 2635 1442 2651 1469; x_wconf 89' lang='lat'>‚</span> <span class='ocrx_word' id='word_1_104' title='bbox 2704 1394 2818 1453; x_wconf 91' lang='lat' dir='ltr'>ubi</span> <span class='ocrx_word' id='word_1_105' title='bbox 2869 1396 2935 1454; x_wconf 90' lang='lat' dir='ltr'>in</span> <span class='ocrx_word' id='word_1_106' title='bbox 2984 1392 3377 1469; x_wconf 87' lang='lat' dir='ltr'>corporibus</span> 
     </span>
     <span class='ocr_line' id='line_1_11' title="bbox 280 1498 3383 1575; baseline -0.001 -17"><span class='ocrx_word' id='word_1_107' title='bbox 280 1500 431 1559; x_wconf 89' lang='lat' dir='ltr'>suis</span> <span class='ocrx_word' id='word_1_108' title='bbox 467 1500 793 1575; x_wconf 84' lang='lat' dir='ltr'>viventeS,</span> <span class='ocrx_word' id='word_1_109' title='bbox 829 1514 1370 1575; x_wconf 85' lang='lat' dir='ltr'>unamquamque</span> <span class='ocrx_word' id='word_1_110' title='bbox 1421 1500 1738 1559; x_wconf 90' lang='lat' dir='ltr'>virtutem</span> <span class='ocrx_word' id='word_1_111' title='bbox 1784 1498 2068 1574; x_wconf 80' lang='lat' dir='ltr'>benigne</span> <span class='ocrx_word' id='word_1_112' title='bbox 2119 1500 2641 1573; x_wconf 85' lang='lat' dir='ltr'>ruminaverant,</span> <span class='ocrx_word' id='word_1_113' title='bbox 2687 1499 2829 1558; x_wconf 89' lang='lat' dir='ltr'>sine</span> <span class='ocrx_word' id='word_1_114' title='bbox 2868 1498 3086 1559; x_wconf 90' lang='lat' dir='ltr'>taedio</span> <span class='ocrx_word' id='word_1_115' title='bbox 3121 1499 3383 1557; x_wconf 89' lang='lat' dir='ltr'>cantica</span> 
     </span>
     <span class='ocr_line' id='line_1_12' title="bbox 279 1602 3384 1679; baseline -0.001 -14"><span class='ocrx_word' id='word_1_116' title='bbox 279 1620 458 1665; x_wconf 88' lang='lat' dir='ltr'>nova</span> <span class='ocrx_word' id='word_1_117' title='bbox 492 1617 756 1679; x_wconf 86' lang='lat' dir='ltr'>semper</span> <span class='ocrx_word' id='word_1_118' title='bbox 791 1603 1167 1663; x_wconf 85' lang='lat' dir='ltr'>cantabant.</span> <span class='ocrx_word' id='word_1_119' title='bbox 1204 1603 1283 1662; x_wconf 89' lang='lat' dir='ltr'>Et</span> <span class='ocrx_word' id='word_1_120' title='bbox 1315 1603 1628 1679; x_wconf 90' lang='lat' dir='ltr'>quoniam</span> <span class='ocrx_word' id='word_1_121' title='bbox 1664 1603 1966 1677; x_wconf 84' lang='lat' dir='ltr'>angelica</span> <span class='ocrx_word' id='word_1_122' title='bbox 1999 1605 2349 1678; x_wconf 90' lang='lat' dir='ltr'>servitute,</span> <span class='ocrx_word' id='word_1_123' title='bbox 2389 1609 2529 1662; x_wconf 90' lang='lat' dir='ltr'>toto</span> <span class='ocrx_word' id='word_1_124' title='bbox 2574 1602 2812 1661; x_wconf 88' lang='lat' dir='ltr'>annisu</span> <span class='ocrx_word' id='word_1_125' title='bbox 2845 1602 3089 1662; x_wconf 90' lang='lat' dir='ltr'>mentis</span> <span class='ocrx_word' id='word_1_126' title='bbox 3123 1607 3190 1661; x_wconf 90' lang='lat' dir='ltr'>et</span> <span class='ocrx_word' id='word_1_127' title='bbox 3237 1616 3384 1661; x_wconf 91' lang='lat' dir='ltr'>cor-</span> 
     </span>
     <span class='ocr_line' id='line_1_13' title="bbox 283 1706 3376 1784; baseline -0.001 -16"><span class='ocrx_word' id='word_1_128' title='bbox 283 1708 497 1784; x_wconf 75' lang='lat' dir='ltr'>peria,</span> <span class='ocrx_word' id='word_1_129' title='bbox 532 1709 719 1768; x_wconf 89' lang='lat' dir='ltr'>vocis</span> <span class='ocrx_word' id='word_1_130' title='bbox 752 1723 1015 1784; x_wconf 90' lang='lat' dir='ltr'>quoque</span> <span class='ocrx_word' id='word_1_131' title='bbox 1048 1714 1114 1767; x_wconf 91' lang='lat' dir='ltr'>et</span> <span class='ocrx_word' id='word_1_132' title='bbox 1149 1707 1313 1767; x_wconf 90' lang='lat' dir='ltr'>recti</span> <span class='ocrx_word' id='word_1_133' title='bbox 1347 1708 1597 1782; x_wconf 80' lang='lat' dir='ltr'>operiS,</span> <span class='ocrx_word' id='word_1_134' title='bbox 1635 1707 1865 1766; x_wconf 90' lang='lat' dir='ltr'>laudes</span> <span class='ocrx_word' id='word_1_135' title='bbox 1900 1708 2289 1783; x_wconf 82' lang='lat' dir='ltr'>angelorum</span> <span class='ocrx_word' id='word_1_136' title='bbox 2314 1706 2521 1766; x_wconf 88' lang='lat' dir='ltr'>Deum</span> <span class='ocrx_word' id='word_1_137' title='bbox 2557 1706 2886 1766; x_wconf 87' lang='lat' dir='ltr'>laudando</span> <span class='ocrx_word' id='word_1_138' title='bbox 2922 1706 3165 1766; x_wconf 90' lang='lat' dir='ltr'>imitati</span> <span class='ocrx_word' id='word_1_139' title='bbox 3200 1712 3376 1778; x_wconf 83' lang='lat' dir='ltr'>sunt,</span> 
     </span>
     <span class='ocr_line' id='line_1_14' title="bbox 281 1807 3379 1888; baseline -0.002 -16"><span class='ocrx_word' id='word_1_140' title='bbox 281 1812 664 1888; x_wconf 83' lang='lat' dir='ltr'>praeceptis</span> <span class='ocrx_word' id='word_1_141' title='bbox 713 1811 1041 1887; x_wconf 88' lang='lat' dir='ltr'>majorum</span> <span class='ocrx_word' id='word_1_142' title='bbox 1092 1826 1367 1871; x_wconf 90' lang='lat' dir='ltr'>suorum</span> <span class='ocrx_word' id='word_1_143' title='bbox 1420 1810 1837 1884; x_wconf 82' lang='lat' dir='ltr'>obedientes,</span> <span class='ocrx_word' id='word_1_144' title='bbox 1890 1811 2307 1870; x_wconf 88' lang='lat' dir='ltr'>orationibus</span> <span class='ocrx_word' id='word_1_145' title='bbox 2358 1826 2434 1869; x_wconf 92' lang='lat' dir='ltr'>ac</span> <span class='ocrx_word' id='word_1_146' title='bbox 2486 1809 2750 1869; x_wconf 90' lang='lat' dir='ltr'>silentio</span> <span class='ocrx_word' id='word_1_147' title='bbox 2802 1810 2869 1869; x_wconf 89' lang='lat' dir='ltr'>et</span> <span class='ocrx_word' id='word_1_148' title='bbox 2918 1810 3208 1868; x_wconf 86' lang='lat' dir='ltr'>caeteris</span> <span class='ocrx_word' id='word_1_149' title='bbox 3258 1807 3379 1866; x_wconf 88' lang='lat' dir='ltr'>hu-</span> 
     </span>
     <span class='ocr_line' id='line_1_15' title="bbox 279 1912 3384 1992; baseline -0.001 -18"><span class='ocrx_word' id='word_1_150' title='bbox 279 1914 580 1992; x_wconf 88' lang='lat' dir='ltr'>jusmodi</span> <span class='ocrx_word' id='word_1_151' title='bbox 627 1915 821 1974; x_wconf 90' lang='lat' dir='ltr'>bonis</span> <span class='ocrx_word' id='word_1_152' title='bbox 870 1915 1212 1991; x_wconf 79' lang='lat' dir='ltr'>operibuS,</span> <span class='ocrx_word' id='word_1_153' title='bbox 1255 1915 1318 1973; x_wconf 92' lang='lat' dir='ltr'>in</span> <span class='ocrx_word' id='word_1_154' title='bbox 1362 1914 1881 1989; x_wconf 89' lang='lat' dir='ltr'>contemplativa</span> <span class='ocrx_word' id='word_1_155' title='bbox 1915 1915 2078 1987; x_wconf 89' lang='lat' dir='ltr'>vita,</span> <span class='ocrx_word' id='word_1_156' title='bbox 2122 1930 2240 1989; x_wconf 89' lang='lat' dir='ltr'>per</span> <span class='ocrx_word' id='word_1_157' title='bbox 2288 1914 2763 1974; x_wconf 87' lang='lat' dir='ltr'>continentiam</span> <span class='ocrx_word' id='word_1_158' title='bbox 2811 1912 3180 1971; x_wconf 87' lang='lat' dir='ltr'>carnalium</span> <span class='ocrx_word' id='word_1_159' title='bbox 3231 1927 3384 1970; x_wconf 88' lang='lat' dir='ltr'>con-</span> 
     </span>
     <span class='ocr_line' id='line_1_16' title="bbox 287 2014 3388 2094; baseline -0.001 -17"><span class='ocrx_word' id='word_1_160' title='bbox 287 2018 882 2093; x_wconf 87' lang='lat' dir='ltr'>cupiscentiarum,</span> <span class='ocrx_word' id='word_1_161' title='bbox 929 2018 1182 2094; x_wconf 84' lang='lat' dir='ltr'>jugiter</span> <span class='ocrx_word' id='word_1_162' title='bbox 1233 2018 1651 2093; x_wconf 79' lang='lat' dir='ltr'>insistenteS,</span> <span class='ocrx_word' id='word_1_163' title='bbox 1688 2018 2069 2077; x_wconf 89' lang='lat' dir='ltr'>clarissima</span> <span class='ocrx_word' id='word_1_164' title='bbox 2101 2023 2168 2078; x_wconf 90' lang='lat' dir='ltr'>et</span> <span class='ocrx_word' id='word_1_165' title='bbox 2200 2017 2567 2091; x_wconf 89' lang='lat' dir='ltr'>purissima</span> <span class='ocrx_word' id='word_1_166' title='bbox 2600 2017 2769 2089; x_wconf 90' lang='lat' dir='ltr'>luce,</span> <span class='ocrx_word' id='word_1_167' title='bbox 2805 2015 2890 2073; x_wconf 88' lang='lat' dir='ltr'>ab</span> <span class='ocrx_word' id='word_1_168' title='bbox 2925 2031 3167 2074; x_wconf 89' lang='lat' dir='ltr'>arcano</span> <span class='ocrx_word' id='word_1_169' title='bbox 3209 2014 3388 2073; x_wconf 89' lang='lat' dir='ltr'>Divi-</span> 
     </span>
     <span class='ocr_line' id='line_1_17' title="bbox 289 2118 3387 2197; baseline -0.002 -16"><span class='ocrx_word' id='word_1_170' title='bbox 289 2120 524 2181; x_wconf 86' lang='lat' dir='ltr'>nitatis</span> <span class='ocrx_word' id='word_1_171' title='bbox 579 2122 909 2196; x_wconf 90' lang='lat' dir='ltr'>veniente,</span> <span class='ocrx_word' id='word_1_172' title='bbox 973 2121 1308 2181; x_wconf 91' lang='lat' dir='ltr'>interdum</span> <span class='ocrx_word' id='word_1_173' title='bbox 1375 2121 1923 2195; x_wconf 86' lang='lat' dir='ltr'>illustrabantur;</span> <span class='ocrx_word' id='word_1_174' title='bbox 1983 2136 2154 2197; x_wconf 87' lang='lat' dir='ltr'>quae</span> <span class='ocrx_word' id='word_1_175' title='bbox 2209 2128 2341 2180; x_wconf 90' lang='lat' dir='ltr'>tam</span> <span class='ocrx_word' id='word_1_176' title='bbox 2403 2135 2641 2194; x_wconf 79' lang='lat' dir='ltr'>magna</span> <span class='ocrx_word' id='word_1_177' title='bbox 2684 2125 2752 2177; x_wconf 91' lang='lat' dir='ltr'>et</span> <span class='ocrx_word' id='word_1_178' title='bbox 2787 2125 2922 2178; x_wconf 90' lang='lat' dir='ltr'>tam</span> <span class='ocrx_word' id='word_1_179' title='bbox 2972 2118 3193 2178; x_wconf 90' lang='lat' dir='ltr'>lucida</span> <span class='ocrx_word' id='word_1_180' title='bbox 3240 2118 3387 2177; x_wconf 86' lang='lat' dir='ltr'>erat</span> 
     </span>
     <span class='ocr_line' id='line_1_18' title="bbox 289 2224 3386 2303; baseline -0.002 -17"><span class='ocrx_word' id='word_1_181' title='bbox 289 2226 467 2303; x_wconf 91' lang='lat' dir='ltr'>quod</span> <span class='ocrx_word' id='word_1_182' title='bbox 515 2242 662 2286; x_wconf 87' lang='lat' dir='ltr'>eam</span> <span class='ocrx_word' id='word_1_183' title='bbox 711 2241 834 2286; x_wconf 93' lang='lat' dir='ltr'>nec</span> <span class='ocrx_word' id='word_1_184' title='bbox 881 2228 1115 2286; x_wconf 91' lang='lat' dir='ltr'>oculus</span> <span class='ocrx_word' id='word_1_185' title='bbox 1163 2225 1416 2299; x_wconf 89' lang='lat' dir='ltr'>videre,</span> <span class='ocrx_word' id='word_1_186' title='bbox 1473 2242 1593 2284; x_wconf 90' lang='lat' dir='ltr'>nec</span> <span class='ocrx_word' id='word_1_187' title='bbox 1643 2227 1826 2284; x_wconf 88' lang='lat' dir='ltr'>auris</span> <span class='ocrx_word' id='word_1_188' title='bbox 1862 2225 2125 2300; x_wconf 92' lang='lat' dir='ltr'>audire,</span> <span class='ocrx_word' id='word_1_189' title='bbox 2160 2241 2285 2285; x_wconf 89' lang='lat' dir='ltr'>nec</span> <span class='ocrx_word' id='word_1_190' title='bbox 2318 2242 2435 2284; x_wconf 90' lang='lat' dir='ltr'>cor</span> <span class='ocrx_word' id='word_1_191' title='bbox 2467 2224 2755 2283; x_wconf 88' lang='lat' dir='ltr'>hominis</span> <span class='ocrx_word' id='word_1_192' title='bbox 2789 2224 3169 2299; x_wconf 85' lang='lat' dir='ltr'>excogitare</span> <span class='ocrx_word' id='word_1_193' title='bbox 3201 2227 3386 2297; x_wconf 90' lang='lat' dir='ltr'>pote-</span> 
     </span>
     <span class='ocr_line' id='line_1_19' title="bbox 293 2325 3388 2406; baseline -0.001 -17"><span class='ocrx_word' id='word_1_194' title='bbox 293 2330 404 2405; x_wconf 91' lang='lat' dir='ltr'>rit,</span> <span class='ocrx_word' id='word_1_195' title='bbox 442 2331 518 2389; x_wconf 89' lang='lat' dir='ltr'>ut</span> <span class='ocrx_word' id='word_1_196' title='bbox 549 2329 927 2406; x_wconf 85' lang='lat' dir='ltr'>praefatum</span> <span class='ocrx_word' id='word_1_197' title='bbox 978 2336 1101 2390; x_wconf 91' lang='lat' dir='ltr'>est.</span> <span class='ocrx_word' id='word_1_198' title='bbox 1155 2329 1239 2389; x_wconf 92' lang='lat' dir='ltr'>Hi</span> <span class='ocrx_word' id='word_1_199' title='bbox 1286 2344 1456 2389; x_wconf 85' lang='lat' dir='ltr'>vero</span> <span class='ocrx_word' id='word_1_200' title='bbox 1510 2329 1574 2388; x_wconf 94' lang='lat' dir='ltr'>in</span> <span class='ocrx_word' id='word_1_201' title='bbox 1622 2330 2015 2404; x_wconf 86' lang='lat' dir='ltr'>corporibus</span> <span class='ocrx_word' id='word_1_202' title='bbox 2060 2330 2204 2388; x_wconf 91' lang='lat' dir='ltr'>suis</span> <span class='ocrx_word' id='word_1_203' title='bbox 2239 2330 2305 2388; x_wconf 92' lang='lat' dir='ltr'>in</span> <span class='ocrx_word' id='word_1_204' title='bbox 2354 2329 2621 2387; x_wconf 89' lang='lat' dir='ltr'>saeculo</span> <span class='ocrx_word' id='word_1_205' title='bbox 2664 2328 2992 2400; x_wconf 90' lang='lat' dir='ltr'>viventes,</span> <span class='ocrx_word' id='word_1_206' title='bbox 3027 2342 3068 2386; x_wconf 91' lang='lat' dir='ltr'>a</span> <span class='ocrx_word' id='word_1_207' title='bbox 3115 2325 3388 2402; x_wconf 89' lang='lat' dir='ltr'>propria</span> 
     </span>
     <span class='ocr_line' id='line_1_20' title="bbox 295 2431 3389 2509; baseline -0.002 -15"><span class='ocrx_word' id='word_1_208' title='bbox 295 2434 580 2494; x_wconf 84' lang='lat' dir='ltr'>materia</span> <span class='ocrx_word' id='word_1_209' title='bbox 614 2450 735 2494; x_wconf 91' lang='lat' dir='ltr'>sua</span> <span class='ocrx_word' id='word_1_210' title='bbox 771 2433 838 2493; x_wconf 91' lang='lat' dir='ltr'>in</span> <span class='ocrx_word' id='word_1_211' title='bbox 870 2449 1003 2509; x_wconf 91' lang='lat' dir='ltr'>qua</span> <span class='ocrx_word' id='word_1_212' title='bbox 1037 2433 1341 2507; x_wconf 89' lang='lat' dir='ltr'>concepti</span> <span class='ocrx_word' id='word_1_213' title='bbox 1376 2435 1443 2492; x_wconf 86' lang='lat' dir='ltr'>et</span> <span class='ocrx_word' id='word_1_214' title='bbox 1484 2435 1620 2492; x_wconf 88' lang='lat' dir='ltr'>nati</span> <span class='ocrx_word' id='word_1_215' title='bbox 1658 2437 1869 2508; x_wconf 87' lang='lat' dir='ltr'>erant,</span> <span class='ocrx_word' id='word_1_216' title='bbox 1910 2449 1983 2492; x_wconf 91' lang='lat' dir='ltr'>se</span> <span class='ocrx_word' id='word_1_217' title='bbox 2018 2434 2504 2507; x_wconf 86' lang='lat' dir='ltr'>abstraxerant,</span> <span class='ocrx_word' id='word_1_218' title='bbox 2539 2438 2607 2490; x_wconf 91' lang='lat' dir='ltr'>et</span> <span class='ocrx_word' id='word_1_219' title='bbox 2654 2432 2991 2507; x_wconf 85' lang='lat' dir='ltr'>spirituali</span> <span class='ocrx_word' id='word_1_220' title='bbox 3041 2431 3220 2490; x_wconf 91' lang='lat' dir='ltr'>vitae</span> <span class='ocrx_word' id='word_1_221' title='bbox 3270 2446 3389 2507; x_wconf 90' lang='lat' dir='ltr'>per</span> 
     </span>
     <span class='ocr_line' id='line_1_21' title="bbox 291 2534 3381 2611; baseline -0.001 -14"><span class='ocrx_word' id='word_1_222' title='bbox 291 2553 521 2599; x_wconf 88' lang='lat' dir='ltr'>veram</span> <span class='ocrx_word' id='word_1_223' title='bbox 557 2537 1005 2597; x_wconf 89' lang='lat' dir='ltr'>obedientiam</span> <span class='ocrx_word' id='word_1_224' title='bbox 1043 2553 1115 2596; x_wconf 90' lang='lat' dir='ltr'>se</span> <span class='ocrx_word' id='word_1_225' title='bbox 1149 2537 1608 2611; x_wconf 88' lang='lat' dir='ltr'>subdiderant,</span> <span class='ocrx_word' id='word_1_226' title='bbox 1646 2542 1713 2596; x_wconf 92' lang='lat' dir='ltr'>et</span> <span class='ocrx_word' id='word_1_227' title='bbox 1755 2537 2056 2596; x_wconf 85' lang='lat' dir='ltr'>Creatori</span> <span class='ocrx_word' id='word_1_228' title='bbox 2103 2553 2224 2596; x_wconf 90' lang='lat' dir='ltr'>suo</span> <span class='ocrx_word' id='word_1_229' title='bbox 2270 2536 2449 2596; x_wconf 88' lang='lat' dir='ltr'>omni</span> <span class='ocrx_word' id='word_1_230' title='bbox 2498 2536 2849 2595; x_wconf 88' lang='lat' dir='ltr'>devotione</span> <span class='ocrx_word' id='word_1_231' title='bbox 2891 2541 2957 2595; x_wconf 92' lang='lat' dir='ltr'>et</span> <span class='ocrx_word' id='word_1_232' title='bbox 3007 2534 3381 2595; x_wconf 88' lang='lat' dir='ltr'>humillima</span> 
     </span>
     <span class='ocr_line' id='line_1_22' title="bbox 303 2638 3385 2715; baseline 0 -17"><span class='ocrx_word' id='word_1_233' title='bbox 303 2638 716 2715; x_wconf 89' lang='lat' dir='ltr'>subjectione</span> <span class='ocrx_word' id='word_1_234' title='bbox 767 2640 833 2699; x_wconf 89' lang='lat' dir='ltr'>in</span> <span class='ocrx_word' id='word_1_235' title='bbox 880 2641 1266 2715; x_wconf 87' lang='lat' dir='ltr'>contemptu</span> <span class='ocrx_word' id='word_1_236' title='bbox 1316 2640 1541 2699; x_wconf 87' lang='lat' dir='ltr'>mundi</span> <span class='ocrx_word' id='word_1_237' title='bbox 1591 2641 1657 2699; x_wconf 91' lang='lat' dir='ltr'>et</span> <span class='ocrx_word' id='word_1_238' title='bbox 1711 2640 2132 2715; x_wconf 88' lang='lat' dir='ltr'>voluptatum</span> <span class='ocrx_word' id='word_1_239' title='bbox 2188 2638 2334 2714; x_wconf 89' lang='lat' dir='ltr'>ejus</span> <span class='ocrx_word' id='word_1_240' title='bbox 2394 2640 2788 2699; x_wconf 88' lang='lat' dir='ltr'>servierant.</span> <span class='ocrx_word' id='word_1_241' title='bbox 2845 2638 3130 2713; x_wconf 86' lang='lat' dir='ltr'>Reliqua</span> <span class='ocrx_word' id='word_1_242' title='bbox 3164 2640 3385 2698; x_wconf 89' lang='lat' dir='ltr'>autem</span> 
     </span>
     <span class='ocr_line' id='line_1_23' title="bbox 295 2740 3362 2817; baseline -0.001 -16"><span class='ocrx_word' id='word_1_243' title='bbox 295 2743 684 2801; x_wconf 89' lang='lat' dir='ltr'>ornamenta</span> <span class='ocrx_word' id='word_1_244' title='bbox 721 2741 1007 2801; x_wconf 89' lang='lat' dir='ltr'>istorum</span> <span class='ocrx_word' id='word_1_245' title='bbox 1042 2744 1108 2801; x_wconf 90' lang='lat' dir='ltr'>et</span> <span class='ocrx_word' id='word_1_246' title='bbox 1142 2741 1664 2817; x_wconf 85' lang='lat' dir='ltr'>significationes</span> <span class='ocrx_word' id='word_1_247' title='bbox 1691 2758 1923 2801; x_wconf 90' lang='lat' dir='ltr'>eorum</span> <span class='ocrx_word' id='word_1_248' title='bbox 1953 2741 2127 2801; x_wconf 90' lang='lat' dir='ltr'>visui</span> <span class='ocrx_word' id='word_1_249' title='bbox 2154 2747 2222 2800; x_wconf 92' lang='lat' dir='ltr'>et</span> <span class='ocrx_word' id='word_1_250' title='bbox 2249 2740 2618 2801; x_wconf 82' lang='lat' dir='ltr'>intellectui</span> <span class='ocrx_word' id='word_1_251' title='bbox 2648 2757 2792 2799; x_wconf 90' lang='lat' dir='ltr'>meo</span> <span class='ocrx_word' id='word_1_252' title='bbox 2820 2741 3155 2801; x_wconf 91' lang='lat' dir='ltr'>occultata</span> <span class='ocrx_word' id='word_1_253' title='bbox 3187 2744 3362 2800; x_wconf 92' lang='lat' dir='ltr'>sunt.</span> 
     </span>
    </p>
   </div>
   <div class='ocr_carea' id='block_1_3' title="bbox 1699 2965 1974 3025">
    <p class='ocr_par' dir='ltr' id='par_1_4' title="bbox 1699 2965 1974 3025">
     <span class='ocr_line' id='line_1_24' title="bbox 1699 2965 1974 3025; baseline 0.004 -1"><span class='ocrx_word' id='word_1_254' title='bbox 1699 2965 1974 3025; x_wconf 82' lang='lat' dir='ltr'>XXVIII.</span> 
     </span>
    </p>
   </div>
   <div class='ocr_carea' id='block_1_4' title="bbox 541 3156 3135 3235">
    <p class='ocr_par' dir='ltr' id='par_1_5' title="bbox 541 3156 3135 3235">
     <span class='ocr_line' id='line_1_25' title="bbox 541 3156 3135 3235; baseline -0.003 -15"><span class='ocrx_word' id='word_1_255' title='bbox 541 3159 634 3220; x_wconf 84' lang='lat' dir='ltr'>De</span> <span class='ocrx_word' id='word_1_256' title='bbox 683 3157 1071 3235; x_wconf 80' lang='lat' dir='ltr'>quibusdam</span> <span class='ocrx_word' id='word_1_257' title='bbox 1120 3156 1501 3218; x_wconf 83' lang='lat' dir='ltr'>coelestibus</span> <span class='ocrx_word' id='word_1_258' title='bbox 1547 3158 1807 3234; x_wconf 69' lang='lat' dir='ltr'>qaudiis</span> <span class='ocrx_word' id='word_1_259' title='bbox 1855 3158 2193 3218; x_wconf 77' lang='lat' dir='ltr'>doctorum</span> <span class='ocrx_word' id='word_1_260' title='bbox 2243 3164 2302 3215; x_wconf 82' lang='lat' dir='ltr'>et</span> <span class='ocrx_word' id='word_1_261' title='bbox 2355 3165 2683 3217; x_wconf 83' lang='lat' dir='ltr'>rectorum</span> <span class='ocrx_word' id='word_1_262' title='bbox 2733 3159 3135 3216; x_wconf 81' lang='lat' dir='ltr'>animarum.</span> 
     </span>
    </p>
   </div>
   <div class='ocr_carea' id='block_1_5' title="bbox 303 3362 3401 4897">
    <p class='ocr_par' dir='ltr' id='par_1_6' title="bbox 303 3362 3397 4163">
     <span class='ocr_line' id='line_1_26' title="bbox 391 3362 3394 3440; baseline -0.001 -14"><span class='ocrx_word' id='word_1_263' title='bbox 391 3367 500 3426; x_wconf 87' lang='lat'>35.</span> <span class='ocrx_word' id='word_1_264' title='bbox 550 3364 676 3426; x_wconf 89' lang='lat' dir='ltr'>Sed</span> <span class='ocrx_word' id='word_1_265' title='bbox 725 3372 793 3425; x_wconf 89' lang='lat' dir='ltr'>et</span> <span class='ocrx_word' id='word_1_266' title='bbox 841 3365 1013 3425; x_wconf 89' lang='lat' dir='ltr'>alios</span> <span class='ocrx_word' id='word_1_267' title='bbox 1050 3365 1115 3423; x_wconf 92' lang='lat' dir='ltr'>in</span> <span class='ocrx_word' id='word_1_268' title='bbox 1148 3364 1448 3440; x_wconf 80' lang='lat' dir='ltr'>praefata</span> <span class='ocrx_word' id='word_1_269' title='bbox 1498 3365 1804 3425; x_wconf 87' lang='lat' dir='ltr'>claritate</span> <span class='ocrx_word' id='word_1_270' title='bbox 1855 3364 2084 3424; x_wconf 90' lang='lat' dir='ltr'>eodem</span> <span class='ocrx_word' id='word_1_271' title='bbox 2140 3365 2356 3438; x_wconf 90' lang='lat' dir='ltr'>mod0,</span> <span class='ocrx_word' id='word_1_272' title='bbox 2394 3367 2466 3424; x_wconf 90' lang='lat' dir='ltr'>ut</span> <span class='ocrx_word' id='word_1_273' title='bbox 2508 3381 2710 3440; x_wconf 89' lang='lat' dir='ltr'>supra</span> <span class='ocrx_word' id='word_1_274' title='bbox 2738 3364 3011 3423; x_wconf 90' lang='lat' dir='ltr'>-dictum</span> <span class='ocrx_word' id='word_1_275' title='bbox 3046 3368 3171 3436; x_wconf 88' lang='lat' dir='ltr'>est,</span> <span class='ocrx_word' id='word_1_276' title='bbox 3210 3362 3394 3422; x_wconf 88' lang='lat' dir='ltr'>velut</span> 
     </span>
     <span class='ocr_line' id='line_1_27' title="bbox 307 3457 3394 3545; baseline -0.001 -18"><span class='ocrx_word' id='word_1_277' title='bbox 307 3485 425 3545; x_wconf 85' lang='lat' dir='ltr'>per</span> <span class='ocrx_word' id='word_1_278' title='bbox 459 3457 804 3545; x_wconf 86' lang='lat' dir='ltr'>speculum</span> <span class='ocrx_word' id='word_1_279' title='bbox 854 3466 1188 3541; x_wconf 89' lang='lat' dir='ltr'>videbam,</span> <span class='ocrx_word' id='word_1_280' title='bbox 1227 3468 1340 3543; x_wconf 90' lang='lat' dir='ltr'>qui</span> <span class='ocrx_word' id='word_1_281' title='bbox 1376 3468 1570 3543; x_wconf 90' lang='lat' dir='ltr'>quasi</span> <span class='ocrx_word' id='word_1_282' title='bbox 1605 3474 1793 3527; x_wconf 88' lang='lat' dir='ltr'>veste</span> <span class='ocrx_word' id='word_1_283' title='bbox 1839 3468 2163 3544; x_wconf 88' lang='lat' dir='ltr'>saphirini</span> <span class='ocrx_word' id='word_1_284' title='bbox 2216 3469 2483 3542; x_wconf 91' lang='lat' dir='ltr'>coloris,</span> <span class='ocrx_word' id='word_1_285' title='bbox 2523 3467 2742 3543; x_wconf 89' lang='lat' dir='ltr'>lapide</span> <span class='ocrx_word' id='word_1_286' title='bbox 2774 3466 3012 3527; x_wconf 88' lang='lat' dir='ltr'>berillo</span> <span class='ocrx_word' id='word_1_287' title='bbox 3049 3481 3125 3525; x_wconf 89' lang='lat' dir='ltr'>ac</span> <span class='ocrx_word' id='word_1_288' title='bbox 3159 3464 3394 3526; x_wconf 89' lang='lat' dir='ltr'>bachis</span> 
     </span>
     <span class='ocr_line' id='line_1_28' title="bbox 305 3565 3393 3648; baseline 0 -19"><span class='ocrx_word' id='word_1_289' title='bbox 305 3576 539 3631; x_wconf 87' lang='lat' dir='ltr'>ornata</span> <span class='ocrx_word' id='word_1_290' title='bbox 561 3565 607 3648; x_wconf 89' lang='lat'>¹)</span> <span class='ocrx_word' id='word_1_291' title='bbox 646 3569 1114 3643; x_wconf 89' lang='lat' dir='ltr'>induebantur,</span> <span class='ocrx_word' id='word_1_292' title='bbox 1154 3569 1220 3628; x_wconf 93' lang='lat' dir='ltr'>in</span> <span class='ocrx_word' id='word_1_293' title='bbox 1253 3588 1383 3646; x_wconf 87' lang='lat' dir='ltr'>qua</span> <span class='ocrx_word' id='word_1_294' title='bbox 1417 3571 1621 3630; x_wconf 91' lang='lat' dir='ltr'>etiam</span> <span class='ocrx_word' id='word_1_295' title='bbox 1655 3570 1736 3630; x_wconf 88' lang='lat' dir='ltr'>ad</span> <span class='ocrx_word' id='word_1_296' title='bbox 1764 3573 1998 3646; x_wconf 89' lang='lat' dir='ltr'>pectus</span> <span class='ocrx_word' id='word_1_297' title='bbox 2036 3572 2217 3630; x_wconf 90' lang='lat' dir='ltr'>velut</span> <span class='ocrx_word' id='word_1_298' title='bbox 2250 3571 2442 3647; x_wconf 82' lang='lat' dir='ltr'>signa</span> <span class='ocrx_word' id='word_1_299' title='bbox 2478 3577 2732 3646; x_wconf 90' lang='lat' dir='ltr'>septem</span> <span class='ocrx_word' id='word_1_300' title='bbox 2768 3571 3185 3647; x_wconf 90' lang='lat' dir='ltr'>planetarum</span> <span class='ocrx_word' id='word_1_301' title='bbox 3222 3569 3393 3629; x_wconf 88' lang='lat' dir='ltr'>miro</span> 
     </span>
     <span class='ocr_line' id='line_1_29' title="bbox 307 3674 3395 3752; baseline 0 -19"><span class='ocrx_word' id='word_1_302' title='bbox 307 3674 502 3734; x_wconf 90' lang='lat' dir='ltr'>modo</span> <span class='ocrx_word' id='word_1_303' title='bbox 552 3674 843 3734; x_wconf 87' lang='lat' dir='ltr'>lucentia</span> <span class='ocrx_word' id='word_1_304' title='bbox 893 3680 1366 3750; x_wconf 87' lang='lat' dir='ltr'>apparuerunt.</span> <span class='ocrx_word' id='word_1_305' title='bbox 1420 3674 1629 3751; x_wconf 86' lang='lat' dir='ltr'>Super</span> <span class='ocrx_word' id='word_1_306' title='bbox 1677 3675 1898 3750; x_wconf 90' lang='lat' dir='ltr'>capita</span> <span class='ocrx_word' id='word_1_307' title='bbox 1948 3691 2215 3752; x_wconf 87' lang='lat' dir='ltr'>quoque</span> <span class='ocrx_word' id='word_1_308' title='bbox 2265 3692 2388 3735; x_wconf 91' lang='lat' dir='ltr'>sua</span> <span class='ocrx_word' id='word_1_309' title='bbox 2436 3691 2718 3735; x_wconf 91' lang='lat' dir='ltr'>coronas</span> <span class='ocrx_word' id='word_1_310' title='bbox 2767 3675 2959 3751; x_wconf 88' lang='lat' dir='ltr'>quasi</span> <span class='ocrx_word' id='word_1_311' title='bbox 2996 3675 3255 3751; x_wconf 88' lang='lat' dir='ltr'>topazio</span> <span class='ocrx_word' id='word_1_312' title='bbox 3291 3691 3395 3733; x_wconf 92' lang='lat' dir='ltr'>or-</span> 
     </span>
     <span class='ocr_line' id='line_1_30' title="bbox 303 3774 3393 3857; baseline 0 -21"><span class='ocrx_word' id='word_1_313' title='bbox 303 3783 497 3839; x_wconf 89' lang='lat' dir='ltr'>natas</span> <span class='ocrx_word' id='word_1_314' title='bbox 544 3779 917 3852; x_wconf 79' lang='lat' dir='ltr'>gestabant,</span> <span class='ocrx_word' id='word_1_315' title='bbox 952 3774 1003 3857; x_wconf 77' lang='lat'>²)</span> <span class='ocrx_word' id='word_1_316' title='bbox 1060 3778 1127 3842; x_wconf 83' lang='lat' dir='ltr'>ct</span> <span class='ocrx_word' id='word_1_317' title='bbox 1174 3778 1625 3838; x_wconf 88' lang='lat' dir='ltr'>calceamenta</span> <span class='ocrx_word' id='word_1_318' title='bbox 1658 3779 1845 3838; x_wconf 88' lang='lat' dir='ltr'>velut</span> <span class='ocrx_word' id='word_1_319' title='bbox 1875 3795 1954 3838; x_wconf 85' lang='lat' dir='ltr'>ex</span> <span class='ocrx_word' id='word_1_320' title='bbox 1988 3780 2353 3854; x_wconf 89' lang='lat' dir='ltr'>purissimo</span> <span class='ocrx_word' id='word_1_321' title='bbox 2390 3795 2553 3839; x_wconf 89' lang='lat' dir='ltr'>auro</span> <span class='ocrx_word' id='word_1_322' title='bbox 2589 3779 2938 3839; x_wconf 89' lang='lat' dir='ltr'>habebant.</span> <span class='ocrx_word' id='word_1_323' title='bbox 2976 3780 3049 3839; x_wconf 91' lang='lat' dir='ltr'>In</span> <span class='ocrx_word' id='word_1_324' title='bbox 3083 3778 3393 3839; x_wconf 90' lang='lat' dir='ltr'>manibus</span> 
     </span>
     <span class='ocr_line' id='line_1_31' title="bbox 306 3881 3393 3964; baseline 0 -23"><span class='ocrx_word' id='word_1_325' title='bbox 306 3886 531 3941; x_wconf 88' lang='lat' dir='ltr'>autem</span> <span class='ocrx_word' id='word_1_326' title='bbox 579 3897 719 3943; x_wconf 77' lang='lat' dir='ltr'>suls</span> <span class='ocrx_word' id='word_1_327' title='bbox 768 3881 964 3957; x_wconf 90' lang='lat' dir='ltr'>quasi</span> <span class='ocrx_word' id='word_1_328' title='bbox 1013 3881 1211 3941; x_wconf 90' lang='lat' dir='ltr'>tubas</span> <span class='ocrx_word' id='word_1_329' title='bbox 1275 3883 1703 3957; x_wconf 84' lang='lat' dir='ltr'>crystallinas</span> <span class='ocrx_word' id='word_1_330' title='bbox 1745 3884 2090 3964; x_wconf 88' lang='lat' dir='ltr'>tenebant,</span> <span class='ocrx_word' id='word_1_331' title='bbox 2157 3882 2237 3943; x_wconf 90' lang='lat' dir='ltr'>de</span> <span class='ocrx_word' id='word_1_332' title='bbox 2288 3884 2533 3960; x_wconf 91' lang='lat' dir='ltr'>quibus</span> <span class='ocrx_word' id='word_1_333' title='bbox 2581 3890 2821 3943; x_wconf 91' lang='lat' dir='ltr'>ventus</span> <span class='ocrx_word' id='word_1_334' title='bbox 2878 3884 3149 3944; x_wconf 90' lang='lat' dir='ltr'>odorem</span> <span class='ocrx_word' id='word_1_335' title='bbox 3209 3883 3393 3942; x_wconf 90' lang='lat' dir='ltr'>velut</span> 
     </span>
     <span class='ocr_line' id='line_1_32' title="bbox 310 3983 3397 4063; baseline 0 -19"><span class='ocrx_word' id='word_1_336' title='bbox 310 3999 572 4061; x_wconf 80' lang='lat' dir='ltr'>myrrae</span> <span class='ocrx_word' id='word_1_337' title='bbox 607 3990 672 4044; x_wconf 86' lang='lat' dir='ltr'>et</span> <span class='ocrx_word' id='word_1_338' title='bbox 723 3983 942 4044; x_wconf 87' lang='lat' dir='ltr'>thuris</span> <span class='ocrx_word' id='word_1_339' title='bbox 990 3983 1279 4044; x_wconf 83' lang='lat' dir='ltr'>offerens</span> <span class='ocrx_word' id='word_1_340' title='bbox 1315 3985 1541 4060; x_wconf 86' lang='lat' dir='ltr'>flabat,</span> <span class='ocrx_word' id='word_1_341' title='bbox 1579 4002 1729 4045; x_wconf 91' lang='lat' dir='ltr'>cum</span> <span class='ocrx_word' id='word_1_342' title='bbox 1765 3988 2007 4063; x_wconf 87' lang='lat' dir='ltr'>quibus</span> <span class='ocrx_word' id='word_1_343' title='bbox 2040 3987 2240 4047; x_wconf 89' lang='lat' dir='ltr'>etiam</span> <span class='ocrx_word' id='word_1_344' title='bbox 2282 3987 2345 4046; x_wconf 92' lang='lat' dir='ltr'>in</span> <span class='ocrx_word' id='word_1_345' title='bbox 2379 3985 2662 4046; x_wconf 87' lang='lat' dir='ltr'>canticis</span> <span class='ocrx_word' id='word_1_346' title='bbox 2698 3993 2763 4046; x_wconf 88' lang='lat' dir='ltr'>et</span> <span class='ocrx_word' id='word_1_347' title='bbox 2799 3987 2865 4046; x_wconf 92' lang='lat' dir='ltr'>in</span> <span class='ocrx_word' id='word_1_348' title='bbox 2902 3985 3214 4050; x_wconf 87' lang='lat' dir='ltr'>laudibus</span> <span class='ocrx_word' id='word_1_349' title='bbox 3251 3986 3397 4045; x_wconf 90' lang='lat' dir='ltr'>illo-</span> 
     </span>
     <span class='ocr_line' id='line_1_33' title="bbox 313 4087 2014 4163; baseline 0.001 -16"><span class='ocrx_word' id='word_1_350' title='bbox 313 4104 483 4162; x_wconf 89' lang='lat' dir='ltr'>rum,</span> <span class='ocrx_word' id='word_1_351' title='bbox 521 4087 638 4163; x_wconf 88' lang='lat' dir='ltr'>qui</span> <span class='ocrx_word' id='word_1_352' title='bbox 672 4102 900 4148; x_wconf 89' lang='lat' dir='ltr'>vocem</span> <span class='ocrx_word' id='word_1_353' title='bbox 937 4102 1161 4147; x_wconf 89' lang='lat' dir='ltr'>coram</span> <span class='ocrx_word' id='word_1_354' title='bbox 1195 4087 1329 4147; x_wconf 89' lang='lat' dir='ltr'>Deo</span> <span class='ocrx_word' id='word_1_355' title='bbox 1364 4089 1629 4163; x_wconf 87' lang='lat' dir='ltr'>habent,</span> <span class='ocrx_word' id='word_1_356' title='bbox 1668 4091 2014 4150; x_wconf 90' lang='lat' dir='ltr'>canebant.</span> 
     </span>
    </p>

    <p class='ocr_par' dir='ltr' id='par_1_7' title="bbox 313 4190 3401 4897">
     <span class='ocr_line' id='line_1_34' title="bbox 393 4190 3388 4270; baseline 0 -19"><span class='ocrx_word' id='word_1_357' title='bbox 393 4190 501 4251; x_wconf 83' lang='lat'>36.</span> <span class='ocrx_word' id='word_1_358' title='bbox 552 4191 834 4267; x_wconf 85' lang='lat' dir='ltr'>Reliqua</span> <span class='ocrx_word' id='word_1_359' title='bbox 870 4194 1092 4251; x_wconf 87' lang='lat' dir='ltr'>autern</span> <span class='ocrx_word' id='word_1_360' title='bbox 1125 4198 1513 4251; x_wconf 86' lang='lat' dir='ltr'>ornamenta</span> <span class='ocrx_word' id='word_1_361' title='bbox 1549 4192 1833 4252; x_wconf 89' lang='lat' dir='ltr'>istorum</span> <span class='ocrx_word' id='word_1_362' title='bbox 1866 4210 2037 4268; x_wconf 88' lang='lat' dir='ltr'>quac</span> <span class='ocrx_word' id='word_1_363' title='bbox 2071 4194 2361 4270; x_wconf 88' lang='lat' dir='ltr'>plurima</span> <span class='ocrx_word' id='word_1_364' title='bbox 2397 4196 2609 4267; x_wconf 90' lang='lat' dir='ltr'>erant,</span> <span class='ocrx_word' id='word_1_365' title='bbox 2648 4193 2810 4252; x_wconf 91' lang='lat' dir='ltr'>mihi</span> <span class='ocrx_word' id='word_1_366' title='bbox 2845 4193 3178 4254; x_wconf 88' lang='lat' dir='ltr'>occultata</span> <span class='ocrx_word' id='word_1_367' title='bbox 3212 4199 3388 4253; x_wconf 89' lang='lat' dir='ltr'>sunt.</span> 
     </span>
     <span class='ocr_line' id='line_1_35' title="bbox 313 4294 3401 4372; baseline 0 -18"><span class='ocrx_word' id='word_1_368' title='bbox 313 4294 430 4355; x_wconf 88' lang='lat' dir='ltr'>Isti</span> <span class='ocrx_word' id='word_1_369' title='bbox 463 4310 772 4370; x_wconf 88' lang='lat' dir='ltr'>namque,</span> <span class='ocrx_word' id='word_1_370' title='bbox 811 4295 969 4371; x_wconf 89' lang='lat' dir='ltr'>quia</span> <span class='ocrx_word' id='word_1_371' title='bbox 1003 4295 1260 4355; x_wconf 80' lang='lat' dir='ltr'>fidelem</span> <span class='ocrx_word' id='word_1_372' title='bbox 1297 4297 1689 4356; x_wconf 89' lang='lat' dir='ltr'>servitutem</span> <span class='ocrx_word' id='word_1_373' title='bbox 1726 4311 1875 4355; x_wconf 89' lang='lat' dir='ltr'>cum</span> <span class='ocrx_word' id='word_1_374' title='bbox 1909 4295 2317 4372; x_wconf 80' lang='lat' dir='ltr'>perfectione</span> <span class='ocrx_word' id='word_1_375' title='bbox 2360 4298 2684 4357; x_wconf 90' lang='lat' dir='ltr'>bonorum</span> <span class='ocrx_word' id='word_1_376' title='bbox 2733 4313 3008 4372; x_wconf 89' lang='lat' dir='ltr'>operum</span> <span class='ocrx_word' id='word_1_377' title='bbox 3050 4296 3183 4357; x_wconf 90' lang='lat' dir='ltr'>Deo</span> <span class='ocrx_word' id='word_1_378' title='bbox 3219 4295 3401 4355; x_wconf 84' lang='lat' dir='ltr'>exhi-</span> 
     </span>
     <span class='ocr_line' id='line_1_36' title="bbox 313 4399 3394 4477; baseline 0.001 -20"><span class='ocrx_word' id='word_1_379' title='bbox 313 4399 625 4473; x_wconf 85' lang='lat' dir='ltr'>buerant,</span> <span class='ocrx_word' id='word_1_380' title='bbox 679 4400 744 4459; x_wconf 90' lang='lat' dir='ltr'>in</span> <span class='ocrx_word' id='word_1_381' title='bbox 781 4400 1099 4471; x_wconf 66' lang='lat' dir='ltr'>,claritate</span> <span class='ocrx_word' id='word_1_382' title='bbox 1146 4400 1314 4459; x_wconf 90' lang='lat' dir='ltr'>etin</span> <span class='ocrx_word' id='word_1_383' title='bbox 1343 4399 1610 4474; x_wconf 84' lang='lat' dir='ltr'>gaudiis</span> <span class='ocrx_word' id='word_1_384' title='bbox 1662 4400 2088 4475; x_wconf 87' lang='lat' dir='ltr'>supradictae</span> <span class='ocrx_word' id='word_1_385' title='bbox 2138 4401 2569 4461; x_wconf 89' lang='lat' dir='ltr'>beatitudinis</span> <span class='ocrx_word' id='word_1_386' title='bbox 2622 4401 2908 4461; x_wconf 86' lang='lat' dir='ltr'>feliciter</span> <span class='ocrx_word' id='word_1_387' title='bbox 2939 4401 3394 4477; x_wconf 86' lang='lat' dir='ltr'>quiescebant.</span> 
     </span>
     <span class='ocr_line' id='line_1_37' title="bbox 314 4502 3400 4580; baseline 0.001 -19"><span class='ocrx_word' id='word_1_388' title='bbox 314 4502 435 4562; x_wconf 86' lang='lat' dir='ltr'>Sed</span> <span class='ocrx_word' id='word_1_389' title='bbox 468 4508 537 4561; x_wconf 90' lang='lat' dir='ltr'>et</span> <span class='ocrx_word' id='word_1_390' title='bbox 568 4502 653 4562; x_wconf 90' lang='lat' dir='ltr'>ob</span> <span class='ocrx_word' id='word_1_391' title='bbox 687 4502 1106 4577; x_wconf 86' lang='lat' dir='ltr'>charitatem,</span> <span class='ocrx_word' id='word_1_392' title='bbox 1144 4520 1342 4580; x_wconf 92' lang='lat' dir='ltr'>quam</span> <span class='ocrx_word' id='word_1_393' title='bbox 1378 4519 1527 4563; x_wconf 91' lang='lat' dir='ltr'>cum</span> <span class='ocrx_word' id='word_1_394' title='bbox 1566 4504 2028 4563; x_wconf 89' lang='lat' dir='ltr'>misericordia</span> <span class='ocrx_word' id='word_1_395' title='bbox 2080 4505 2140 4563; x_wconf 88' lang='lat' dir='ltr'>in</span> <span class='ocrx_word' id='word_1_396' title='bbox 2194 4505 2500 4565; x_wconf 90' lang='lat' dir='ltr'>subditos</span> <span class='ocrx_word' id='word_1_397' title='bbox 2550 4521 2709 4565; x_wconf 91' lang='lat' dir='ltr'>suos</span> <span class='ocrx_word' id='word_1_398' title='bbox 2756 4504 3151 4578; x_wconf 85' lang='lat' dir='ltr'>effuderant,</span> <span class='ocrx_word' id='word_1_399' title='bbox 3204 4512 3272 4565; x_wconf 92' lang='lat' dir='ltr'>et</span> <span class='ocrx_word' id='word_1_400' title='bbox 3315 4505 3400 4564; x_wconf 89' lang='lat' dir='ltr'>ob</span> 
     </span>
     <span class='ocr_line' id='line_1_38' title="bbox 313 4605 3399 4685; baseline 0.002 -21"><span class='ocrx_word' id='word_1_401' title='bbox 313 4605 780 4683; x_wconf 82' lang='lat' dir='ltr'>receptionem,</span> <span class='ocrx_word' id='word_1_402' title='bbox 824 4623 955 4682; x_wconf 89' lang='lat' dir='ltr'>qua</span> <span class='ocrx_word' id='word_1_403' title='bbox 991 4613 1378 4682; x_wconf 88' lang='lat' dir='ltr'>peccatores</span> <span class='ocrx_word' id='word_1_404' title='bbox 1427 4614 1494 4667; x_wconf 92' lang='lat' dir='ltr'>et</span> <span class='ocrx_word' id='word_1_405' title='bbox 1529 4608 1920 4681; x_wconf 88' lang='lat' dir='ltr'>publicanos</span> <span class='ocrx_word' id='word_1_406' title='bbox 1957 4608 2024 4667; x_wconf 91' lang='lat' dir='ltr'>in</span> <span class='ocrx_word' id='word_1_407' title='bbox 2057 4610 2462 4683; x_wconf 88' lang='lat' dir='ltr'>poenitentia</span> <span class='ocrx_word' id='word_1_408' title='bbox 2499 4610 2577 4669; x_wconf 90' lang='lat' dir='ltr'>ad</span> <span class='ocrx_word' id='word_1_409' title='bbox 2616 4627 2688 4669; x_wconf 91' lang='lat' dir='ltr'>se</span> <span class='ocrx_word' id='word_1_410' title='bbox 2723 4611 3164 4685; x_wconf 81' lang='lat' dir='ltr'>collegerant,</span> <span class='ocrx_word' id='word_1_411' title='bbox 3202 4626 3282 4670; x_wconf 92' lang='lat' dir='ltr'>ac</span> <span class='ocrx_word' id='word_1_412' title='bbox 3315 4610 3399 4671; x_wconf 90' lang='lat' dir='ltr'>ob</span> 
     </span>
     <span class='ocr_line' id='line_1_39' title="bbox 315 4712 3397 4792; baseline 0.001 -21"><span class='ocrx_word' id='word_1_413' title='bbox 315 4712 851 4786; x_wconf 87' lang='lat' dir='ltr'>occultationem,</span> <span class='ocrx_word' id='word_1_414' title='bbox 887 4731 1020 4789; x_wconf 90' lang='lat' dir='ltr'>qua</span> <span class='ocrx_word' id='word_1_415' title='bbox 1053 4717 1324 4789; x_wconf 91' lang='lat' dir='ltr'>peccata</span> <span class='ocrx_word' id='word_1_416' title='bbox 1374 4715 1827 4775; x_wconf 86' lang='lat' dir='ltr'>confitentium</span> <span class='ocrx_word' id='word_1_417' title='bbox 1880 4723 2140 4775; x_wconf 89' lang='lat' dir='ltr'>secreta</span> <span class='ocrx_word' id='word_1_418' title='bbox 2189 4717 2565 4777; x_wconf 88' lang='lat' dir='ltr'>obtectione</span> <span class='ocrx_word' id='word_1_419' title='bbox 2622 4719 3144 4792; x_wconf 90' lang='lat' dir='ltr'>occultaverant,</span> <span class='ocrx_word' id='word_1_420' title='bbox 3207 4724 3397 4776; x_wconf 88' lang='lat' dir='ltr'>veste</span> 
     </span>
     <span class='ocr_line' id='line_1_40' title="bbox 317 4816 3398 4897; baseline 0.001 -22"><span class='ocrx_word' id='word_1_421' title='bbox 317 4816 637 4893; x_wconf 85' lang='lat' dir='ltr'>saphirini</span> <span class='ocrx_word' id='word_1_422' title='bbox 671 4817 940 4890; x_wconf 85' lang='lat' dir='ltr'>coloris,</span> <span class='ocrx_word' id='word_1_423' title='bbox 979 4816 1197 4891; x_wconf 89' lang='lat' dir='ltr'>lapide</span> <span class='ocrx_word' id='word_1_424' title='bbox 1232 4818 1466 4877; x_wconf 89' lang='lat' dir='ltr'>berillo</span> <span class='ocrx_word' id='word_1_425' title='bbox 1505 4835 1581 4878; x_wconf 89' lang='lat' dir='ltr'>ac</span> <span class='ocrx_word' id='word_1_426' title='bbox 1616 4819 1847 4879; x_wconf 88' lang='lat' dir='ltr'>bachis</span> <span class='ocrx_word' id='word_1_427' title='bbox 1883 4827 2142 4895; x_wconf 89' lang='lat' dir='ltr'>ornata,</span> <span class='ocrx_word' id='word_1_428' title='bbox 2198 4821 2665 4897; x_wconf 87' lang='lat' dir='ltr'>induebantur;</span> <span class='ocrx_word' id='word_1_429' title='bbox 2714 4828 2782 4881; x_wconf 93' lang='lat' dir='ltr'>et</span> <span class='ocrx_word' id='word_1_430' title='bbox 2813 4821 2896 4880; x_wconf 91' lang='lat' dir='ltr'>ob</span> <span class='ocrx_word' id='word_1_431' title='bbox 2931 4822 3117 4896; x_wconf 91' lang='lat' dir='ltr'>pium</span> <span class='ocrx_word' id='word_1_432' title='bbox 3155 4820 3398 4879; x_wconf 89' lang='lat' dir='ltr'>mentis</span> 
     </span>
    </p>
   </div>
   <div class='ocr_carea' id='block_1_6' title="bbox 327 4990 3344 5249">
    <p class='ocr_par' dir='ltr' id='par_1_8' title="bbox 327 4990 3344 5249">
     <span class='ocr_line' id='line_1_41' title="bbox 391 4990 3344 5100; baseline 0.002 -22"><span class='ocrx_word' id='word_1_433' title='bbox 391 5020 433 5084; x_wconf 87' lang='lat'>¹)</span> <span class='ocrx_word' id='word_1_434' title='bbox 457 5023 649 5078; x_wconf 78' lang='lat' dir='ltr'>berillo</span> <span class='ocrx_word' id='word_1_435' title='bbox 685 5040 751 5079; x_wconf 81' lang='lat' dir='ltr'>ac</span> <span class='ocrx_word' id='word_1_436' title='bbox 786 5024 934 5079; x_wconf 72' lang='lat' dir='ltr'>bacis</span> <span class='ocrx_word' id='word_1_437' title='bbox 970 5023 1066 5085; x_wconf 87' lang='lat' dir='ltr'>W,</span> <span class='ocrx_word' id='word_1_438' title='bbox 1107 5024 1200 5078; x_wconf 88' lang='lat' dir='ltr'>sed</span> <span class='ocrx_word' id='word_1_439' title='bbox 1244 5023 1387 5078; x_wconf 77' lang='lat' dir='ltr'>infra</span> <span class='ocrx_word' id='word_1_440' title='bbox 1430 5025 1575 5080; x_wconf 76' lang='lat' dir='ltr'>idem</span> <span class='ocrx_word' id='word_1_441' title='bbox 1604 5028 1805 5083; x_wconf 75' lang='lat' dir='ltr'>bachis.</span> <span class='ocrx_word' id='word_1_442' title='bbox 1902 4990 2011 5097; x_wconf 72' lang='lat' dir='ltr'>plis</span> <span class='ocrx_word' id='word_1_443' title='bbox 2050 5028 2330 5091; x_wconf 79' lang='lat' dir='ltr'>adductiS,</span> <span class='ocrx_word' id='word_1_444' title='bbox 2356 5030 2502 5100; x_wconf 85' lang='lat' dir='ltr'>apud</span> <span class='ocrx_word' id='word_1_445' title='bbox 2531 5029 2802 5099; x_wconf 81' lang='lat' dir='ltr'>Cangium</span> <span class='ocrx_word' id='word_1_446' title='bbox 2831 5028 3240 5085; x_wconf 83' lang='lat' dir='ltr'>assimilantur.</span> <span class='ocrx_word' id='word_1_447' title='bbox 3272 5058 3344 5069; x_wconf 92' lang='lat'><em>-</em></span> 
     </span>
     <span class='ocr_line' id='line_1_42' title="bbox 327 5107 2304 5184; baseline 0.003 -21"><span class='ocrx_word' id='word_1_448' title='bbox 327 5107 547 5171; x_wconf 78' lang='lat' dir='ltr'>Baoeae.</span> <span class='ocrx_word' id='word_1_449' title='bbox 589 5110 772 5171; x_wconf 76' lang='lat' dir='ltr'>bacae.</span> <span class='ocrx_word' id='word_1_450' title='bbox 814 5110 1010 5164; x_wconf 84' lang='lat' dir='ltr'>annuli</span> <span class='ocrx_word' id='word_1_451' title='bbox 1039 5115 1388 5172; x_wconf 80' lang='lat' dir='ltr'>catenarum,</span> <span class='ocrx_word' id='word_1_452' title='bbox 1420 5111 1591 5167; x_wconf 81' lang='lat' dir='ltr'>variis</span> <span class='ocrx_word' id='word_1_453' title='bbox 1628 5127 1814 5167; x_wconf 75' lang='lat' dir='ltr'>exem·</span> <span class='ocrx_word' id='word_1_454' title='bbox 1898 5115 1942 5180; x_wconf 80' lang='lat'>²)</span> <span class='ocrx_word' id='word_1_455' title='bbox 1957 5115 2199 5184; x_wconf 61' lang='lat' dir='ltr'>{lutabat</span> <span class='ocrx_word' id='word_1_456' title='bbox 2217 5114 2304 5169; x_wconf 87' lang='lat' dir='ltr'>W.</span> 
     </span>
     <span class='ocr_line' id='line_1_43' title="bbox 3209 5210 3248 5249; baseline 0 0"><span class='ocrx_word' id='word_1_457' title='bbox 3209 5210 3248 5249; x_wconf 63' lang='lat' dir='ltr'>c</span> 
     </span>
    </p>
   </div>
  </div>
 </body>
</html>
