4036 6117
645 482 775 541 338
1814 503 1864 546 s
1918 498 2468 549 incussimus

676 619 805 677 Istc
869 618 1246 680 intellectus
1297 628 1400 681 est
1459 622 1538 680 ad
1592 622 1935 694 mundum,
1971 625 2083 700 qui
2126 626 2188 684 in
2240 625 2569 685 saeculari
2626 627 2870 702 populo
2924 628 2987 685 in
3037 628 3466 688 nascentibus
3519 611 3673 688 filiis

581 724 848 791 crescit,
902 725 1120 801 etqui
1178 726 1238 784 in
1278 727 1565 801 spiritali
1616 728 1860 803 populo
1910 728 2263 804 decrescit,
2316 730 2429 805 qui
2468 729 2530 788 in
2580 732 2832 789 semine
2882 748 3002 791 suo
3044 731 3288 793 deficit.
3340 731 3462 793 Sed
3498 733 3675 794 Deus

581 828 985 903 principales
1026 830 1392 905 magistros
1429 849 1632 908 super
1679 848 2101 892 communem
2135 835 2454 910 populum
2487 834 2711 910 elegit,
2764 834 2845 895 ad
2882 835 3391 895 instructionem
3425 838 3677 896 anima-

580 949 724 991 rum
778 950 1031 994 eorum.
1083 935 1161 994 Et
1195 937 1404 995 Filius
1453 936 1568 995 Dei
1607 938 1789 995 venit
1837 954 2167 1012 supernus
2218 939 2561 1013 magister,
2612 945 2689 998 ut
2738 939 3061 1013 scriptum
3112 946 3237 999 est:
3279 959 3311 997 α
3347 940 3516 1001 Ecce
3565 956 3679 1017 ap-

581 1037 842 1111 parebit
875 1037 1196 1099 Dominus
1247 1057 1450 1116 super
1483 1040 1726 1101 nubem
1762 1042 2137 1117 candidam,
2190 1048 2257 1101 et
2291 1058 2440 1102 cum
2491 1058 2569 1101 eo
2615 1049 2999 1102 sanctorum
3034 1042 3269 1118 millia,
3322 1043 3575 1104 habens
3609 1046 3677 1103 in

579 1141 985 1200 vestimento
1021 1148 1088 1202 et
1126 1143 1190 1203 in
1230 1143 1478 1203 femore
1518 1161 1638 1203 suo
1676 1145 2022 1221 scriptum:
2059 1146 2195 1204 Rex
2232 1161 2464 1220 regum
2498 1151 2564 1206 et
2597 1146 2914 1206 Dominus
2950 1146 3457 1208 dominantium.
3483 1144 3529 1227 1)
3569 1166 3600 1205 »

671 1245 833 1303 Nam
871 1245 1077 1304 Filius
1125 1245 1239 1305 Dei
1295 1248 1359 1307 in
1396 1249 1769 1309 innocentia
1821 1251 2153 1325 simplicis
2202 1251 2487 1324 puellae,
2541 1251 2732 1327 quasi
2788 1252 2851 1309 in
2887 1251 3058 1310 nube
3094 1252 3427 1326 apparuit,
3479 1257 3547 1310 et
3580 1258 3675 1311 ta-

583 1350 1016 1409 bernaculum
1077 1368 1268 1410 suum
1322 1352 1385 1411 in
1437 1353 1577 1412 sole
1628 1354 1885 1428 posuit,
1947 1370 2100 1413 cum
2153 1371 2341 1413 mens
2389 1354 2689 1429 ejusdem
2740 1354 3031 1429 Virginis
3082 1355 3485 1414 mirabiliter
3533 1356 3677 1416 illu-

584 1459 800 1511 strata
855 1459 982 1527 est,
1047 1455 1159 1514 ubi
1214 1456 1357 1531 ipsa
1415 1456 1597 1516 dicit:
1656 1476 1685 1515 α
1739 1458 1906 1516 Ecce
1957 1457 2201 1517 ancilla
2256 1456 2540 1531 Domini,
2594 1457 2707 1516 siat
2765 1457 2926 1517 mihi
2981 1458 3345 1517 secundum
3394 1460 3669 1519 verbum

585 1565 789 1617 tuum.
837 1578 865 1614 »
917 1557 965 1633 ²)
1019 1560 1094 1618 Et
1133 1561 1220 1620 ita
1273 1563 1562 1621 surrexit
1615 1562 1679 1621 in
1727 1578 1804 1622 ea
1840 1579 2079 1638 magna
2128 1565 2436 1622 columna
2487 1580 2688 1638 super
2736 1564 2957 1623 omnia
3005 1564 3352 1622 nascentia
3401 1580 3669 1640 genera;

583 1681 731 1724 cnm
768 1666 975 1724 Filius
1011 1666 1122 1725 Dei
1164 1670 1476 1743 tanquam
1515 1684 1802 1742 sponsus
1838 1670 2174 1744 processit
2222 1669 2303 1727 de
2340 1668 2632 1727 thalamo
2666 1685 2815 1730 suc.
2868 1673 3064 1727 natus
3100 1667 3180 1726 de
3220 1668 3364 1742 ipsa
3414 1669 3678 1727 suavis·

587 1770 756 1828 sima
821 1770 1111 1843 Virgine,
1180 1770 1373 1844 quasi
1433 1771 1497 1829 in
1553 1771 1732 1829 dulci
1791 1786 1952 1830 sono
2017 1777 2085 1829 ct
2143 1772 2209 1829 in
2258 1770 2664 1830 suavissimo
2729 1770 3087 1845 desiderio,
3141 1772 3325 1830 velut
3389 1788 3674 1847 sponsus

585 1892 894 1950 sponsam
947 1894 1136 1936 suam
1199 1879 1259 1936 in
1310 1885 1528 1938 mente
1587 1896 1708 1939 sua
1767 1880 1895 1939 sibi
1949 1882 2249 1939 suaviter
2306 1880 2593 1956 copulat.
2644 1881 2828 1940 Unde
2884 1887 2951 1939 et
3013 1898 3166 1940 cum
3222 1894 3301 1941 eo
3351 1895 3677 1957 apparue-

588 1991 740 2044 runt
796 1987 1043 2045 multae
1094 1989 1159 2045 et
1216 1985 1645 2046 admirandae
1705 1988 2014 2062 virtuteS,
2080 1988 2420 2063 antiquam
2481 1987 2763 2062 legalem
2824 1987 3315 2047 institutionem
3376 1986 3441 2045 in
3485 1984 3679 2044 bonis

587 2091 901 2167 operibus
953 2094 1580 2168 superexcellentes,
1633 2094 1710 2152 Et
1761 2094 1959 2152 sicin
2009 2095 2411 2153 vestimento
2459 2094 2627 2153 etin
2681 2094 2928 2154 femore
2976 2095 3123 2154 eius
3174 2095 3499 2170 scriptum
3549 2097 3670 2152 est:

592 2222 619 2255 ε(
675 2201 808 2282 Rex
863 2216 1090 2269 regum
1143 2206 1208 2258 et
1256 2200 1575 2259 Dominus
1623 2199 2131 2272 dominantium,
2190 2219 2218 2255 »
2274 2200 2429 2275 quia
2480 2216 2636 2260 caro
2678 2186 2833 2261 =eius
2907 2201 3208 2260 suaviter
3280 2199 3548 2259 sudavit
3593 2196 3673 2256 de

593 2304 876 2378 Virgine,
907 2311 972 2362 et
1009 2321 1134 2361 non
1169 2304 1249 2362 de
1290 2303 1537 2362 femore
1572 2304 1723 2371 viri:
1758 2296 1808 2381 ³)
1842 2304 1931 2362 ita
1967 2305 2039 2362 ut
2066 2319 2268 2378 super
2295 2319 2525 2362 omnes
2552 2312 2901 2364 creaturas
2928 2303 3319 2377 ascendenS,
3351 2304 3526 2362 sicut
3560 2317 3671 2361 rex

587 2408 698 2482 qni
737 2408 1120 2466 hominibus
1160 2404 1461 2484 imperat,
1517 2408 1833 2484 quoniam
1868 2414 2218 2482 peccatum
2258 2408 2442 2467 illum
2496 2425 2625 2467 non
2659 2410 2960 2484 protulit,
2999 2410 3113 2469 sed
3166 2409 3535 2469 fortissima
3572 2407 3676 2466 vis

589 2513 924 2587 potentiae
975 2512 1375 2586 DivinitatiS,
1430 2527 1600 2588 quac
1634 2527 1865 2571 omnes
1915 2516 2261 2570 creaturas
2311 2512 2698 2587 praescivit,
2738 2518 3093 2587 antequam
3134 2511 3198 2569 in
3235 2511 3477 2569 mundo
3527 2525 3677 2585 pro-

591 2618 830 2675 dirent.

681 2720 858 2779 Unde
922 2727 988 2779 et
1043 2722 1180 2795 ipse
1242 2720 1559 2780 membris
1611 2721 1754 2779 suis
1804 2720 2301 2779 administravit
2350 2721 2571 2779 omnia
2623 2720 2931 2779 instituta
2983 2719 3174 2794 legiS,
3236 2718 3420 2776 velut
3468 2716 3679 2776 bonus

591 2827 1038 2899 dispensator,
1092 2826 1202 2900 qui
1241 2826 1481 2900 populo
1534 2825 1661 2883 sibi
1697 2824 1996 2883 subiecto
2047 2823 2338 2883 ostendit
2386 2823 2543 2898 quid
2598 2823 2720 2899 ipsi
2757 2824 2997 2883 adesse
3048 2824 3154 2882 vel
3188 2823 3423 2881 deesse
3474 2822 3540 2880 in
3571 2836 3683 2880 ne-

593 2930 1028 2988 cessitatibus
1081 2930 1220 2988 suis
1269 2929 1532 3001 debeat,
1586 2934 1654 2987 ut
1708 2929 2029 3003 scriptum
2084 2935 2207 2987 est:
2264 2947 2292 2985 «
2345 2926 2562 3001 Reges
2612 2944 2843 2986 eorum
2898 2928 2958 2985 in
3011 2928 3211 3001 virga,
3254 2926 3490 2998 ferrea,
3545 2931 3686 2985 tan-

594 3051 791 3111 quam
830 3051 950 3093 vas
1002 3033 1182 3108 figuli
1219 3032 1600 3105 confringes
1649 3048 1784 3093 eos,
1818 3027 1864 3104 ⁴)
1909 3050 1938 3088 »
1978 3032 2143 3091 Nam
2197 3031 2259 3090 in
2301 3029 2671 3090 fortissima
2721 3031 3016 3107 potentia
3065 3028 3449 3090 Divinitatis
3485 3028 3680 3087 vivus

597 3143 742 3202 fons
777 3144 1074 3215 emicuit,
1129 3145 1239 3220 qui
1279 3144 1640 3219 purissima
1677 3148 1743 3200 et
1792 3141 2341 3201 constantissima
2392 3140 2634 3215 legalia
2682 3142 3039 3215 praecepta
3075 3155 3194 3214 per
3242 3137 3679 3212 semetipsum

592 3250 902 3309 ostendit:
959 3251 1055 3308 sic
1095 3251 1427 3323 imperans
1475 3247 1676 3306 rectis
1706 3247 2041 3322 Justitiam
2096 3246 2158 3304 in
2194 3245 2385 3319 virga
2424 3244 2659 3318 ferrea,
2698 3249 2764 3303 et
2798 3241 3226 3318 confringens
3261 3259 3339 3301 ac
3375 3243 3677 3300 statuens

594 3373 929 3432 quaeque,
991 3353 1352 3412 secundnm
1405 3351 1580 3427 quod
1632 3351 1889 3426 justum
1938 3355 2115 3420 crat,
2175 3347 2733 3424 quemadmodum
2794 3347 3035 3422 figulus
3093 3345 3270 3406 aliud
3332 3361 3453 3403 vas
3506 3342 3682 3402 fran-

593 3465 710 3536 git,
747 3458 793 3539 ⁵)
832 3469 894 3520 et
931 3462 1108 3519 aliud
1150 3459 1329 3518 facit.

683 3568 866 3625 Nunc
903 3565 1155 3636 audite,
1215 3581 1252 3620 o
1307 3563 1678 3621 imitatores
1736 3560 1898 3618 mei:
1960 3559 2058 3618 Ab
2110 3558 2297 3616 initio
2333 3556 2583 3615 saeculi
2639 3556 2924 3632 populus
2975 3571 3161 3614 meus
3211 3568 3678 3631 praecessores

593 3680 659 3730 ot
696 3672 1055 3745 magistros
1093 3667 1343 3725 babuit.
1382 3664 1597 3735 Quare
1641 3679 1800 3738 ergo
1834 3661 2153 3738 profertis
2192 3660 2709 3735 indignationem
2761 3663 2829 3718 et
2861 3659 3209 3718 audaciam
3244 3661 3310 3717 et
3345 3655 3683 3715 vicissitu-

590 3775 810 3833 dinem
864 3773 926 3831 in
962 3771 1170 3830 variis
1223 3768 1520 3827 moribus
1569 3772 1634 3824 et
1672 3766 1732 3824 in
1776 3764 2198 3839 multiloquio
2250 3761 2639 3838 superbiae?
2687 3763 2881 3837 quasi
2935 3761 3199 3820 faciatis
3248 3775 3419 3819 nova
3470 3758 3683 3816 coele-

594 3880 747 3952 stia,
801 3885 867 3935 ct
900 3876 1258 3935 eburneam
1311 3869 1730 3931 altitudinem
1781 3868 2130 3940 montium,
2184 3883 2355 3943 quae
2405 3866 2849 3925 instrumenta
2896 3872 3137 3924 ventus
3189 3864 3384 3923 facile
3427 3862 3683 3937 disper·

593 3984 710 4058 git,
756 3990 822 4041 et
856 3997 1024 4057 quae
1075 3981 1157 4039 ab
1194 3977 1575 4036 hominibus
1625 3972 2140 4033 conculcantur?
2191 3972 2282 4031 ita
2316 3977 2389 4030 ut
2422 3972 2623 4030 etiam
2674 3970 3000 4030 auferatis
3034 3970 3384 4031 animabus
3434 3967 3680 4026 vestris

593 4091 822 4148 decem
875 4104 1086 4160 mnas,
1138 4092 1205 4144 et
1253 4082 1598 4141 denarium
1641 4081 1848 4152 illum,
1888 4077 2003 4152 qui
2029 4072 2076 4154 ⁶)
2115 4078 2220 4135 est
2255 4075 2607 4137 retributio
2658 4076 2971 4136 coelestis
3007 4076 3192 4152 regni
3231 4077 3296 4134 in
3330 4073 3534 4133 rectis
3570 4072 3685 4132 ho—

593 4194 903 4252 minibus
2416 4235 2421 4238 .

687 4318 714 4353 «
752 4294 1242 4372 Apprelienditc
1279 4298 1500 4352 autem
1535 4288 1992 4365 disciplinam,
2030 4303 2060 4342 i>
2092 4282 2141 4364 ⁷)
2174 4285 2489 4344 videlicet
2517 4284 2756 4360 legalia
2792 4290 2858 4342 ct
2893 4283 3199 4342 instituta
3227 4287 3582 4358 praecepta
3619 4281 3686 4339 in

596 4401 912 4460 membris
947 4400 1219 4468 vestriS,
1264 4404 1330 4456 et
1368 4397 1536 4454 tales
1573 4395 1637 4452 in
1672 4390 2220 4468 cogitationibuS,
2277 4390 2343 4447 in
2377 4389 2626 4462 verbis,
2663 4393 2728 4446 et
2766 4388 2829 4446 in
2863 4387 3177 4462 operibus
3212 4387 3461 4445 vestris
3510 4389 3683 4445 esto-

593 4513 679 4578 te,
721 4509 788 4563 ut
839 4503 1064 4562 mundi
1100 4503 1251 4562 sitis
1287 4503 1469 4560 velut
1503 4500 1979 4557 holocaustum
2032 4495 2097 4552 in
2136 4492 2537 4552 sacerdotali
2587 4493 2831 4562 officio,
2869 4498 3184 4550 caventes
3233 4507 3314 4550 ne
3348 4505 3682 4551 venenosa

591 4611 796 4668 verba
832 4610 964 4666 sint
1002 4609 1061 4666 in
1101 4607 1292 4665 vobis
1330 4607 1391 4664 in
1429 4605 1724 4664 vanitate
1762 4601 1964 4676 liujus
2002 4598 2281 4672 saeculi,
2322 4597 2479 4672 quia
2516 4596 3003 4670 praevaricatio
3055 4597 3220 4672 legis
3255 4613 3387 4656 non
3419 4596 3685 4672 expedit

592 4716 804 4776 vobis.
842 4713 963 4770 Sed
1017 4713 1244 4770 fideles
1277 4705 1324 4786 ⁸)
1374 4710 1596 4768 lumen
1646 4711 1909 4780 portate
1947 4705 2012 4763 in
2063 4701 2372 4761 manibus
2422 4701 2695 4776 vestriS,
2750 4702 2840 4760 ita
2876 4707 2948 4760 ut
2999 4701 3216 4760 omnis
3265 4701 3553 4776 populus
3600 4699 3684 4759 ad

590 4838 712 4879 vos
748 4823 1122 4877 concurrat.
1164 4815 1341 4872 llaec
1378 4818 1532 4870 sunt
1567 4815 1924 4887 praecepta
1963 4807 2155 4881 legiS,
2194 4806 2386 4881 quasi
2426 4821 2613 4864 mons
2649 4821 2953 4880 magnuS,
2992 4820 3194 4881 super
3227 4819 3424 4879 quem
3460 4804 3685 4864 lumen

591 4926 878 5000 positum
939 4939 1065 4980 non
1119 4922 1300 4979 latet.
1363 4917 1513 4976 Ideo
1569 4915 1805 4974 habete
1862 4911 2286 4984 disciplinam
2347 4911 2409 4968 in
2458 4911 2761 4969 cinctura
2820 4909 3197 4969 lumborum
3258 4916 3677 4982 vestrorum,

666 5099 707 5154 ¹)
735 5092 1139 5165 Aporal.X1X‚
1162 5097 1242 5146 ¹0.
1265 5092 1384 5150 —‘²)
1412 5090 1543 5143 Luc.
1579 5087 1654 5146 H.
1683 5091 1770 5139 58.
1800 5084 1920 5144 ——-³)
1948 5085 2086 5138 etde
2177 5080 2369 5136 tendo.
2390 5113 2453 5120 -
2473 5082 2513 5144 ⁴)
2534 5081 2621 5136 ps,
2643 5081 2719 5143 11,
2749 5085 2799 5136 9.
2836 5083 3161 5152 -⁵)sunyit:
3182 5080 3271 5135 W.
3295 5095 3421 5133 mox
3445 5097 3677 5150 praeces·

663 5188 860 5255 [innare
888 5185 1015 5240 riri,
1048 5179 1165 5234 cod.
1203 5177 1389 5231 nescio
1415 5191 1528 5244 quo
1557 5175 1714 5243 lapsu
1745 5170 1978 5224 minime
2005 5166 2085 5222 se·
2175 5185 2333 5221 sores.
2365 5199 2399 5207 „
2442 5166 2485 5226 ⁶)
2510 5166 2588 5219 sic
2619 5167 2707 5221 W.
2732 5167 2854 5232 —'')
2881 5167 2966 5220 Ps.
2996 5166 3071 5227 u,
3102 5170 3184 5226 12,
3212 5197 3274 5205 —
3296 5166 3339 5229 Β)
3365 5164 3475 5219 sort
3498 5165 3670 5236 fidele.
