4036 6117
1384 503 1846 550 trxsrounum
1899 505 2079 549 Nova
2127 504 2375 550 sames.
3235 484 3359 546 571

333 624 623 701 metipso
659 625 881 698 scivit,
921 625 1095 701 quod
1133 626 1421 685 mundus
1461 625 1746 686 deficere
1781 643 1908 686 non
1942 626 2194 701 debuit,
2247 633 2450 702 atque
2486 626 2552 685 in
2588 642 2756 686 vena
2794 626 3235 703 turpitudinis
3273 638 3437 685 suae

331 730 833 804 conceptionem
896 729 1235 790 hominum
1287 733 1518 792 sensit.
1579 731 1759 792 Unde
1820 746 1969 790 cum
2021 730 2219 791 homo
2279 731 2344 790 in
2402 730 2634 790 eadem
2693 746 2862 791 vena
2915 746 3110 793 omne
3170 728 3434 791 deside-

333 831 507 891 rium
556 849 749 894 suum
787 834 1100 908 complet,
1157 835 1246 894 ita
1281 836 1456 911 quod
1492 837 1744 895 nullam
1794 835 2149 894 victoriam
2187 833 2374 904 facit,
2425 842 2584 894 tunc
2621 833 2794 895 idem
2830 852 3106 912 serpens
3156 836 3424 911 nigrum

333 941 549 1014 ignem
599 943 680 1001 de
713 957 829 1001 ore
865 959 988 1002 suo
1036 943 1326 1017 exspuit,
1381 943 1492 1018 qui
1532 949 1767 1018 postea
1819 949 2223 1002 tormentum
2274 940 2575 1016 ejusdem
2626 942 2994 1018 voluptatis
3042 946 3170 1014 est,
3221 954 3422 1016 quem

334 1045 550 1119 ignem
610 1048 827 1106 omnis
875 1047 1208 1107 diabolica
1253 1047 1450 1107 turba
1498 1047 1792 1124 inspicit,
1852 1050 1917 1106 et
1968 1044 2303 1107 hominem
2357 1045 2545 1104 illum
2593 1045 2987 1119 deludendo,
3025 1044 3426 1105 cachinnum

333 1159 547 1227 parat,
599 1154 848 1213 dicens:
897 1155 1017 1214 Ubi
1054 1162 1158 1213 est
1205 1154 1382 1213 Deus
1432 1154 1667 1214 istius?
1715 1152 1840 1212 Sed
1875 1152 1994 1227 illi,
2049 1153 2163 1228 qui
2216 1153 2280 1212 in
2326 1151 2684 1211 desideriis
2735 1153 2877 1212 suis
2925 1151 3279 1212 victoriam
3330 1148 3427 1210 fa·

327 1256 534 1328 ciunt,
581 1259 864 1333 sagittas
903 1259 965 1317 in
1002 1259 1316 1335 pharetra
1352 1264 1614 1334 parant,
1665 1263 1733 1318 ct
1765 1274 1880 1317 eas
1916 1258 1981 1317 in
2020 1272 2251 1316 venam
2289 1256 2593 1332 ejusdem
2629 1258 2961 1331 serpentis
3005 1256 3227 1317 lucido
3265 1257 3416 1332 igne

335 1363 636 1439 mittunt,
698 1381 776 1424 ac
826 1366 1008 1425 illam
1059 1366 1156 1425 sic
1212 1364 1604 1425 vulneribus
1661 1363 2041 1440 perforant,
2102 1379 2273 1440 quae
2323 1379 2599 1439 serpens
2659 1362 2769 1421 ille
2817 1359 3191 1432 erubescit,
3242 1358 3429 1418 velut

336 1466 534 1526 homo
568 1468 1187 1546 nuditatemfiuam,
1242 1469 1359 1529 sed
1395 1485 1544 1527 eam
1579 1475 1803 1543 tegere
1855 1485 1979 1528 non
2016 1471 2259 1545 potest.
2312 1467 2495 1526 Tunc
2530 1470 2601 1526 ut
2635 1466 2739 1525 leo
2788 1466 2969 1541 rugit
3008 1464 3071 1523 in
3107 1461 3432 1522 schisma-

337 1578 400 1630 te
434 1573 803 1632 errantium
836 1574 995 1632 etin
1023 1574 1346 1649 spurcitia
1381 1590 1459 1634 ac
1495 1575 1560 1633 in
1588 1572 2002 1649 turpitudine
2040 1573 2336 1633 omnium
2374 1572 2728 1643 malorum,
2760 1578 2962 1648 atque
2995 1584 3257 1629 omnem
3296 1566 3429 1628 for·

335 1676 689 1736 titudinem
740 1695 929 1737 suam
965 1684 1199 1739 contra
1247 1677 1526 1738 vulnera
1576 1679 1707 1737 ista
1738 1677 2030 1751 exacuit,
2083 1683 2157 1736 ut
2189 1692 2267 1736 ea
2303 1676 2528 1752 aliquo
2579 1675 2774 1735 modo
2820 1672 3197 1735 obnubilet.
3247 1670 3433 1732 Nunc

332 1780 559 1840 audite
607 1787 674 1841 et
708 1781 1082 1857 intelligite,
1134 1799 1367 1843 omnes
1405 1783 1658 1857 fideleS,
1711 1798 1829 1859 per
1863 1781 2198 1842 cancellos
2247 1780 2609 1855 Ecclesiae,
2662 1785 3003 1840 utcontra
3054 1775 3428 1837 diabolicas

332 1888 517 1946 artes
572 1887 928 1948 victoriam
976 1888 1304 1963 habeatiS,
1340 1894 1409 1948 et
1455 1905 1536 1948 ne
1584 1888 1906 1949 honorem
1955 1904 2033 1948 ac
2090 1887 2570 1948 beatitudinem
2622 1884 2967 1947 felicitatis
2999 1890 3269 1944 vestrae
3317 1881 3428 1941 de-

337 1990 644 2065 struatis,
695 1994 1027 2066 quatenus
1069 2008 1189 2052 nos
1237 1992 1352 2068 qui
1402 1992 1528 2052 sub
1578 1992 1776 2051 altari
1825 1997 1892 2051 et
1941 1991 2066 2051 sub
2102 1992 2339 2051 throno
2387 1989 2504 2050 Dei
2555 2006 2821 2065 sumus,
2874 1986 3195 2064 gaudium
3241 1984 3432 2046 vobi·

335 2109 524 2153 scum
574 2095 819 2157 habere
869 2100 1234 2175 possimuS‚
1289 2099 1446 2174 quia
1495 2099 1892 2173 gaudemuS,
1946 2114 2098 2157 cum
2134 2114 2252 2174 per
2301 2098 2472 2157 bona
2521 2112 2726 2173 opera
2757 2093 3109 2155 Diabolum
3145 2109 3181 2152 a
3231 2090 3429 2152 vobis

337 2198 692 2274 expellitis.

404 2676 723 2732 Praelatum
755 2677 951 2733 edocet
976 2678 1045 2734 de
1071 2679 1318 2736 discreto
1346 2681 1646 2748 regimine.
1679 2697 1862 2753 neque
1889 2696 2022 2737 eum
2051 2695 2194 2735 onus
2220 2678 2517 2735 dimittere
2545 2678 2848 2752 permittit.

423 2823 494 2881 In
544 2839 779 2884 sereno
816 2826 1063 2885 lumine
1115 2826 1249 2885 vidi
1285 2834 1351 2886 et
1383 2826 1607 2886 audivi
1660 2841 1889 2885 vocem
1927 2825 2008 2885 ad
2060 2832 2123 2884 te
2162 2824 2305 2902 (fol.
2346 2824 2504 2902 116)
2547 2824 2901 2885 dicentem:
2954 2824 3136 2885 Mens
3172 2830 3284 2886 tua
3319 2833 3427 2887 est

331 2925 527 3001 quasi
564 2926 853 3003 impetus
902 2945 1138 3005 aquae,
1185 2938 1253 2988 et
1288 2936 1357 2989 ut
1395 2937 1536 2989 rete
1586 2931 1665 2990 ad
1703 2933 2052 3005 capturam
2103 2945 2229 2989 non
2269 2931 2447 2987 recte
2491 2934 2862 3002 extensum,
2915 2930 3072 3004 quia
3106 2929 3283 3005 quod
3317 2929 3428 2990 de-

334 3033 593 3094 sideras
642 3042 709 3095 et
741 3037 913 3113 quod
965 3038 1321 3113 praecipita,
1355 3038 1445 3098 ita
1483 3038 1584 3097 vis
1633 3037 1773 3099 fieri
1811 3036 1985 3114 quod
2038 3035 2373 3096 interdum
2424 3052 2553 3096 non
2595 3036 2749 3096 erit.
2798 3034 2921 3095 Sed
2973 3036 3198 3113 aspice
3247 3037 3422 3113 quod

333 3144 563 3197 arator
610 3155 844 3215 agrum
895 3142 1112 3216 primo
1162 3142 1516 3212 subvertit,
1583 3147 1650 3201 et
1697 3146 1933 3216 postea
1983 3141 2259 3213 cribrat,
2313 3155 2392 3199 ac
2444 3141 2543 3198 sic
2594 3155 2821 3199 semen
2871 3156 3067 3199 suum
3116 3141 3420 3202 seminat.

333 3241 671 3302 Subvcrsa
727 3249 905 3303 terra
955 3245 1104 3303 duri
1154 3252 1220 3305 et
1255 3246 1475 3321 asperi
1529 3245 1831 3305 homines
1881 3251 2077 3312 sunt,
2140 3245 2291 3302 illos
2355 3244 2596 3302 leviter
2660 3244 3045 3319 comprime.
3115 3243 3426 3305 Cribrata

334 3347 556 3404 autem
611 3353 786 3406 terra
839 3348 1125 3407 benivoli
1164 3352 1346 3422 sunt,
1401 3349 1645 3425 quibus
1682 3348 1901 3425 palam
1941 3348 2237 3423 loquere,
2275 3350 2343 3407 et
2375 3347 2713 3423 perfectos
2747 3362 2896 3406 cum
2948 3348 3127 3407 omni
3178 3348 3425 3409 instru-

335 3452 557 3510 ctione
608 3452 930 3513 bonorum
983 3470 1256 3530 operum
1299 3455 1576 3525 instrue,
1629 3454 1784 3530 quia
1822 3453 1948 3528 ipsi
2003 3451 2128 3511 hoc
2165 3453 2560 3528 suscipiunt.
2614 3452 2689 3512 Et
2723 3468 2802 3511 ne
2853 3453 2950 3512 sis
2986 3452 3170 3512 velut
3221 3444 3426 3529 impe-

338 3562 449 3615 tus
499 3574 710 3633 aquae
745 3575 863 3635 per
910 3560 1346 3630 iracundiam,
1400 3575 1521 3619 nec
1556 3560 1732 3619 sicut
1779 3557 2188 3617 dissolutum
2231 3564 2370 3617 rete
2420 3573 2541 3633 per
2579 3558 3016 3630 dubietatem,
3068 3556 3185 3617 sed
3220 3558 3427 3617 stain

335 3657 727 3736 stabilitate,
764 3669 831 3720 et
863 3661 1038 3722 Deus
1073 3661 1417 3738 adjuvabit
1452 3669 1540 3737 te,
1578 3669 1647 3723 et
1677 3679 1845 3723 onus
1880 3667 2066 3721 tuum
2106 3661 2387 3721 firmiter
2422 3666 2592 3735 tene,
2631 3666 2699 3719 et
2734 3660 2798 3720 in
2831 3666 3175 3721 aeternum
3214 3660 3385 3721 vive.

404 4162 676 4218 Ordinem
703 4164 1081 4221 monasticum
1108 4165 1284 4222 altius
1309 4175 1589 4238 repetens.
1618 4169 1936 4239 angelicum
1968 4171 2132 4228 illum
2161 4187 2281 4228 esse
2305 4170 2620 4228 renuntiat.

428 4301 496 4360 ln
549 4315 704 4360 vero
740 4300 988 4362 lumine
1037 4301 1262 4362 audivi
1300 4319 1533 4365 vocem
1582 4304 1663 4365 ad
1701 4312 1764 4365 te
1812 4306 2164 4368 dicentem:
2203 4305 2526 4366 Dominus
2580 4306 2925 4382 prophetis
2960 4305 3103 4367 suis
3140 4310 3426 4372 miracu-

333 4407 400 4466 la
427 4423 550 4466 sua
576 4406 951 4482 inspiravit,
981 4411 1047 4465 et
1074 4408 1398 4483 apostolis
1428 4409 1492 4469 in
1519 4409 1669 4486 igne
1695 4410 1972 4473 verbum
2002 4428 2198 4472 suum
2228 4409 2491 4473 infudit.
2519 4417 2585 4470 ct
2614 4411 2676 4470 in
2704 4411 2930 4485 sigillo
2958 4429 3079 4474 suo
3107 4414 3421 4491 signavit,

339 4511 432 4570 ita
479 4507 652 4585 quod
706 4509 1238 4586 praedicationes
1271 4526 1501 4572 eorum
1540 4513 1603 4573 in
1637 4530 1899 4575 omnem
1947 4522 2199 4577 terram
2245 4515 2791 4588 fulminaverunt‚
2826 4522 2893 4575 et
2925 4517 3024 4577 sic
3054 4517 3424 4584 Jerusalem

336 4613 687 4675 aedificata
733 4619 861 4688 est,
911 4614 1028 4674 sed
1077 4615 1320 4691 parieti
1366 4618 1576 4677 turris
1625 4617 1858 4680 defuit.
1909 4621 2090 4680 Tunc
2141 4620 2373 4695 igneus
2424 4611 2777 4706 [Spiritus]
2828 4621 3044 4697 ignem
3096 4627 3422 4702 accendit,

334 4718 449 4797 qui
499 4719 658 4778 olim
709 4718 773 4778 in
822 4735 1034 4796 aquas
1083 4720 1398 4796 spiravit,
1451 4722 1629 4784 sicut
1674 4722 1927 4784 dictum
1984 4732 2111 4786 est:
2174 4726 2465 4803 Spiritus
2517 4725 2783 4786 Domini
2827 4726 3170 4805 ferebatur
3224 4748 3425 4810 super

330 4840 555 4911 aquas.
590 4817 636 4900 ¹)
672 4822 751 4882 Et
798 4823 863 4882 in
899 4827 1262 4902 semetipso
1310 4830 1571 4908 aspexit
1606 4830 1780 4905 quod
1833 4831 2012 4892 latus
2049 4832 2175 4892 viri
2224 4847 2344 4907 per
2391 4832 2745 4892 consilium
2790 4833 2987 4909 primi
3023 4835 3263 4909 perditi
3312 4856 3424 4899 an-

333 4926 465 5001 geli
514 4927 973 4989 obnubilatum
1013 4928 1160 5003 fuit,
1210 4937 1278 4990 et
1310 4933 1486 5008 quod
1536 4939 1722 4994 casta
1758 4937 2102 5010 generatio
2154 4937 2246 4996 ita
2277 4937 2547 4997 omnino
2596 4937 2913 5012 perierat,
2962 4944 3029 4997 et
3063 4940 3237 5015 quod
3271 4957 3427 5005 con-

333 5038 441 5092 tra
487 5033 804 5095 callidum
849 5041 1226 5113 serpentem
1277 5044 1532 5099 castam
1583 5042 2080 5114 generationem
2127 5042 2194 5102 in
2230 5059 2353 5103 suo
2389 5043 2537 5118 igne
2572 5044 2941 5119 generavit,
2990 5044 3275 5107 similem
3312 5063 3425 5110 an-

417 5204 458 5270 ¹)
484 5202 621 5261 Gen.
656 5205 701 5267 1.
732 5210 781 5260 3.
