4036 6117
1311 520 1556 569 mnan
1616 520 1822 569 virm:
1880 519 2360 568 Mssm'roRuM
3227 506 3310 566 49

284 633 598 713 adjutorii
646 635 1004 712 abstrahit,
1054 643 1121 696 et
1168 652 1317 697 earn
1367 640 1433 697 in
1481 639 1943 698 confusionem
1989 640 2175 698 velut
2209 638 2619 697 Pharaonem
2674 638 2933 711 mergit.
2969 631 3013 715 ¹)
3052 638 3231 697 Haec
3265 657 3380 699 au-

285 746 413 799 tem
445 740 529 799 de
576 741 1059 816 poenitentium
1108 742 1460 802 animabus
1495 743 1861 818 purgandis
1910 750 1975 802 et
2012 742 2355 801 salvandis
2390 741 2569 799 dicta
2604 746 2782 815 sunt,
2819 746 2886 799 et
2930 741 3150 801 fidelia
3191 750 3370 817 sunt;

281 851 345 903 et
377 843 592 904 fidelis
628 844 735 903 his
772 844 1094 919 attendat,
1131 852 1198 904 et
1231 860 1310 906 ea
1347 846 1412 905 in
1448 847 1838 905 memoriam
1874 848 2085 906 bonae
2124 846 2446 905 scientiae
2480 850 2856 920 componat.

366 946 519 1007 110.
548 947 628 1008 Et
660 964 816 1007 ecce
853 948 1235 1025 praedictae
1271 950 1722 1010 multitudinis
1756 951 1926 1011 alios
1972 951 2254 1027 spiritus
2290 949 2450 1023 vidi,
2489 950 2603 1025 qui
2639 948 2814 1024 quod
2849 948 3112 1008 Lucifer
3143 966 3376 1010 eorum

283 1050 603 1111 Dominus
652 1058 856 1127 esset,
893 1051 1461 1127 vociferabantur;
1499 1059 1565 1112 et
1606 1055 1700 1113 illi
1738 1054 2043 1113 homines
2080 1054 2161 1112 ad
2214 1053 2549 1128 ignaviam
2598 1051 2994 1128 perducunt,
3030 1059 3097 1112 et
3144 1060 3218 1114 ut
3250 1071 3372 1114 nec

278 1153 585 1213 timorem
625 1153 782 1230 Deo,
817 1171 940 1214 nec
973 1171 1205 1216 curam
1239 1156 1623 1216 hominibus
1655 1158 2036 1233 exhibeant,
2075 1157 2513 1216 exhortantur
2542 1152 2616 1234 ²).

1614 1365 2030 1426 LXXXXIIII.

1486 1575 1713 1634 Poena
1757 1576 2166 1650 ignavorum.

354 1775 503 1839 111.
558 1778 639 1838 Et
670 1778 981 1839 nebulam
1029 1779 1292 1855 nigram
1324 1784 1391 1838 et
1440 1780 1769 1839 maximos
1818 1785 2057 1839 ventos
2104 1783 2172 1838 et
2207 1780 2535 1838 tumultus
2584 1779 2957 1840 tonantium
3006 1786 3368 1858 tempesta-

270 1886 404 1940 tum
436 1898 516 1941 ac
550 1882 884 1958 pluviales
919 1889 1356 1959 tempestates
1390 1883 1551 1958 vidi,
1590 1884 1655 1942 in
1688 1899 1857 1959 quas
1905 1885 2111 1943 etiam
2144 1882 2470 1959 praedicti
2505 1883 2779 1957 maligni
2829 1884 3110 1959 spiritus
3147 1885 3366 1960 ignem

267 1986 443 2044 velut
474 1986 813 2061 pluviales
861 1993 1089 2061 guttas
1124 1988 1570 2063 projecerunt.
1607 1988 1884 2047 Animae
1932 1993 2158 2047 autem
2191 2002 2362 2062 quae
2406 1988 2474 2045 in
2513 1987 2782 2045 saeculo
2835 1988 3168 2062 ignaviam
3203 1989 3368 2049 dile-

265 2095 516 2163 xerant,
557 2090 653 2149 ita
702 2090 880 2167 quod
912 2089 1045 2150 Deo
1095 2099 1368 2150 strenue
1410 2109 1539 2151 non
1589 2091 1986 2166 servierant,
2026 2092 2109 2150 ab
2143 2090 2250 2149 his
2301 2089 2817 2166 tempestatibus
2865 2090 3362 2166 quatiebantur.

268 2200 329 2252 et
358 2195 443 2255 ab
493 2195 652 2271 igne
701 2196 815 2254 illo
866 2212 1064 2271 quem
1115 2196 1317 2255 iidem
1366 2196 1638 2271 maligni
1690 2197 1971 2271 spiritus
2025 2197 2089 2254 in
2132 2195 2401 2253 easdem
2437 2200 2875 2268 tempestates
2908 2195 3357 2271 projecerunt,

270 2297 652 2358 urebantur.
704 2299 871 2369 Quia
902 2300 1079 2358 enim
1130 2301 1195 2359 in
1232 2300 1471 2359 timore
1519 2300 1782 2359 Domini
1819 2300 1884 2358 in
1919 2300 2190 2358 saeculo
2225 2299 2585 2356 exterritae
2619 2314 2749 2356 non
2785 2296 3075 2373 fuerunt,
3118 2304 3368 2375 tempe-

270 2406 471 2461 states
509 2403 685 2461 istas
721 2404 1164 2478 sustinebant3
1202 2409 1270 2463 et
1302 2404 1617 2479 quoniam
1653 2403 2175 2463 admonitionem
2204 2401 2511 2477 justitiae
2546 2401 2877 2476 ignaviter
2909 2402 3359 2478 neglexerant,

268 2503 529 2564 eosdem
569 2506 763 2581 ignes
794 2506 1190 2567 sentiebant.
1225 2506 1306 2566 Et
1336 2507 1498 2583 vidi,
1535 2514 1601 2565 et
1642 2507 1934 2565 intellexi
1968 2507 2154 2565 haec.
2256 2495 2263 2501 ’

1633 2714 1980 2775 Lxxxxv.

1368 2921 1801 2981 Poenitentia
1847 2923 2251 2998 iynavorum.

342 3120 489 3185 112.
541 3124 627 3184 Et
674 3141 908 3185 vocem
964 3126 1046 3185 de
1093 3125 1399 3202 praefata
1453 3127 1720 3186 vivente
1771 3127 1917 3186 luce
1974 3127 2219 3186 iterum
2270 3125 2433 3185 mihi
2482 3124 2814 3185 dicentem
2871 3125 3118 3185 audivi:
3179 3125 3358 3186 Haec

263 3242 420 3302 quae
466 3228 689 3304 videa,
725 3244 885 3288 vera
919 3235 1096 3305 sunt3
1132 3235 1201 3289 et
1249 3235 1321 3289 ut
1354 3246 1431 3289 ea
1464 3230 1676 3305 videS,
1715 3231 1809 3289 ita
1860 3236 2036 3290 sunt.
2072 3229 2391 3289 Homines
2428 3235 2650 3288 autem
2687 3229 2801 3304 qui
2839 3229 3175 3303 ignaviam
3208 3229 3359 3289 dili-

263 3337 433 3406 gunt,
485 3346 617 3390 nec
646 3328 782 3390 Deo
832 3338 1125 3406 strenue,
1163 3348 1284 3392 nec
1332 3332 1619 3392 fideliter
1652 3333 1978 3408 serviunt,
2033 3334 2090 3391 si
2126 3333 2210 3392 ab
2243 3331 2350 3391 his
2384 3333 2739 3408 spiritibus
2788 3331 3081 3391 derideri
3128 3333 3356 3392 nolue-

266 3435 409 3509 rint,
444 3441 515 3495 et
567 3435 626 3494 si
663 3434 769 3495 his
821 3436 1252 3511 passionibus
1302 3437 1563 3497 absolvi
1594 3436 1953 3511 voluerint,
2006 3435 2373 3496 secundum
2423 3425 2818 3512 qualitatem
2866 3436 3213 3511 neglectus
3248 3435 3355 3495 sui

263 3537 469 3597 cilicio
506 3553 585 3597 se
635 3540 988 3615 castigent,
1027 3546 1094 3599 et
1127 3540 1410 3615 flagellis
1446 3556 1518 3599 se
1551 3541 1851 3616 puniant,
1898 3540 2173 3615 jejnniis
2208 3540 2412 3600 etiam
2446 3555 2519 3599 se
2554 3538 2878 3614 affligant,
2923 3544 2992 3599 et
3025 3554 3356 3615 pauperes

263 3648 558 3717 pascant,
598 3647 667 3702 et
701 3642 827 3704 hoc
859 3650 1220 3721 praecepto
1253 3644 1557 3712 ductoris
1591 3646 1698 3704 sui
1732 3645 2130 3720 compleant.

1611 3852 1988 3914 LXXXXVI.

1173 4064 1447 4140 Iynavia
1493 4065 1564 4123 in
1600 4066 1833 4122 timore
1885 4063 2006 4123 Dei
2056 4080 2189 4122 mm
2236 4063 2434 4121 lucet.

342 4265 489 4329 113.
545 4267 821 4342 Ignavia
870 4268 1046 4329 enim
1095 4268 1162 4330 in
1194 4271 1433 4330 timore
1482 4270 1598 4329 Dei
1649 4287 1780 4330 non
1828 4271 2030 4345 lucet,
2065 4286 2188 4330 nec
2238 4270 2300 4329 in
2353 4270 2501 4344 igne
2552 4268 3025 4329 sollicitudinis
3074 4267 3348 4331 honoris

266 4367 461 4445 ipsius
513 4372 728 4433 ardet.
765 4374 929 4433 Nam
975 4374 1163 4434 vitiis
1196 4376 1486 4434 viventis
1538 4376 1879 4451 scientiae,
1919 4375 2034 4452 qui
2087 4374 2499 4451 spiraculum
2532 4374 2711 4432 vitae
2745 4374 2813 4432 in
2862 4375 3084 4433 anima
3116 4380 3243 4449 est,
3284 4377 3349 4434 in

264 4477 787 4536 remuneratione
834 4479 1114 4553 gratiae,
1164 4479 1598 4554 obscuratur,
1650 4496 1803 4538 cum
1852 4480 2068 4555 ipsam
2120 4480 2185 4539 in
2232 4479 2425 4538 bonis
2474 4479 2791 4555 operibus
2841 4495 3166 4555 quaerere
3211 4498 3344 4541 non

262 4584 407 4644 vult.
442 4585 523 4644 Et
559 4599 714 4644 cum
753 4585 967 4660 fidem,
1005 4602 1204 4661 quam
1240 4587 1417 4646 sicut
1449 4587 1721 4645 dorsum
1761 4585 1933 4645 forte
1964 4580 2013 4663 ³)
2053 4585 2298 4644 habere
2332 4584 2629 4657 deberet,
2675 4584 2737 4642 in
2774 4601 2905 4660 qua
2941 4599 3096 4658 spes
3136 4590 3350 4646 aeter-

260 4701 369 4746 nae
414 4688 597 4748 vitae
633 4693 760 4760 est,
816 4689 881 4748 in
916 4705 1153 4764 magna
1205 4690 1594 4761 infelicitate
1628 4689 1927 4765 negligit,
1981 4689 2295 4764 quoniam
2353 4693 2687 4747 tonantem
2739 4687 2968 4747 tubam
3020 4686 3348 4746 bonorum

260 4805 521 4864 operum
570 4808 703 4852 non
740 4791 991 4868 implet,
1044 4809 1196 4851 cum
1245 4800 1469 4853 erecta
1519 4795 1872 4852 devotione
1912 4792 1995 4851 ad
2043 4792 2251 4851 Deum
2287 4810 2414 4851 non
2449 4792 2737 4851 anhelat.
2781 4791 2959 4850 Haec
3009 4793 3232 4848 autem
3266 4789 3346 4846 de

262 4895 728 4966 poenitentium
762 4896 1112 4956 animabus
1148 4898 1512 4973 purgandis
1546 4903 1613 4956 et
1647 4895 1988 4956 salvandis
2024 4897 2202 4955 dicta
2241 4901 2418 4970 sunt,
2456 4902 2522 4954 et
2557 4895 2776 4954 fidelia
2813 4901 2989 4968 sunt;
3032 4899 3097 4950 ct
3134 4891 3347 4950 fidelis

262 4993 352 5053 his
384 4997 707 5073 attendat,
745 5004 812 5057 et
844 5015 923 5058 ea
962 5000 1025 5058 in
1061 5001 1449 5060 memoriam
1485 5002 1694 5061 bonae
1731 5000 2054 5060 scientiae
2089 5007 2463 5076 componat.

327 5147 365 5208 ¹>
390 5150 647 5221 demergit
670 5149 738 5206 A.
769 5181 838 5191 —
860 5153 906 5218 2)
934 5154 1227 5208 hortantur
1250 5153 1317 5209 Α.
1352 5186 1414 5195 —-
1443 5154 1487 5220 ³)
1514 5156 1705 5225 sortem
1732 5153 1800 5214 A,
1830 5155 1922 5207 W.

444 5260 793 5319 ANALECT.
848 5261 915 5320 T.
968 5261 1128 5320 VlII.
1181 5262 1222 5320 4
