4036 6117
1268 536 1324 583 11
1385 535 1627 584 menn
1682 535 1877 582 v1rAE
1935 533 2399 582 nemronun
3228 517 3311 577 9¹

290 664 560 736 potuum
607 658 801 736 juxta
848 657 1244 736 qualitatem
1291 664 1358 717 et
1408 657 1942 734 superfluitatem
1993 655 2623 716 inconsiderationis
2671 670 2857 726 suae,
2910 669 2987 712 ac
3018 653 3205 728 juxta
3240 670 3387 729 per-

293 767 678 826 missionem
717 763 1173 840 praeceptoris
1208 763 1311 822 sui
1347 762 1842 837 aggrediantur.

1715 990 1957 1050 LVIIII.

1432 1186 1726 1257 Quorum
1778 1184 1953 1244 Deus
2002 1190 2251 1243 venter.

378 1392 484 1451 69.
521 1393 648 1463 Qui
680 1392 859 1452 enim
892 1392 1147 1452 ventris
1186 1392 1547 1468 ingluviem
1579 1392 1888 1468 diligunt,
1929 1391 2271 1451 multoties
2305 1397 2537 1451 contra
2561 1390 2769 1450 Deum
2795 1391 3108 1465 clamant,
3138 1397 3205 1450 et
3235 1407 3385 1450 eum

292 1492 370 1550 ad
407 1494 723 1569 injuriam
755 1510 1124 1571 provocare
1158 1495 1584 1570 contendunt,
1623 1496 1949 1554 dicentes:
1993 1514 2023 1552 <t
2065 1495 2199 1554 Cur
2230 1494 2403 1553 Deus
2438 1495 2517 1553 ad
2549 1495 2834 1569 gloriam
2860 1511 2984 1554 nos
3010 1495 3382 1569 constituit,

297 1619 326 1653 1»
364 1616 517 1659 cum
568 1616 717 1660 eam
768 1600 961 1661 nobis
1010 1600 1381 1674 abstrahat,
1433 1600 1630 1677 quasi
1663 1616 1812 1661 eam
1847 1598 2094 1659 habere
2127 1615 2259 1660 non
2296 1599 2695 1659 debeamus?
2726 1599 2896 1659 Num
2931 1599 3093 1659 illud
3127 1615 3257 1659 non
3295 1599 3388 1659 fa-

298 1722 327 1759 »
363 1705 622 1764 ciemus
671 1704 849 1782 quod
897 1721 1021 1764 nos
1069 1703 1393 1764 delectat?
1430 1725 1460 1762 ι
1499 1703 1589 1764 De
1625 1704 1728 1764 his
1762 1703 2115 1764 dicendum
2150 1710 2276 1778 est,
2315 1703 2490 1779 quod
2525 1709 2757 1763 venter
2786 1718 3024 1763 eorum
3058 1702 3232 1763 Deus
3281 1718 3390 1764 eo-

292 1826 434 1869 rum
484 1810 597 1885 sit,
650 1811 808 1888 quia
857 1826 1119 1870 omnem
1175 1809 1606 1870 intentionem
1643 1816 1710 1869 et
1744 1809 2265 1869 sollicitudinem
2298 1824 2378 1868 ac
2413 1808 2746 1869 desideria
2781 1823 2902 1868 sua
2936 1807 3021 1867 ad
3058 1807 3388 1883 impletio·-

288 1932 433 1977 nem
485 1917 744 1977 ventris
795 1917 900 1976 sui
933 1921 1361 1990 convertunt,
1411 1922 1479 1975 et
1512 1917 1822 1992 quoniam
1863 1915 2229 1974 secundum
2262 1914 2673 1973 voluntatem
2709 1929 2941 1973 eorum
2976 1914 3256 1973 consilia
3294 1915 3387 1988 ip-

288 2037 513 2081 sorum
554 2027 734 2097 sunt,
771 2022 931 2097 quia
965 2021 1187 2080 omnia
1219 2037 1423 2096 opera
1458 2037 1580 2079 sua
1617 2021 1935 2094 ingluviei
1967 2020 2224 2078 ventris
2260 2019 2363 2078 sui
2400 2025 2757 2094 opponunt.

1781 2243 1901 2302 Lx.

1588 2437 1785 2496 Verba
1837 2439 2091 2515 Moysis

377 2648 483 2710 70.
536 2647 719 2708 Unde
768 2648 972 2708 etiam
1020 2648 1102 2707 de
1153 2647 1281 2708 isto
1327 2647 1651 2723 scriptum
1687 2655 1810 2708 est:
1855 2647 1968 2708 Ubi
2005 2655 2157 2707 sunt
2199 2649 2305 2708 Dii
2340 2667 2567 2707 eorum
2601 2649 2674 2708 in
2707 2646 2941 2726 quibus
2974 2646 3286 2709 habebant
3321 2647 3393 2727 fi-

289 2754 553 2816 daciam
579 2798 597 2824 ,
649 2754 729 2813 de
778 2772 1059 2832 quorum
1104 2755 1387 2813 victimis
1438 2753 1856 2812 comedebant
1891 2755 2149 2830 adipeS,
2188 2760 2248 2812 et
2284 2752 2577 2813 bibebant
2613 2758 2845 2814 vinum
2888 2754 3316 2815 libaminum?
3342 2749 3391 2830 ¹)

301 2859 485 2930 Quod
519 2859 726 2918 etiam
775 2859 874 2919 sic
910 2857 1414 2933 intelligendum
1446 2859 1568 2918 est.
1605 2857 1729 2917 Ubi
1762 2864 1865 2916 est
1899 2857 2114 2932 gloria
2147 2874 2404 2933 eorum,
2441 2860 2509 2918 in
2543 2859 2789 2935 quibus
2823 2866 3175 2921 voratores
3211 2875 3395 2937 spem

296 2979 486 3023 suam
523 2965 911 3039 posuerant,
949 2978 1101 3022 cum
1134 2960 1426 3021 diversis
1460 2962 1678 3037 epulis
1715 2978 1786 3021 se
1821 2952 2156 3037 superflue
2201 2962 2721 3050 ingurgitabant,
2774 2962 2950 3039 quod
2985 2970 3052 3023 et
3087 2963 3221 3023 illis
3255 2963 3394 3039 pla-

296 3085 445 3130 cere
481 3069 829 3129 sciebant?
860 3069 1023 3127 Nam
1061 3068 1276 3143 gloria
1311 3068 1576 3127 illorum
1612 3068 1741 3128 alia
1778 3083 1907 3126 non
1941 3072 2047 3126 est
2081 3083 2279 3142 quam
2316 3073 2647 3128 tormenta
2682 3074 2748 3128 et
2782 3067 3074 3128 conditio
3109 3066 3391 3127 infelici-

296 3172 454 3231 tatis
483 3171 551 3230 in
584 3170 864 3246 perditis
897 3169 1300 3242 horninibus»,
1339 3186 1490 3228 cum
1523 3186 1640 3229 eos
1675 3169 2178 3229 seductionibus
2213 3170 2352 3229 suis
2388 3171 2680 3245 capiunt,
2717 3176 2784 3229 et
2820 3172 2885 3230 in
2918 3169 3380 3231 confusionem

298 3273 567 3334 ducunt.
598 3274 676 3333 Et
703 3273 866 3333 haec
892 3273 1132 3333 fiducia
1160 3289 1388 3333 eorum
1423 3279 1552 3348 est,
1589 3274 1779 3332 cibus
1815 3274 2072 3333 scilicet
2109 3274 2542 3332 immoderate
2577 3280 2907 3350 sumptuS,
2946 3291 3064 3351 per
3097 3291 3295 3351 quem
3322 3277 3392 3337 fl-

301 3375 565 3436 duciam
604 3376 1015 3451 deceptionis
1042 3376 1307 3437 habent.
1337 3376 1517 3436 Unde
1543 3383 1616 3435 ut
1647 3377 1892 3453 ineptis
1923 3376 2143 3451 epulis
2177 3376 2513 3451 insistant,
2534 3374 2584 3455 ²)
2622 3377 3001 3438 hominibus
3035 3380 3393 3441 consilian-

299 3489 428 3554 tur,
475 3482 796 3559 quoniam
849 3484 1024 3542 sicut
1075 3483 1247 3558 ignis
1296 3482 1377 3541 de
1430 3480 1585 3541 folle
1635 3482 2044 3555 accenditur,
2098 3482 2194 3540 sic
2225 3481 2450 3541 omnia
2483 3482 2659 3541 mala
2693 3482 2773 3541 de
2807 3483 3063 3543 ventris
3096 3484 3394 3560 ingluvie

296 3588 626 3648 oriuntur.
677 3588 757 3647 Et
799 3603 976 3663 quae
1025 3587 1267 3647 fiducia
1302 3593 1419 3646 aut
1453 3603 1626 3662 quae
1658 3579 1706 3665 ³)
1742 3587 2029 3647 victoria
2061 3587 2130 3645 in
2165 3586 2299 3646 illis
2335 3585 2637 3647 habenda
2670 3594 2774 3647 est
2807 3589 2921 3664 qui
2957 3591 3290 3667 occidunt,
3328 3599 3394 3653 et

296 3691 414 3768 qui
464 3690 639 3767 quod
675 3691 1009 3766 occidunt,
1047 3697 1260 3751 totum
1305 3690 1633 3767 perdunt?
1663 3691 1983 3751 Diabolus
2016 3692 2193 3751 enim
2230 3694 2357 3750 scit
2390 3691 2568 3766 quod
2603 3691 2798 3751 homo
2833 3693 3004 3753 cibis
3030 3690 3082 3775 ⁸)
3115 3712 3248 3757 non
3280 3714 3401 3774 po-

299 3800 433 3854 test
479 3808 735 3864 carere,
769 3800 839 3853 et
869 3793 1049 3869 quod
1082 3800 1442 3869 praecepta
1474 3794 1590 3854 Dei
1624 3794 1823 3854 debet
1857 3810 2283 3869 conservare3
2320 3797 2388 3854 et
2421 3792 2568 3854 ideo
2604 3795 2895 3871 primum
2928 3798 2990 3856 ei
3025 3799 3284 3875 suadet,
3321 3808 3395 3860 ut

297 3906 659 3978 praecepta
684 3902 798 3961 Dei
828 3903 893 3961 in
918 3902 1086 3961 cibis
1112 3907 1179 3960 et
1204 3902 1475 3977 potibus
1501 3903 2029 3977 praevaricetur,
2068 3908 2402 3977 quatenus
2436 3903 2671 3976 postea
2704 3907 2890 3961 tanto
2927 3901 3188 3962 facilius
3222 3904 3395 3963 deci-

298 4010 544 4085 piatur;
584 4008 898 4084 quoniam
933 4006 1109 4082 quod
1148 4007 1290 4082 ipse
1327 4007 1521 4082 quasi
1559 4007 1623 4065 in
1657 4006 1964 4080 opinione
1999 4005 2223 4079 habet,
2265 4006 2388 4064 hoc
2424 4005 2760 4064 hominem
2800 4006 2864 4064 in
2898 4008 3216 4082 operibus
3249 4024 3397 4083 per-

300 4114 496 4173 ficere
545 4110 924 4187 persuadet.
977 4110 1247 4185 Maligni
1297 4126 1584 4186 namque
1635 4110 1914 4185 spiritus
1966 4110 2328 4168 secundum
2367 4093 2699 4185 nequitias
2734 4127 2889 4169 suas
2923 4111 3003 4170 ad
3042 4112 3396 4173 infernalia

303 4221 636 4276 tormenta
686 4213 986 4287 deputati
1022 4221 1200 4287 sunt,
1240 4229 1362 4273 nec
1395 4213 1598 4272 aliam
1633 4213 1954 4271 laetitiam
1991 4227 2190 4287 quam
2232 4212 2293 4269 in
2326 4211 2713 4286 deceptione
2753 4213 3093 4272 hominum
3128 4214 3397 4290 habent,

302 4317 625 4396 quamdiu
661 4317 858 4376 homo
894 4317 1139 4376 bonum
1173 4322 1239 4376 et
1274 4317 1522 4376 malum
1556 4316 1819 4391 operari
1856 4321 2100 4391 potest,
2145 4316 2459 4391 quoniam
2500 4316 2626 4391 ipsi
2662 4322 2896 4390 postea
2929 4319 3180 4378 nullam
3215 4321 3401 4380 laeti-

304 4427 489 4498 tiam,
544 4423 662 4482 sed
711 4424 981 4497 plenum
1031 4422 1433 4497 supplicium
1482 4435 1845 4496 poenarum
1884 4420 2242 4479 habebunt.
2279 4419 2440 4478 Nam
2479 4420 2589 4478 isti
2622 4436 2744 4496 per
2778 4420 2955 4479 idola
2989 4424 3401 4497 quaerebant

300 4534 376 4587 ut
421 4528 730 4588 homines
781 4527 1092 4586 victimas
1141 4532 1209 4585 et
1255 4524 1489 4600 adipes
1524 4541 1602 4583 ac
1635 4524 1878 4606 vinum·
1897 4530 2175 4599 propter
2210 4524 2469 4599 ineptas
2502 4526 2735 4598 epulas
2768 4526 3271 4587 convivantium
3304 4530 3401 4588 οἰ·-

305 4633 578 4705 ferrent,
631 4631 793 4707 quia
825 4631 1001 4706 quod
1037 4629 1212 4690 Deus
1249 4630 1314 4688 in
1348 4630 1561 4693 veteri
1595 4629 2023 4688 Testamente
2056 4629 2359 4687 comburi
2392 4628 2617 4704 jussit,
2666 4629 2789 4688 hoc
2831 4630 2940 4688 isti
2979 4631 3060 4689 ad
3094 4632 3402 4692 convivia

302 4737 490 4810 dant,
544 4736 856 4811 quoniam
908 4735 1083 4794 Deus
1135 4740 1271 4793 tam
1325 4736 1385 4793 in
1433 4734 1608 4792 escis
1643 4750 1842 4809 quam
1883 4734 1945 4792 in
1978 4733 2275 4809 peccatis
2312 4734 2782 4794 abstinentiam
2821 4733 3198 4795 hominibus
3234 4737 3401 4796 indi-

307 4842 420 4914 cit,
453 4840 629 4917 quod
660 4839 980 4898 Diabolus
1014 4840 1284 4897 omnino
1321 4837 1741 4897 contradicit.
1779 4837 2198 4897 Abstinentia
2231 4839 2404 4897 enim
2443 4839 2742 4897 ciborum
2780 4839 3111 4898 luxuriam
3148 4854 3277 4900 non
3314 4840 3406 4900 sa-

304 4946 418 5019 cit,
471 4943 585 5004 sed
628 4946 879 5003 ventris
918 4940 1245 5019 ingluvies
1288 4960 1433 5002 eam
1471 4944 1750 5019 perficit.
1788 4944 2207 5018 Quapropter
2243 4944 2438 5002 homo
2475 4945 2589 5019 qui
2624 4943 2757 5002 Deo
2795 4945 3049 5002 servire
3087 4946 3249 5018 vult,
3291 4963 3403 5003 vo-

313 5050 661 5107 racitatem
717 5047 954 5123 fugiat,
1007 5055 1073 5107 et
1122 5054 1419 5107 ventrem
1473 5062 1664 5108 suum
1716 5047 1799 5107 ab
1850 5047 1963 5107 illa
2013 5048 2367 5108 refraenet.
2408 5048 2584 5107 Haec
2620 5053 2840 5107 autem
2878 5048 2958 5106 de
2995 5048 3411 5121 poenitentia·

391 5200 431 5265 ί)
457 5201 684 5257 Denter.
717 5200 962 5263 xxxn,
994 5205 1077 5255 57.
1112 5216 1240 5257 mox
1267 5203 1452 5274 yloria
1483 5202 1719 5258 illorum.
1753 5201 1844 5256 W.
1873 5232 1928 5240 ——-
1954 5204 2000 5265 ⁸²)
2033 5205 2273 5258 insistent
2301 5202 2367 5264 A,
2398 5202 2488 5256 W.
2524 5234 2582 5241 —
2617 5200 2659 5269 ³)
2686 5208 2734 5255 et
2762 5218 2902 5272 quae
2929 5202 2992 5259 A.
3020 5232 3083 5241 -
3108 5199 3151 5265 ⁴)
3175 5201 3285 5257 cibi
3309 5200 3399 5256 W.
