<?xml version="1.0" encoding="UTF-8"?>
<!DOCTYPE html PUBLIC "-//W3C//DTD XHTML 1.0 Transitional//EN"
    "http://www.w3.org/TR/xhtml1/DTD/xhtml1-transitional.dtd">
<html xmlns="http://www.w3.org/1999/xhtml" xml:lang="en" lang="en">
 <head>
  <title>
</title>
<meta http-equiv="Content-Type" content="text/html;charset=utf-8" />
  <meta name='ocr-system' content='tesseract 3.04.00' />
  <meta name='ocr-capabilities' content='ocr_page ocr_carea ocr_par ocr_line ocrx_word'/>
</head>
<body>
  <div class='ocr_page' id='page_1' title='image "analectasacrasp05pitrgoog_0387.png"; bbox 0 0 4036 6117; ppageno 0'>
   <div class='ocr_carea' id='block_1_1' title="bbox 1712 492 3405 556">
    <p class='ocr_par' dir='ltr' id='par_1_1' title="bbox 1712 492 3405 556">
     <span class='ocr_line' id='line_1_1' title="bbox 1712 492 3405 556; baseline -0.003 0"><span class='ocrx_word' id='word_1_1' title='bbox 1712 508 2175 556; x_wconf 71' lang='lat' dir='ltr'>EpisroLAss.</span> <span class='ocrx_word' id='word_1_2' title='bbox 3277 492 3405 553; x_wconf 73' lang='lat'>339</span> 
     </span>
    </p>
   </div>
   <div class='ocr_carea' id='block_1_2' title="bbox 381 628 3494 3825">
    <p class='ocr_par' dir='ltr' id='par_1_2' title="bbox 381 628 3481 1644">
     <span class='ocr_line' id='line_1_2' title="bbox 384 628 3466 706; baseline -0.001 -17"><span class='ocrx_word' id='word_1_3' title='bbox 384 643 504 705; x_wconf 86' lang='lat' dir='ltr'>per</span> <span class='ocrx_word' id='word_1_4' title='bbox 559 628 734 690; x_wconf 90' lang='lat' dir='ltr'>bona</span> <span class='ocrx_word' id='word_1_5' title='bbox 782 628 1086 704; x_wconf 83' lang='lat' dir='ltr'>exempla</span> <span class='ocrx_word' id='word_1_6' title='bbox 1141 628 1437 687; x_wconf 88' lang='lat' dir='ltr'>lucentes</span> <span class='ocrx_word' id='word_1_7' title='bbox 1494 629 1781 688; x_wconf 91' lang='lat' dir='ltr'>caeteris</span> <span class='ocrx_word' id='word_1_8' title='bbox 1829 629 2130 706; x_wconf 89' lang='lat' dir='ltr'>populis,</span> <span class='ocrx_word' id='word_1_9' title='bbox 2189 629 2347 704; x_wconf 85' lang='lat' dir='ltr'>quia</span> <span class='ocrx_word' id='word_1_10' title='bbox 2397 629 2653 704; x_wconf 81' lang='lat' dir='ltr'>virgam</span> <span class='ocrx_word' id='word_1_11' title='bbox 2707 629 2996 703; x_wconf 82' lang='lat' dir='ltr'>regentis</span> <span class='ocrx_word' id='word_1_12' title='bbox 3031 645 3147 688; x_wconf 84' lang='lat' dir='ltr'>eos</span> <span class='ocrx_word' id='word_1_13' title='bbox 3186 628 3466 689; x_wconf 81' lang='lat' dir='ltr'>habetis.</span> 
     </span>
     <span class='ocr_line' id='line_1_3' title="bbox 384 732 3467 809; baseline -0.001 -16"><span class='ocrx_word' id='word_1_14' title='bbox 384 734 565 793; x_wconf 83' lang='lat' dir='ltr'><strong>Unde</strong></span> <span class='ocrx_word' id='word_1_15' title='bbox 623 733 827 793; x_wconf 90' lang='lat' dir='ltr'>etiam</span> <span class='ocrx_word' id='word_1_16' title='bbox 877 739 1094 793; x_wconf 89' lang='lat' dir='ltr'>estote</span> <span class='ocrx_word' id='word_1_17' title='bbox 1144 732 1441 807; x_wconf 90' lang='lat' dir='ltr'>solliciti,</span> <span class='ocrx_word' id='word_1_18' title='bbox 1509 752 1540 791; x_wconf 71' lang='grc' dir='ltr'>α</span> <span class='ocrx_word' id='word_1_19' title='bbox 1593 733 1941 809; x_wconf 81' lang='lat' dir='ltr'>nequando</span> <span class='ocrx_word' id='word_1_20' title='bbox 1995 734 2329 793; x_wconf 79' lang='lat' dir='ltr'>irascatur</span> <span class='ocrx_word' id='word_1_21' title='bbox 2375 732 2719 807; x_wconf 90' lang='lat' dir='ltr'>Dominus,</span> <span class='ocrx_word' id='word_1_22' title='bbox 2771 739 2838 793; x_wconf 92' lang='lat' dir='ltr'>et</span> <span class='ocrx_word' id='word_1_23' title='bbox 2887 734 3181 808; x_wconf 86' lang='lat' dir='ltr'>pereatis</span> <span class='ocrx_word' id='word_1_24' title='bbox 3228 734 3309 791; x_wconf 85' lang='lat' dir='ltr'>de</span> <span class='ocrx_word' id='word_1_25' title='bbox 3363 733 3467 790; x_wconf 87' lang='lat' dir='ltr'>via</span> 
     </span>
     <span class='ocr_line' id='line_1_4' title="bbox 381 830 3456 915; baseline -0.001 -19"><span class='ocrx_word' id='word_1_26' title='bbox 381 837 588 912; x_wconf 76' lang='lat' dir='ltr'>Justa,</span> <span class='ocrx_word' id='word_1_27' title='bbox 626 830 670 915; x_wconf 85' lang='lat'>¹)</span> <span class='ocrx_word' id='word_1_28' title='bbox 712 856 742 894; x_wconf 72' lang='grc' dir='ltr'>ι»</span> <span class='ocrx_word' id='word_1_29' title='bbox 797 836 1112 914; x_wconf 88' lang='lat' dir='ltr'>quoniam</span> <span class='ocrx_word' id='word_1_30' title='bbox 1161 837 1461 913; x_wconf 85' lang='lat' dir='ltr'>exemplo</span> <span class='ocrx_word' id='word_1_31' title='bbox 1497 837 1648 896; x_wconf 81' lang='lat' dir='ltr'>Filii</span> <span class='ocrx_word' id='word_1_32' title='bbox 1680 837 1820 911; x_wconf 90' lang='lat' dir='ltr'>Dei,</span> <span class='ocrx_word' id='word_1_33' title='bbox 1872 836 2220 897; x_wconf 87' lang='lat' dir='ltr'>ambulare</span> <span class='ocrx_word' id='word_1_34' title='bbox 2268 836 2528 896; x_wconf 87' lang='lat' dir='ltr'>debetis</span> <span class='ocrx_word' id='word_1_35' title='bbox 2577 852 2696 912; x_wconf 89' lang='lat' dir='ltr'>per</span> <span class='ocrx_word' id='word_1_36' title='bbox 2732 837 2906 896; x_wconf 84' lang='lat' dir='ltr'>viam</span> <span class='ocrx_word' id='word_1_37' title='bbox 2944 837 3266 897; x_wconf 91' lang='lat' dir='ltr'>bonorum</span> <span class='ocrx_word' id='word_1_38' title='bbox 3319 852 3456 911; x_wconf 86' lang='lat' dir='ltr'>ope·</span> 
     </span>
     <span class='ocr_line' id='line_1_5' title="bbox 386 938 3473 1018; baseline -0.001 -20"><span class='ocrx_word' id='word_1_39' title='bbox 386 956 557 1013; x_wconf 91' lang='lat' dir='ltr'>rum,</span> <span class='ocrx_word' id='word_1_40' title='bbox 609 956 782 1016; x_wconf 87' lang='lat' dir='ltr'>quae</span> <span class='ocrx_word' id='word_1_41' title='bbox 817 940 1040 1000; x_wconf 90' lang='lat' dir='ltr'>omnia</span> <span class='ocrx_word' id='word_1_42' title='bbox 1081 942 1268 1018; x_wconf 91' lang='lat' dir='ltr'>prius</span> <span class='ocrx_word' id='word_1_43' title='bbox 1305 941 1368 1000; x_wconf 89' lang='lat' dir='ltr'>in</span> <span class='ocrx_word' id='word_1_44' title='bbox 1405 940 1735 1001; x_wconf 85' lang='lat' dir='ltr'>sacrificio</span> <span class='ocrx_word' id='word_1_45' title='bbox 1785 941 2152 1000; x_wconf 88' lang='lat' dir='ltr'>vitulorum</span> <span class='ocrx_word' id='word_1_46' title='bbox 2188 943 2255 1000; x_wconf 91' lang='lat' dir='ltr'>et</span> <span class='ocrx_word' id='word_1_47' title='bbox 2302 955 2625 1015; x_wconf 80' lang='lat' dir='ltr'>agnorum</span> <span class='ocrx_word' id='word_1_48' title='bbox 2662 940 3087 1015; x_wconf 79' lang='lat' dir='ltr'>praesignata</span> <span class='ocrx_word' id='word_1_49' title='bbox 3136 940 3217 998; x_wconf 91' lang='lat' dir='ltr'>de</span> <span class='ocrx_word' id='word_1_50' title='bbox 3252 938 3473 999; x_wconf 81' lang='lat' dir='ltr'>officio</span> 
     </span>
     <span class='ocr_line' id='line_1_6' title="bbox 395 1043 3467 1115; baseline -0 -12"><span class='ocrx_word' id='word_1_51' title='bbox 395 1052 640 1106; x_wconf 87' lang='lat' dir='ltr'>vestro.</span> <span class='ocrx_word' id='word_1_52' title='bbox 693 1046 765 1105; x_wconf 85' lang='lat' dir='ltr'>ln</span> <span class='ocrx_word' id='word_1_53' title='bbox 813 1046 1022 1105; x_wconf 84' lang='lat' dir='ltr'>veteri</span> <span class='ocrx_word' id='word_1_54' title='bbox 1073 1046 1247 1105; x_wconf 89' lang='lat' dir='ltr'>enim</span> <span class='ocrx_word' id='word_1_55' title='bbox 1299 1046 1723 1105; x_wconf 88' lang='lat' dir='ltr'>Testamento</span> <span class='ocrx_word' id='word_1_56' title='bbox 1785 1045 2171 1106; x_wconf 89' lang='lat' dir='ltr'>sacerdotes</span> <span class='ocrx_word' id='word_1_57' title='bbox 2224 1045 2289 1104; x_wconf 93' lang='lat' dir='ltr'>in</span> <span class='ocrx_word' id='word_1_58' title='bbox 2339 1045 2583 1104; x_wconf 88' lang='lat' dir='ltr'>lumbis</span> <span class='ocrx_word' id='word_1_59' title='bbox 2640 1044 2783 1104; x_wconf 90' lang='lat' dir='ltr'>suis</span> <span class='ocrx_word' id='word_1_60' title='bbox 2831 1060 2961 1103; x_wconf 90' lang='lat' dir='ltr'>non</span> <span class='ocrx_word' id='word_1_61' title='bbox 3011 1043 3467 1115; x_wconf 78' lang='lat' dir='ltr'>tabescebant,</span> 
     </span>
     <span class='ocr_line' id='line_1_7' title="bbox 387 1147 3475 1226; baseline -0.002 -17"><span class='ocrx_word' id='word_1_62' title='bbox 387 1151 544 1225; x_wconf 86' lang='lat' dir='ltr'>quia</span> <span class='ocrx_word' id='word_1_63' title='bbox 593 1150 816 1209; x_wconf 87' lang='lat' dir='ltr'>nullus</span> <span class='ocrx_word' id='word_1_64' title='bbox 864 1150 933 1209; x_wconf 90' lang='lat' dir='ltr'>in</span> <span class='ocrx_word' id='word_1_65' title='bbox 982 1150 1227 1210; x_wconf 89' lang='lat' dir='ltr'>lumbis</span> <span class='ocrx_word' id='word_1_66' title='bbox 1277 1148 1421 1210; x_wconf 92' lang='lat' dir='ltr'>suis</span> <span class='ocrx_word' id='word_1_67' title='bbox 1468 1150 1894 1225; x_wconf 90' lang='lat' dir='ltr'>praecinctus</span> <span class='ocrx_word' id='word_1_68' title='bbox 1950 1166 2068 1210; x_wconf 89' lang='lat' dir='ltr'>eos</span> <span class='ocrx_word' id='word_1_69' title='bbox 2118 1154 2603 1226; x_wconf 80' lang='lat' dir='ltr'>praecesserat.</span> <span class='ocrx_word' id='word_1_70' title='bbox 2662 1147 2785 1207; x_wconf 89' lang='lat' dir='ltr'>Sed</span> <span class='ocrx_word' id='word_1_71' title='bbox 2836 1164 3008 1207; x_wconf 90' lang='lat' dir='ltr'>nunc</span> <span class='ocrx_word' id='word_1_72' title='bbox 3044 1147 3475 1222; x_wconf 82' lang='lat' dir='ltr'>soljustitiae</span> 
     </span>
     <span class='ocr_line' id='line_1_8' title="bbox 388 1249 3475 1332; baseline -0.002 -19"><span class='ocrx_word' id='word_1_73' title='bbox 388 1255 669 1315; x_wconf 74' lang='lat' dir='ltr'>effulsit.</span> <span class='ocrx_word' id='word_1_74' title='bbox 721 1256 892 1332; x_wconf 83' lang='lat' dir='ltr'>Ergo</span> <span class='ocrx_word' id='word_1_75' title='bbox 947 1256 1010 1315; x_wconf 90' lang='lat' dir='ltr'>in</span> <span class='ocrx_word' id='word_1_76' title='bbox 1061 1256 1173 1316; x_wconf 91' lang='lat' dir='ltr'>illo</span> <span class='ocrx_word' id='word_1_77' title='bbox 1222 1254 1583 1324; x_wconf 82' lang='lat' dir='ltr'>ambulate,</span> <span class='ocrx_word' id='word_1_78' title='bbox 1634 1255 2018 1315; x_wconf 87' lang='lat' dir='ltr'>castitatem</span> <span class='ocrx_word' id='word_1_79' title='bbox 2068 1261 2366 1314; x_wconf 87' lang='lat' dir='ltr'>vestram</span> <span class='ocrx_word' id='word_1_80' title='bbox 2416 1258 2787 1325; x_wconf 79' lang='lat' dir='ltr'>servanteS,</span> <span class='ocrx_word' id='word_1_81' title='bbox 2840 1251 3159 1328; x_wconf 90' lang='lat' dir='ltr'>quoniam</span> <span class='ocrx_word' id='word_1_82' title='bbox 3209 1266 3337 1308; x_wconf 91' lang='lat' dir='ltr'>non</span> <span class='ocrx_word' id='word_1_83' title='bbox 3387 1249 3475 1305; x_wconf 88' lang='lat' dir='ltr'>vi-</span> 
     </span>
     <span class='ocr_line' id='line_1_9' title="bbox 388 1351 3477 1434; baseline -0.003 -17"><span class='ocrx_word' id='word_1_84' title='bbox 388 1360 593 1430; x_wconf 91' lang='lat' dir='ltr'>tulus,</span> <span class='ocrx_word' id='word_1_85' title='bbox 646 1375 775 1419; x_wconf 89' lang='lat' dir='ltr'>non</span> <span class='ocrx_word' id='word_1_86' title='bbox 821 1358 1021 1432; x_wconf 77' lang='lat' dir='ltr'>arieS,</span> <span class='ocrx_word' id='word_1_87' title='bbox 1073 1374 1194 1419; x_wconf 89' lang='lat' dir='ltr'>nec</span> <span class='ocrx_word' id='word_1_88' title='bbox 1242 1358 1517 1418; x_wconf 88' lang='lat' dir='ltr'>victima</span> <span class='ocrx_word' id='word_1_89' title='bbox 1567 1358 1718 1434; x_wconf 84' lang='lat' dir='ltr'>agni</span> <span class='ocrx_word' id='word_1_90' title='bbox 1754 1375 1874 1434; x_wconf 90' lang='lat' dir='ltr'>pro</span> <span class='ocrx_word' id='word_1_91' title='bbox 1924 1357 2119 1420; x_wconf 88' lang='lat' dir='ltr'>vobis</span> <span class='ocrx_word' id='word_1_92' title='bbox 2157 1358 2223 1417; x_wconf 92' lang='lat' dir='ltr'>in</span> <span class='ocrx_word' id='word_1_93' title='bbox 2272 1357 2450 1433; x_wconf 81' lang='lat' dir='ltr'>ligno</span> <span class='ocrx_word' id='word_1_94' title='bbox 2502 1356 2722 1415; x_wconf 89' lang='lat' dir='ltr'>crucis</span> <span class='ocrx_word' id='word_1_95' title='bbox 2774 1370 3145 1430; x_wconf 87' lang='lat' dir='ltr'>suspensus</span> <span class='ocrx_word' id='word_1_96' title='bbox 3180 1358 3307 1427; x_wconf 91' lang='lat' dir='ltr'>est,</span> <span class='ocrx_word' id='word_1_97' title='bbox 3361 1351 3477 1412; x_wconf 83' lang='lat' dir='ltr'>sed</span> 
     </span>
     <span class='ocr_line' id='line_1_10' title="bbox 387 1458 3481 1538; baseline -0.002 -17"><span class='ocrx_word' id='word_1_98' title='bbox 387 1469 621 1537; x_wconf 88' lang='lat' dir='ltr'>pastor</span> <span class='ocrx_word' id='word_1_99' title='bbox 669 1479 950 1538; x_wconf 82' lang='lat' dir='ltr'>magnus</span> <span class='ocrx_word' id='word_1_100' title='bbox 999 1468 1066 1522; x_wconf 91' lang='lat' dir='ltr'>et</span> <span class='ocrx_word' id='word_1_101' title='bbox 1116 1462 1329 1522; x_wconf 91' lang='lat' dir='ltr'>bonus</span> <span class='ocrx_word' id='word_1_102' title='bbox 1377 1479 1496 1538; x_wconf 91' lang='lat' dir='ltr'>pro</span> <span class='ocrx_word' id='word_1_103' title='bbox 1534 1462 1724 1521; x_wconf 87' lang='lat' dir='ltr'>vobis</span> <span class='ocrx_word' id='word_1_104' title='bbox 1759 1461 1840 1521; x_wconf 91' lang='lat' dir='ltr'>ad</span> <span class='ocrx_word' id='word_1_105' title='bbox 1889 1462 2273 1538; x_wconf 87' lang='lat' dir='ltr'>passionem</span> <span class='ocrx_word' id='word_1_106' title='bbox 2327 1462 2549 1521; x_wconf 90' lang='lat' dir='ltr'>crucis</span> <span class='ocrx_word' id='word_1_107' title='bbox 2597 1461 2793 1521; x_wconf 87' lang='lat' dir='ltr'>datus</span> <span class='ocrx_word' id='word_1_108' title='bbox 2842 1467 2966 1521; x_wconf 87' lang='lat' dir='ltr'>est.</span> <span class='ocrx_word' id='word_1_109' title='bbox 3018 1460 3212 1519; x_wconf 90' lang='lat' dir='ltr'>Illum</span> <span class='ocrx_word' id='word_1_110' title='bbox 3265 1458 3481 1518; x_wconf 89' lang='lat' dir='ltr'>imita-</span> 
     </span>
     <span class='ocr_line' id='line_1_11' title="bbox 390 1566 1306 1644; baseline 0.001 -21"><span class='ocrx_word' id='word_1_111' title='bbox 390 1566 549 1625; x_wconf 82' lang='lat' dir='ltr'>mini</span> <span class='ocrx_word' id='word_1_112' title='bbox 589 1567 653 1625; x_wconf 92' lang='lat' dir='ltr'>in</span> <span class='ocrx_word' id='word_1_113' title='bbox 685 1567 1002 1644; x_wconf 85' lang='lat' dir='ltr'>operibus</span> <span class='ocrx_word' id='word_1_114' title='bbox 1037 1567 1306 1626; x_wconf 68' lang='lat' dir='ltr'>vestris</span> 
     </span>
    </p>

    <p class='ocr_par' dir='ltr' id='par_1_3' title="bbox 389 1666 3494 3825">
     <span class='ocr_line' id='line_1_12' title="bbox 478 1666 3477 1747; baseline -0.001 -19"><span class='ocrx_word' id='word_1_115' title='bbox 478 1669 855 1729; x_wconf 88' lang='lat' dir='ltr'>Irascimini</span> <span class='ocrx_word' id='word_1_116' title='bbox 900 1676 1122 1730; x_wconf 90' lang='lat' dir='ltr'>autem</span> <span class='ocrx_word' id='word_1_117' title='bbox 1158 1670 1484 1730; x_wconf 90' lang='lat' dir='ltr'>adversus</span> <span class='ocrx_word' id='word_1_118' title='bbox 1536 1669 1932 1747; x_wconf 85' lang='lat' dir='ltr'>injustitiam</span> <span class='ocrx_word' id='word_1_119' title='bbox 1968 1675 2036 1729; x_wconf 87' lang='lat' dir='ltr'>et</span> <span class='ocrx_word' id='word_1_120' title='bbox 2084 1669 2287 1730; x_wconf 91' lang='lat' dir='ltr'>nolite</span> <span class='ocrx_word' id='word_1_121' title='bbox 2322 1685 2622 1744; x_wconf 89' lang='lat' dir='ltr'>peccare,</span> <span class='ocrx_word' id='word_1_122' title='bbox 2657 1666 2708 1747; x_wconf 76' lang='lat'>²)</span> <span class='ocrx_word' id='word_1_123' title='bbox 2760 1668 3020 1729; x_wconf 91' lang='lat' dir='ltr'>scilicet</span> <span class='ocrx_word' id='word_1_124' title='bbox 3053 1685 3180 1728; x_wconf 88' lang='lat' dir='ltr'>non</span> <span class='ocrx_word' id='word_1_125' title='bbox 3229 1666 3477 1737; x_wconf 87' lang='lat' dir='ltr'>odium,</span> 
     </span>
     <span class='ocr_line' id='line_1_13' title="bbox 390 1772 3476 1852; baseline 0 -22"><span class='ocrx_word' id='word_1_126' title='bbox 390 1786 519 1831; x_wconf 90' lang='lat' dir='ltr'>non</span> <span class='ocrx_word' id='word_1_127' title='bbox 565 1772 916 1847; x_wconf 86' lang='lat' dir='ltr'>invidiam,</span> <span class='ocrx_word' id='word_1_128' title='bbox 980 1789 1102 1833; x_wconf 91' lang='lat' dir='ltr'>nec</span> <span class='ocrx_word' id='word_1_129' title='bbox 1152 1774 1638 1850; x_wconf 84' lang='lat' dir='ltr'>opprimentem</span> <span class='ocrx_word' id='word_1_130' title='bbox 1696 1791 2088 1852; x_wconf 88' lang='lat' dir='ltr'>pressuram</span> <span class='ocrx_word' id='word_1_131' title='bbox 2160 1775 2400 1836; x_wconf 87' lang='lat' dir='ltr'>habete</span> <span class='ocrx_word' id='word_1_132' title='bbox 2456 1776 2524 1835; x_wconf 92' lang='lat' dir='ltr'>in</span> <span class='ocrx_word' id='word_1_133' title='bbox 2591 1775 2901 1836; x_wconf 84' lang='lat' dir='ltr'>irrisione</span> <span class='ocrx_word' id='word_1_134' title='bbox 2958 1773 3181 1835; x_wconf 89' lang='lat' dir='ltr'>cordis</span> <span class='ocrx_word' id='word_1_135' title='bbox 3230 1775 3476 1843; x_wconf 86' lang='lat' dir='ltr'>vestri,</span> 
     </span>
     <span class='ocr_line' id='line_1_14' title="bbox 394 1875 3484 1956; baseline 0.001 -23"><span class='ocrx_word' id='word_1_136' title='bbox 394 1875 654 1950; x_wconf 84' lang='lat' dir='ltr'>quando</span> <span class='ocrx_word' id='word_1_137' title='bbox 718 1876 958 1938; x_wconf 88' lang='lat' dir='ltr'>videtis</span> <span class='ocrx_word' id='word_1_138' title='bbox 1031 1893 1264 1936; x_wconf 89' lang='lat' dir='ltr'>casum</span> <span class='ocrx_word' id='word_1_139' title='bbox 1338 1878 1684 1938; x_wconf 90' lang='lat' dir='ltr'>hominum</span> <span class='ocrx_word' id='word_1_140' title='bbox 1748 1881 2024 1956; x_wconf 87' lang='lat' dir='ltr'>propter</span> <span class='ocrx_word' id='word_1_141' title='bbox 2094 1879 2450 1939; x_wconf 84' lang='lat' dir='ltr'>stultitiam</span> <span class='ocrx_word' id='word_1_142' title='bbox 2526 1895 2784 1938; x_wconf 90' lang='lat' dir='ltr'>morum</span> <span class='ocrx_word' id='word_1_143' title='bbox 2856 1895 3107 1940; x_wconf 91' lang='lat' dir='ltr'>eorum:</span> <span class='ocrx_word' id='word_1_144' title='bbox 3183 1878 3299 1937; x_wconf 91' lang='lat' dir='ltr'>sed</span> <span class='ocrx_word' id='word_1_145' title='bbox 3368 1894 3484 1936; x_wconf 88' lang='lat' dir='ltr'>uu-</span> 
     </span>
     <span class='ocr_line' id='line_1_15' title="bbox 389 1979 3483 2059; baseline 0.002 -23"><span class='ocrx_word' id='word_1_146' title='bbox 389 1979 527 2052; x_wconf 83' lang='lat' dir='ltr'>gite</span> <span class='ocrx_word' id='word_1_147' title='bbox 563 1979 713 2039; x_wconf 91' lang='lat' dir='ltr'>illos</span> <span class='ocrx_word' id='word_1_148' title='bbox 749 1981 814 2039; x_wconf 91' lang='lat' dir='ltr'>in</span> <span class='ocrx_word' id='word_1_149' title='bbox 863 1981 1349 2056; x_wconf 88' lang='lat' dir='ltr'>misericordia,</span> <span class='ocrx_word' id='word_1_150' title='bbox 1400 1988 1467 2042; x_wconf 92' lang='lat' dir='ltr'>et</span> <span class='ocrx_word' id='word_1_151' title='bbox 1501 1983 1819 2059; x_wconf 88' lang='lat' dir='ltr'>corripite</span> <span class='ocrx_word' id='word_1_152' title='bbox 1853 1999 1967 2043; x_wconf 90' lang='lat' dir='ltr'>eos</span> <span class='ocrx_word' id='word_1_153' title='bbox 2021 1983 2086 2043; x_wconf 91' lang='lat' dir='ltr'>in</span> <span class='ocrx_word' id='word_1_154' title='bbox 2119 1983 2648 2043; x_wconf 87' lang='lat' dir='ltr'>mansuetudine.</span> <span class='ocrx_word' id='word_1_155' title='bbox 2703 1983 2781 2042; x_wconf 87' lang='lat' dir='ltr'>Et</span> <span class='ocrx_word' id='word_1_156' title='bbox 2813 1984 3017 2043; x_wconf 92' lang='lat' dir='ltr'>nolite</span> <span class='ocrx_word' id='word_1_157' title='bbox 3057 1984 3119 2041; x_wconf 92' lang='lat' dir='ltr'>in</span> <span class='ocrx_word' id='word_1_158' title='bbox 3170 1983 3483 2042; x_wconf 88' lang='lat' dir='ltr'>aestima-</span> 
     </span>
     <span class='ocr_line' id='line_1_16' title="bbox 390 2082 3477 2162; baseline 0 -22"><span class='ocrx_word' id='word_1_159' title='bbox 390 2082 571 2141; x_wconf 89' lang='lat' dir='ltr'>tione</span> <span class='ocrx_word' id='word_1_160' title='bbox 618 2089 845 2143; x_wconf 82' lang='lat' dir='ltr'>vestra</span> <span class='ocrx_word' id='word_1_161' title='bbox 893 2084 1157 2143; x_wconf 92' lang='lat' dir='ltr'>culmen</span> <span class='ocrx_word' id='word_1_162' title='bbox 1205 2085 1330 2143; x_wconf 88' lang='lat' dir='ltr'>hoc</span> <span class='ocrx_word' id='word_1_163' title='bbox 1365 2083 1631 2159; x_wconf 89' lang='lat' dir='ltr'>habere,</span> <span class='ocrx_word' id='word_1_164' title='bbox 1685 2086 1881 2162; x_wconf 88' lang='lat' dir='ltr'>quasi</span> <span class='ocrx_word' id='word_1_165' title='bbox 1925 2086 2141 2146; x_wconf 90' lang='lat' dir='ltr'>saneti</span> <span class='ocrx_word' id='word_1_166' title='bbox 2190 2087 2341 2146; x_wconf 89' lang='lat' dir='ltr'>sitis</span> <span class='ocrx_word' id='word_1_167' title='bbox 2377 2093 2649 2162; x_wconf 86' lang='lat' dir='ltr'>propter</span> <span class='ocrx_word' id='word_1_168' title='bbox 2700 2092 3045 2146; x_wconf 85' lang='lat' dir='ltr'>tonsuram</span> <span class='ocrx_word' id='word_1_169' title='bbox 3093 2085 3316 2145; x_wconf 90' lang='lat' dir='ltr'>carnis</span> <span class='ocrx_word' id='word_1_170' title='bbox 3368 2100 3477 2141; x_wconf 87' lang='lat' dir='ltr'>ve-</span> 
     </span>
     <span class='ocr_line' id='line_1_17' title="bbox 393 2186 3473 2264; baseline 0 -21"><span class='ocrx_word' id='word_1_171' title='bbox 393 2189 600 2259; x_wconf 89' lang='lat' dir='ltr'>strae,</span> <span class='ocrx_word' id='word_1_172' title='bbox 650 2187 765 2245; x_wconf 91' lang='lat' dir='ltr'>ubi</span> <span class='ocrx_word' id='word_1_173' title='bbox 798 2186 1022 2247; x_wconf 84' lang='lat' dir='ltr'>dicitis</span> <span class='ocrx_word' id='word_1_174' title='bbox 1058 2188 1122 2246; x_wconf 89' lang='lat' dir='ltr'>in</span> <span class='ocrx_word' id='word_1_175' title='bbox 1171 2187 1488 2248; x_wconf 89' lang='lat' dir='ltr'>cordibus</span> <span class='ocrx_word' id='word_1_176' title='bbox 1522 2190 1787 2250; x_wconf 88' lang='lat' dir='ltr'>vestris:</span> <span class='ocrx_word' id='word_1_177' title='bbox 1838 2189 1969 2250; x_wconf 87' lang='lat' dir='ltr'>Nos</span> <span class='ocrx_word' id='word_1_178' title='bbox 2003 2189 2208 2264; x_wconf 82' lang='lat' dir='ltr'>elegit</span> <span class='ocrx_word' id='word_1_179' title='bbox 2239 2188 2559 2251; x_wconf 87' lang='lat' dir='ltr'>Dominus</span> <span class='ocrx_word' id='word_1_180' title='bbox 2608 2189 2672 2248; x_wconf 90' lang='lat' dir='ltr'>in</span> <span class='ocrx_word' id='word_1_181' title='bbox 2707 2189 3087 2262; x_wconf 87' lang='lat' dir='ltr'>sanctitate,</span> <span class='ocrx_word' id='word_1_182' title='bbox 3141 2202 3260 2247; x_wconf 89' lang='lat' dir='ltr'>nec</span> <span class='ocrx_word' id='word_1_183' title='bbox 3296 2187 3473 2246; x_wconf 83' lang='lat' dir='ltr'>ullus</span> 
     </span>
     <span class='ocr_line' id='line_1_18' title="bbox 396 2288 3485 2370; baseline 0.001 -23"><span class='ocrx_word' id='word_1_184' title='bbox 396 2288 595 2348; x_wconf 88' lang='lat' dir='ltr'>debet</span> <span class='ocrx_word' id='word_1_185' title='bbox 642 2306 766 2349; x_wconf 92' lang='lat' dir='ltr'>nos</span> <span class='ocrx_word' id='word_1_186' title='bbox 800 2307 920 2366; x_wconf 93' lang='lat' dir='ltr'>per</span> <span class='ocrx_word' id='word_1_187' title='bbox 967 2292 1230 2351; x_wconf 90' lang='lat' dir='ltr'>culmen</span> <span class='ocrx_word' id='word_1_188' title='bbox 1262 2291 1536 2352; x_wconf 88' lang='lat' dir='ltr'>virtutis</span> <span class='ocrx_word' id='word_1_189' title='bbox 1584 2292 2004 2367; x_wconf 79' lang='lat' dir='ltr'>praecedere,</span> <span class='ocrx_word' id='word_1_190' title='bbox 2055 2294 2135 2352; x_wconf 91' lang='lat' dir='ltr'>Et</span> <span class='ocrx_word' id='word_1_191' title='bbox 2165 2309 2375 2370; x_wconf 88' lang='lat' dir='ltr'>quare</span> <span class='ocrx_word' id='word_1_192' title='bbox 2423 2292 2875 2369; x_wconf 81' lang='lat' dir='ltr'>dedignamini</span> <span class='ocrx_word' id='word_1_193' title='bbox 2921 2292 3335 2369; x_wconf 90' lang='lat' dir='ltr'>praeclaram</span> <span class='ocrx_word' id='word_1_194' title='bbox 3392 2290 3485 2349; x_wconf 85' lang='lat' dir='ltr'>fa·</span> 
     </span>
     <span class='ocr_line' id='line_1_19' title="bbox 399 2391 3477 2471; baseline 0.001 -22"><span class='ocrx_word' id='word_1_195' title='bbox 399 2391 570 2451; x_wconf 90' lang='lat' dir='ltr'>ciem</span> <span class='ocrx_word' id='word_1_196' title='bbox 607 2392 672 2450; x_wconf 91' lang='lat' dir='ltr'>in</span> <span class='ocrx_word' id='word_1_197' title='bbox 709 2392 840 2451; x_wconf 90' lang='lat' dir='ltr'>illis</span> <span class='ocrx_word' id='word_1_198' title='bbox 888 2393 1003 2469; x_wconf 85' lang='lat' dir='ltr'>qui</span> <span class='ocrx_word' id='word_1_199' title='bbox 1037 2394 1332 2453; x_wconf 92' lang='lat' dir='ltr'>tunicam</span> <span class='ocrx_word' id='word_1_200' title='bbox 1380 2410 1594 2454; x_wconf 90' lang='lat' dir='ltr'>meam</span> <span class='ocrx_word' id='word_1_201' title='bbox 1632 2396 1991 2471; x_wconf 86' lang='lat' dir='ltr'>amplexati</span> <span class='ocrx_word' id='word_1_202' title='bbox 2041 2401 2196 2455; x_wconf 89' lang='lat' dir='ltr'>sunt</span> <span class='ocrx_word' id='word_1_203' title='bbox 2234 2411 2352 2471; x_wconf 89' lang='lat' dir='ltr'>per</span> <span class='ocrx_word' id='word_1_204' title='bbox 2385 2395 2966 2454; x_wconf 85' lang='lat' dir='ltr'>circumcisionem</span> <span class='ocrx_word' id='word_1_205' title='bbox 3017 2394 3256 2453; x_wconf 89' lang='lat' dir='ltr'>mentis</span> <span class='ocrx_word' id='word_1_206' title='bbox 3294 2407 3477 2465; x_wconf 90' lang='lat' dir='ltr'>suae,</span> 
     </span>
     <span class='ocr_line' id='line_1_20' title="bbox 395 2494 3477 2579; baseline 0 -24"><span class='ocrx_word' id='word_1_207' title='bbox 395 2503 464 2556; x_wconf 92' lang='lat' dir='ltr'>et</span> <span class='ocrx_word' id='word_1_208' title='bbox 497 2497 609 2572; x_wconf 85' lang='lat' dir='ltr'>qui</span> <span class='ocrx_word' id='word_1_209' title='bbox 644 2498 708 2556; x_wconf 89' lang='lat' dir='ltr'>in</span> <span class='ocrx_word' id='word_1_210' title='bbox 735 2497 1150 2559; x_wconf 85' lang='lat' dir='ltr'>ordinatione</span> <span class='ocrx_word' id='word_1_211' title='bbox 1186 2498 1533 2559; x_wconf 87' lang='lat' dir='ltr'>imitantur</span> <span class='ocrx_word' id='word_1_212' title='bbox 1567 2501 1863 2575; x_wconf 83' lang='lat' dir='ltr'>angelos,</span> <span class='ocrx_word' id='word_1_213' title='bbox 1893 2501 2006 2577; x_wconf 88' lang='lat' dir='ltr'>qui</span> <span class='ocrx_word' id='word_1_214' title='bbox 2043 2501 2199 2560; x_wconf 87' lang='lat' dir='ltr'>sunt</span> <span class='ocrx_word' id='word_1_215' title='bbox 2220 2494 2269 2579; x_wconf 73' lang='lat'>³)</span> <span class='ocrx_word' id='word_1_216' title='bbox 2301 2501 2648 2576; x_wconf 90' lang='lat' dir='ltr'>speculum</span> <span class='ocrx_word' id='word_1_217' title='bbox 2682 2500 2910 2559; x_wconf 85' lang='lat' dir='ltr'>vultus</span> <span class='ocrx_word' id='word_1_218' title='bbox 2945 2500 3099 2573; x_wconf 91' lang='lat' dir='ltr'>mei,</span> <span class='ocrx_word' id='word_1_219' title='bbox 3131 2499 3222 2558; x_wconf 91' lang='lat' dir='ltr'>ita</span> <span class='ocrx_word' id='word_1_220' title='bbox 3249 2501 3322 2559; x_wconf 91' lang='lat' dir='ltr'>ut</span> <span class='ocrx_word' id='word_1_221' title='bbox 3351 2498 3477 2573; x_wconf 81' lang='lat' dir='ltr'>ipsi</span> 
     </span>
     <span class='ocr_line' id='line_1_21' title="bbox 395 2602 3480 2679; baseline 0 -18"><span class='ocrx_word' id='word_1_222' title='bbox 395 2617 514 2662; x_wconf 91' lang='lat' dir='ltr'>eos</span> <span class='ocrx_word' id='word_1_223' title='bbox 564 2602 1058 2679; x_wconf 88' lang='lat' dir='ltr'>subsequantur</span> <span class='ocrx_word' id='word_1_224' title='bbox 1091 2619 1211 2679; x_wconf 91' lang='lat' dir='ltr'>per</span> <span class='ocrx_word' id='word_1_225' title='bbox 1260 2603 1840 2664; x_wconf 82' lang='lat' dir='ltr'>mortificationem</span> <span class='ocrx_word' id='word_1_226' title='bbox 1889 2605 2281 2679; x_wconf 87' lang='lat' dir='ltr'>temporalis</span> <span class='ocrx_word' id='word_1_227' title='bbox 2315 2604 2577 2664; x_wconf 79' lang='lat' dir='ltr'>mundi?</span> <span class='ocrx_word' id='word_1_228' title='bbox 2612 2604 2903 2679; x_wconf 81' lang='lat' dir='ltr'>Angelus</span> <span class='ocrx_word' id='word_1_229' title='bbox 2935 2604 3111 2662; x_wconf 92' lang='lat' dir='ltr'>enim</span> <span class='ocrx_word' id='word_1_230' title='bbox 3147 2602 3480 2671; x_wconf 85' lang='lat' dir='ltr'>nuntiavit</span> 
     </span>
     <span class='ocr_line' id='line_1_22' title="bbox 404 2706 3485 2784; baseline 0 -19"><span class='ocrx_word' id='word_1_231' title='bbox 404 2706 691 2765; x_wconf 91' lang='lat' dir='ltr'>salutem</span> <span class='ocrx_word' id='word_1_232' title='bbox 740 2707 921 2766; x_wconf 89' lang='lat' dir='ltr'>omni</span> <span class='ocrx_word' id='word_1_233' title='bbox 967 2708 1233 2784; x_wconf 86' lang='lat' dir='ltr'>populo.</span> <span class='ocrx_word' id='word_1_234' title='bbox 1285 2707 1408 2767; x_wconf 90' lang='lat' dir='ltr'>Sed</span> <span class='ocrx_word' id='word_1_235' title='bbox 1443 2714 1511 2768; x_wconf 91' lang='lat' dir='ltr'>et</span> <span class='ocrx_word' id='word_1_236' title='bbox 1546 2708 1611 2768; x_wconf 90' lang='lat' dir='ltr'>in</span> <span class='ocrx_word' id='word_1_237' title='bbox 1658 2708 1994 2769; x_wconf 85' lang='lat' dir='ltr'>Abraham</span> <span class='ocrx_word' id='word_1_238' title='bbox 2043 2710 2109 2769; x_wconf 90' lang='lat' dir='ltr'>et</span> <span class='ocrx_word' id='word_1_239' title='bbox 2138 2709 2342 2769; x_wconf 87' lang='lat' dir='ltr'>Jacob</span> <span class='ocrx_word' id='word_1_240' title='bbox 2389 2714 2456 2767; x_wconf 91' lang='lat' dir='ltr'>et</span> <span class='ocrx_word' id='word_1_241' title='bbox 2491 2708 2556 2767; x_wconf 86' lang='lat' dir='ltr'>in</span> <span class='ocrx_word' id='word_1_242' title='bbox 2603 2708 2793 2783; x_wconf 84' lang='lat' dir='ltr'>virga</span> <span class='ocrx_word' id='word_1_243' title='bbox 2844 2709 3064 2767; x_wconf 87' lang='lat' dir='ltr'>Aaron</span> <span class='ocrx_word' id='word_1_244' title='bbox 3114 2706 3328 2783; x_wconf 81' lang='lat' dir='ltr'>angeli</span> <span class='ocrx_word' id='word_1_245' title='bbox 3381 2723 3485 2766; x_wconf 89' lang='lat' dir='ltr'>sa-</span> 
     </span>
     <span class='ocr_line' id='line_1_23' title="bbox 396 2812 3485 2890; baseline -0.001 -19"><span class='ocrx_word' id='word_1_246' title='bbox 396 2813 601 2872; x_wconf 90' lang='lat' dir='ltr'>lutem</span> <span class='ocrx_word' id='word_1_247' title='bbox 637 2814 864 2889; x_wconf 90' lang='lat' dir='ltr'>populi</span> <span class='ocrx_word' id='word_1_248' title='bbox 914 2812 1574 2890; x_wconf 86' lang='lat' dir='ltr'>praenuntiaverunt.</span> <span class='ocrx_word' id='word_1_249' title='bbox 1611 2814 1828 2885; x_wconf 85' lang='lat' dir='ltr'>Quare</span> <span class='ocrx_word' id='word_1_250' title='bbox 1861 2829 2021 2889; x_wconf 82' lang='lat' dir='ltr'>ergo</span> <span class='ocrx_word' id='word_1_251' title='bbox 2072 2830 2207 2883; x_wconf 86' lang='lat' dir='ltr'>non</span> <span class='ocrx_word' id='word_1_252' title='bbox 2236 2815 2533 2889; x_wconf 78' lang='lat' dir='ltr'>possent,</span> <span class='ocrx_word' id='word_1_253' title='bbox 2585 2829 2707 2873; x_wconf 90' lang='lat' dir='ltr'>nec</span> <span class='ocrx_word' id='word_1_254' title='bbox 2739 2812 3061 2873; x_wconf 88' lang='lat' dir='ltr'>deberent</span> <span class='ocrx_word' id='word_1_255' title='bbox 3105 2812 3485 2871; x_wconf 91' lang='lat' dir='ltr'>imitatores</span> 
     </span>
     <span class='ocr_line' id='line_1_24' title="bbox 397 2916 3483 2994; baseline -0.001 -20"><span class='ocrx_word' id='word_1_256' title='bbox 397 2916 784 2991; x_wconf 82' lang='lat' dir='ltr'>angelorum</span> <span class='ocrx_word' id='word_1_257' title='bbox 834 2923 903 2976; x_wconf 93' lang='lat' dir='ltr'>et</span> <span class='ocrx_word' id='word_1_258' title='bbox 951 2916 1216 2977; x_wconf 91' lang='lat' dir='ltr'>tunicae</span> <span class='ocrx_word' id='word_1_259' title='bbox 1263 2932 1450 2976; x_wconf 91' lang='lat' dir='ltr'>meae</span> <span class='ocrx_word' id='word_1_260' title='bbox 1499 2918 1850 2991; x_wconf 89' lang='lat' dir='ltr'>providere</span> <span class='ocrx_word' id='word_1_261' title='bbox 1899 2918 2185 2976; x_wconf 86' lang='lat' dir='ltr'>salutem</span> <span class='ocrx_word' id='word_1_262' title='bbox 2236 2917 2486 2993; x_wconf 90' lang='lat' dir='ltr'>populi,</span> <span class='ocrx_word' id='word_1_263' title='bbox 2539 2923 2813 2994; x_wconf 90' lang='lat' dir='ltr'>propter</span> <span class='ocrx_word' id='word_1_264' title='bbox 2861 2916 3221 2975; x_wconf 91' lang='lat' dir='ltr'>instantem</span> <span class='ocrx_word' id='word_1_265' title='bbox 3257 2929 3483 2973; x_wconf 87' lang='lat' dir='ltr'>neces·</span> 
     </span>
     <span class='ocr_line' id='line_1_25' title="bbox 396 3018 3482 3097; baseline -0.001 -17"><span class='ocrx_word' id='word_1_266' title='bbox 396 3020 666 3080; x_wconf 88' lang='lat' dir='ltr'>sitatem</span> <span class='ocrx_word' id='word_1_267' title='bbox 718 3021 783 3081; x_wconf 92' lang='lat' dir='ltr'>in</span> <span class='ocrx_word' id='word_1_268' title='bbox 840 3021 1240 3082; x_wconf 86' lang='lat' dir='ltr'>necessitate</span> <span class='ocrx_word' id='word_1_269' title='bbox 1288 3020 1697 3097; x_wconf 71' lang='lat' dir='ltr'>positorum?</span> <span class='ocrx_word' id='word_1_270' title='bbox 1743 3021 1873 3082; x_wconf 89' lang='lat' dir='ltr'>Vos</span> <span class='ocrx_word' id='word_1_271' title='bbox 1930 3025 2155 3083; x_wconf 89' lang='lat' dir='ltr'>autem</span> <span class='ocrx_word' id='word_1_272' title='bbox 2206 3022 2271 3081; x_wconf 91' lang='lat' dir='ltr'>in</span> <span class='ocrx_word' id='word_1_273' title='bbox 2306 3021 2547 3081; x_wconf 88' lang='lat' dir='ltr'>militia</span> <span class='ocrx_word' id='word_1_274' title='bbox 2596 3019 2978 3080; x_wconf 90' lang='lat' dir='ltr'>sanctitatis</span> <span class='ocrx_word' id='word_1_275' title='bbox 3021 3023 3262 3093; x_wconf 89' lang='lat' dir='ltr'>estote,</span> <span class='ocrx_word' id='word_1_276' title='bbox 3315 3018 3482 3079; x_wconf 86' lang='lat' dir='ltr'>etin</span> 
     </span>
     <span class='ocr_line' id='line_1_26' title="bbox 397 3122 3483 3204; baseline -0.001 -18"><span class='ocrx_word' id='word_1_277' title='bbox 397 3126 731 3186; x_wconf 89' lang='lat' dir='ltr'>cubilibus</span> <span class='ocrx_word' id='word_1_278' title='bbox 783 3127 1028 3186; x_wconf 89' lang='lat' dir='ltr'>vestris</span> <span class='ocrx_word' id='word_1_279' title='bbox 1087 3126 1631 3201; x_wconf 82' lang='lat' dir='ltr'>compungimini,</span> <span class='ocrx_word' id='word_1_280' title='bbox 1682 3122 1729 3204; x_wconf 82' lang='lat'>⁴)</span> <span class='ocrx_word' id='word_1_281' title='bbox 1784 3127 1876 3186; x_wconf 88' lang='lat' dir='ltr'>ita</span> <span class='ocrx_word' id='word_1_282' title='bbox 1922 3129 1996 3186; x_wconf 89' lang='lat' dir='ltr'>ut</span> <span class='ocrx_word' id='word_1_283' title='bbox 2046 3125 2388 3185; x_wconf 88' lang='lat' dir='ltr'>humilitas</span> <span class='ocrx_word' id='word_1_284' title='bbox 2448 3126 2510 3184; x_wconf 89' lang='lat' dir='ltr'>in</span> <span class='ocrx_word' id='word_1_285' title='bbox 2561 3125 2753 3185; x_wconf 87' lang='lat' dir='ltr'>vobis</span> <span class='ocrx_word' id='word_1_286' title='bbox 2805 3125 3046 3184; x_wconf 90' lang='lat' dir='ltr'>turrim</span> <span class='ocrx_word' id='word_1_287' title='bbox 3096 3140 3247 3183; x_wconf 91' lang='lat' dir='ltr'>eum</span> <span class='ocrx_word' id='word_1_288' title='bbox 3308 3123 3483 3184; x_wconf 87' lang='lat' dir='ltr'>fene·-</span> 
     </span>
     <span class='ocr_line' id='line_1_27' title="bbox 400 3227 3485 3304; baseline -0.002 -13"><span class='ocrx_word' id='word_1_289' title='bbox 400 3231 562 3292; x_wconf 88' lang='lat' dir='ltr'>stris</span> <span class='ocrx_word' id='word_1_290' title='bbox 609 3229 938 3288; x_wconf 85' lang='lat' dir='ltr'>virtutum</span> <span class='ocrx_word' id='word_1_291' title='bbox 995 3229 1320 3288; x_wconf 89' lang='lat' dir='ltr'>bonorum</span> <span class='ocrx_word' id='word_1_292' title='bbox 1368 3244 1650 3304; x_wconf 85' lang='lat' dir='ltr'>operum</span> <span class='ocrx_word' id='word_1_293' title='bbox 1698 3238 1766 3289; x_wconf 87' lang='lat' dir='ltr'>et</span> <span class='ocrx_word' id='word_1_294' title='bbox 1811 3245 1963 3289; x_wconf 92' lang='lat' dir='ltr'>cum</span> <span class='ocrx_word' id='word_1_295' title='bbox 2013 3230 2322 3288; x_wconf 89' lang='lat' dir='ltr'>cavernis</span> <span class='ocrx_word' id='word_1_296' title='bbox 2371 3234 2642 3288; x_wconf 87' lang='lat' dir='ltr'>sanctae</span> <span class='ocrx_word' id='word_1_297' title='bbox 2695 3228 3083 3303; x_wconf 88' lang='lat' dir='ltr'>medicinae,</span> <span class='ocrx_word' id='word_1_298' title='bbox 3123 3227 3485 3302; x_wconf 85' lang='lat' dir='ltr'>unicuique</span> 
     </span>
     <span class='ocr_line' id='line_1_28' title="bbox 405 3331 3489 3406; baseline -0.002 -11"><span class='ocrx_word' id='word_1_299' title='bbox 405 3333 770 3395; x_wconf 89' lang='lat' dir='ltr'>secundum</span> <span class='ocrx_word' id='word_1_300' title='bbox 805 3349 1190 3392; x_wconf 89' lang='lat' dir='ltr'>mensuram</span> <span class='ocrx_word' id='word_1_301' title='bbox 1239 3348 1433 3393; x_wconf 90' lang='lat' dir='ltr'>suam</span> <span class='ocrx_word' id='word_1_302' title='bbox 1471 3332 1795 3394; x_wconf 87' lang='lat' dir='ltr'>aedificet.</span> <span class='ocrx_word' id='word_1_303' title='bbox 1830 3333 2158 3398; x_wconf 89' lang='lat' dir='ltr'>Interiora</span> <span class='ocrx_word' id='word_1_304' title='bbox 2192 3333 2395 3395; x_wconf 89' lang='lat' dir='ltr'>etiam</span> <span class='ocrx_word' id='word_1_305' title='bbox 2431 3333 2695 3392; x_wconf 92' lang='lat' dir='ltr'>occulta</span> <span class='ocrx_word' id='word_1_306' title='bbox 2728 3336 2955 3403; x_wconf 80' lang='lat' dir='ltr'>vestra</span> <span class='ocrx_word' id='word_1_307' title='bbox 2989 3331 3279 3406; x_wconf 79' lang='lat' dir='ltr'>videant,</span> <span class='ocrx_word' id='word_1_308' title='bbox 3318 3347 3489 3406; x_wconf 85' lang='lat' dir='ltr'>quae</span> 
     </span>
     <span class='ocr_line' id='line_1_29' title="bbox 402 3435 3484 3516; baseline -0.001 -19"><span class='ocrx_word' id='word_1_309' title='bbox 402 3452 602 3513; x_wconf 90' lang='lat' dir='ltr'>opera</span> <span class='ocrx_word' id='word_1_310' title='bbox 640 3437 703 3497; x_wconf 91' lang='lat' dir='ltr'>in</span> <span class='ocrx_word' id='word_1_311' title='bbox 752 3437 944 3496; x_wconf 89' lang='lat' dir='ltr'>vobis</span> <span class='ocrx_word' id='word_1_312' title='bbox 981 3440 1153 3496; x_wconf 89' lang='lat' dir='ltr'>sunt.</span> <span class='ocrx_word' id='word_1_313' title='bbox 1204 3436 1557 3506; x_wconf 86' lang='lat' dir='ltr'>Providete</span> <span class='ocrx_word' id='word_1_314' title='bbox 1591 3453 1750 3513; x_wconf 83' lang='lat' dir='ltr'>ergo</span> <span class='ocrx_word' id='word_1_315' title='bbox 1789 3438 2104 3512; x_wconf 84' lang='lat' dir='ltr'>sollicite,</span> <span class='ocrx_word' id='word_1_316' title='bbox 2142 3443 2214 3496; x_wconf 90' lang='lat' dir='ltr'>ut</span> <span class='ocrx_word' id='word_1_317' title='bbox 2249 3437 2573 3495; x_wconf 88' lang='lat' dir='ltr'>sanctitas</span> <span class='ocrx_word' id='word_1_318' title='bbox 2625 3437 2692 3508; x_wconf 85' lang='lat' dir='ltr'>in</span> <span class='ocrx_word' id='word_1_319' title='bbox 2725 3435 2925 3501; x_wconf 84' lang='lat' dir='ltr'>vobis</span> <span class='ocrx_word' id='word_1_320' title='bbox 2966 3452 3205 3504; x_wconf 87' lang='lat' dir='ltr'>aurum</span> <span class='ocrx_word' id='word_1_321' title='bbox 3252 3437 3364 3510; x_wconf 88' lang='lat' dir='ltr'>sit,</span> <span class='ocrx_word' id='word_1_322' title='bbox 3416 3442 3484 3516; x_wconf 88' lang='lat' dir='ltr'>et</span> 
     </span>
     <span class='ocr_line' id='line_1_30' title="bbox 404 3539 3494 3617; baseline -0.001 -17"><span class='ocrx_word' id='word_1_323' title='bbox 404 3557 535 3600; x_wconf 91' lang='lat' dir='ltr'>non</span> <span class='ocrx_word' id='word_1_324' title='bbox 577 3541 944 3616; x_wconf 89' lang='lat' dir='ltr'>plumbum,</span> <span class='ocrx_word' id='word_1_325' title='bbox 997 3541 1154 3617; x_wconf 89' lang='lat' dir='ltr'>quia</span> <span class='ocrx_word' id='word_1_326' title='bbox 1185 3540 1388 3601; x_wconf 90' lang='lat' dir='ltr'>Jacob</span> <span class='ocrx_word' id='word_1_327' title='bbox 1422 3547 1686 3602; x_wconf 86' lang='lat' dir='ltr'>erectus</span> <span class='ocrx_word' id='word_1_328' title='bbox 1735 3546 1838 3602; x_wconf 90' lang='lat' dir='ltr'>est</span> <span class='ocrx_word' id='word_1_329' title='bbox 1873 3542 1938 3600; x_wconf 92' lang='lat' dir='ltr'>in</span> <span class='ocrx_word' id='word_1_330' title='bbox 1971 3541 2261 3601; x_wconf 89' lang='lat' dir='ltr'>culmine</span> <span class='ocrx_word' id='word_1_331' title='bbox 2314 3540 2679 3615; x_wconf 79' lang='lat' dir='ltr'>felicitatiS,</span> <span class='ocrx_word' id='word_1_332' title='bbox 2730 3540 2904 3611; x_wconf 73' lang='lat' dir='ltr'>Esau</span> <span class='ocrx_word' id='word_1_333' title='bbox 2937 3545 3163 3600; x_wconf 82' lang='lat' dir='ltr'>aulem</span> <span class='ocrx_word' id='word_1_334' title='bbox 3209 3539 3494 3599; x_wconf 90' lang='lat' dir='ltr'>constri-</span> 
     </span>
     <span class='ocr_line' id='line_1_31' title="bbox 403 3642 3487 3720; baseline -0.001 -17"><span class='ocrx_word' id='word_1_335' title='bbox 403 3649 553 3703; x_wconf 88' lang='lat' dir='ltr'>ctus</span> <span class='ocrx_word' id='word_1_336' title='bbox 589 3645 656 3703; x_wconf 90' lang='lat' dir='ltr'>in</span> <span class='ocrx_word' id='word_1_337' title='bbox 697 3644 979 3705; x_wconf 91' lang='lat' dir='ltr'>decessu</span> <span class='ocrx_word' id='word_1_338' title='bbox 1014 3646 1346 3706; x_wconf 70' lang='lat' dir='ltr'>elationis</span> <span class='ocrx_word' id='word_1_339' title='bbox 1400 3645 1505 3706; x_wconf 92' lang='lat' dir='ltr'>Sic</span> <span class='ocrx_word' id='word_1_340' title='bbox 1540 3653 1840 3707; x_wconf 89' lang='lat' dir='ltr'>moretur</span> <span class='ocrx_word' id='word_1_341' title='bbox 1888 3662 2076 3706; x_wconf 91' lang='lat' dir='ltr'>mens</span> <span class='ocrx_word' id='word_1_342' title='bbox 2125 3650 2354 3705; x_wconf 87' lang='lat' dir='ltr'>vestra</span> <span class='ocrx_word' id='word_1_343' title='bbox 2407 3644 2470 3703; x_wconf 90' lang='lat' dir='ltr'>in</span> <span class='ocrx_word' id='word_1_344' title='bbox 2503 3643 2762 3706; x_wconf 91' lang='lat' dir='ltr'>duabus</span> <span class='ocrx_word' id='word_1_345' title='bbox 2797 3644 3105 3720; x_wconf 89' lang='lat' dir='ltr'>partibus</span> <span class='ocrx_word' id='word_1_346' title='bbox 3155 3642 3487 3718; x_wconf 86' lang='lat' dir='ltr'>spiritalis</span> 
     </span>
     <span class='ocr_line' id='line_1_32' title="bbox 404 3747 3285 3825; baseline 0 -18"><span class='ocrx_word' id='word_1_347' title='bbox 404 3748 604 3808; x_wconf 91' lang='lat' dir='ltr'>vitae.</span> <span class='ocrx_word' id='word_1_348' title='bbox 640 3749 823 3809; x_wconf 90' lang='lat' dir='ltr'>Nunc</span> <span class='ocrx_word' id='word_1_349' title='bbox 856 3750 1328 3825; x_wconf 91' lang='lat' dir='ltr'>convalescite,</span> <span class='ocrx_word' id='word_1_350' title='bbox 1365 3756 1432 3811; x_wconf 93' lang='lat' dir='ltr'>et</span> <span class='ocrx_word' id='word_1_351' title='bbox 1466 3751 1935 3812; x_wconf 85' lang='lat' dir='ltr'>confortamini</span> <span class='ocrx_word' id='word_1_352' title='bbox 1974 3751 2037 3810; x_wconf 90' lang='lat' dir='ltr'>in</span> <span class='ocrx_word' id='word_1_353' title='bbox 2071 3749 2378 3810; x_wconf 86' lang='lat' dir='ltr'>omnibus</span> <span class='ocrx_word' id='word_1_354' title='bbox 2413 3749 2633 3820; x_wconf 78' lang='lat' dir='ltr'>boniS,</span> <span class='ocrx_word' id='word_1_355' title='bbox 2670 3752 2743 3809; x_wconf 91' lang='lat' dir='ltr'>ut</span> <span class='ocrx_word' id='word_1_356' title='bbox 2777 3766 2905 3808; x_wconf 92' lang='lat' dir='ltr'>non</span> <span class='ocrx_word' id='word_1_357' title='bbox 2939 3747 3285 3807; x_wconf 69' lang='lat' dir='ltr'>deficiatis</span> 
     </span>
    </p>
   </div>
   <div class='ocr_carea' id='block_1_3' title="bbox 1897 3960 1994 4019">
    <p class='ocr_par' dir='ltr' id='par_1_4' title="bbox 1897 3960 1994 4019">
     <span class='ocr_line' id='line_1_33' title="bbox 1897 3960 1994 4019; baseline -0.021 0"><span class='ocrx_word' id='word_1_358' title='bbox 1897 3960 1994 4019; x_wconf 90' lang='lat' dir='ltr'>v1.</span> 
     </span>
    </p>
   </div>
   <div class='ocr_carea' id='block_1_4' title="bbox 1365 4162 2632 4244">
    <p class='ocr_par' dir='ltr' id='par_1_5' title="bbox 1365 4162 2632 4244">
     <span class='ocr_line' id='line_1_34' title="bbox 1365 4162 2632 4244; baseline -0.002 -17"><span class='ocrx_word' id='word_1_359' title='bbox 1365 4167 1648 4239; x_wconf 78' lang='lat' dir='ltr'>Quidam</span> <span class='ocrx_word' id='word_1_360' title='bbox 1700 4169 2080 4229; x_wconf 75' lang='lat' dir='ltr'>Sacerdotes</span> <span class='ocrx_word' id='word_1_361' title='bbox 2130 4167 2536 4244; x_wconf 72' lang='lat' dir='ltr'>Hildeyardi.</span> <span class='ocrx_word' id='word_1_362' title='bbox 2586 4162 2632 4242; x_wconf 83' lang='lat'>⁵)</span> 
     </span>
    </p>
   </div>
   <div class='ocr_carea' id='block_1_5' title="bbox 648 4369 3254 4444">
    <p class='ocr_par' dir='ltr' id='par_1_6' title="bbox 648 4369 3254 4444">
     <span class='ocr_line' id='line_1_35' title="bbox 648 4369 3254 4444; baseline 0 -18"><span class='ocrx_word' id='word_1_363' title='bbox 648 4371 725 4426; x_wconf 83' lang='lat' dir='ltr'>Dc</span> <span class='ocrx_word' id='word_1_364' title='bbox 755 4370 896 4427; x_wconf 76' lang='lat' dir='ltr'>Luce</span> <span class='ocrx_word' id='word_1_365' title='bbox 921 4375 1147 4435; x_wconf 71' lang='lat' dir='ltr'>viventi,</span> <span class='ocrx_word' id='word_1_366' title='bbox 1172 4369 1241 4425; x_wconf 89' lang='lat' dir='ltr'>ad</span> <span class='ocrx_word' id='word_1_367' title='bbox 1267 4376 1513 4427; x_wconf 87' lang='lat' dir='ltr'>mentem</span> <span class='ocrx_word' id='word_1_368' title='bbox 1545 4370 1926 4442; x_wconf 79' lang='lat' dir='ltr'>Hildegardis,</span> <span class='ocrx_word' id='word_1_369' title='bbox 1957 4371 2149 4444; x_wconf 86' lang='lat' dir='ltr'>potius</span> <span class='ocrx_word' id='word_1_370' title='bbox 2178 4371 2367 4443; x_wconf 86' lang='lat' dir='ltr'>inepte</span> <span class='ocrx_word' id='word_1_371' title='bbox 2391 4386 2559 4442; x_wconf 82' lang='lat' dir='ltr'>quam</span> <span class='ocrx_word' id='word_1_372' title='bbox 2587 4370 2885 4427; x_wconf 86' lang='lat' dir='ltr'>subtiliter</span> <span class='ocrx_word' id='word_1_373' title='bbox 2910 4371 3254 4444; x_wconf 82' lang='lat' dir='ltr'>disputatur.</span> 
     </span>
    </p>
   </div>
   <div class='ocr_carea' id='block_1_6' title="bbox 1720 4563 2201 4621">
    <p class='ocr_par' dir='ltr' id='par_1_7' title="bbox 1720 4563 2201 4621">
     <span class='ocr_line' id='line_1_36' title="bbox 1720 4563 2201 4621; baseline -0.008 0"><span class='ocrx_word' id='word_1_374' title='bbox 1720 4563 1880 4621; x_wconf 80' lang='lat' dir='ltr'>Circa</span> <span class='ocrx_word' id='word_1_375' title='bbox 1918 4581 1972 4619; x_wconf 86' lang='lat' dir='ltr'>a.</span> <span class='ocrx_word' id='word_1_376' title='bbox 2026 4566 2201 4619; x_wconf 86' lang='grc'><strong><em>1171.</em></strong></span> 
     </span>
    </p>
   </div>
   <div class='ocr_carea' id='block_1_7' title="bbox 410 4762 3495 5047">
    <p class='ocr_par' dir='ltr' id='par_1_8' title="bbox 410 4762 3495 5047">
     <span class='ocr_line' id='line_1_37' title="bbox 499 4762 3491 4839; baseline 0 -16"><span class='ocrx_word' id='word_1_377' title='bbox 499 4762 885 4837; x_wconf 85' lang='lat' dir='ltr'>Hildegardi</span> <span class='ocrx_word' id='word_1_378' title='bbox 923 4764 1284 4838; x_wconf 83' lang='lat' dir='ltr'>magistrae</span> <span class='ocrx_word' id='word_1_379' title='bbox 1317 4764 1398 4823; x_wconf 94' lang='lat' dir='ltr'>de</span> <span class='ocrx_word' id='word_1_380' title='bbox 1441 4771 1673 4825; x_wconf 87' lang='lat' dir='ltr'>sancto</span> <span class='ocrx_word' id='word_1_381' title='bbox 1722 4764 2013 4824; x_wconf 86' lang='lat' dir='ltr'>Roberto</span> <span class='ocrx_word' id='word_1_382' title='bbox 2054 4764 2118 4822; x_wconf 90' lang='lat' dir='ltr'>in</span> <span class='ocrx_word' id='word_1_383' title='bbox 2164 4763 2391 4839; x_wconf 87' lang='lat' dir='ltr'>Pingis</span> <span class='ocrx_word' id='word_1_384' title='bbox 2424 4764 2495 4824; x_wconf 86' lang='grc' dir='ltr'>Ο.</span> <span class='ocrx_word' id='word_1_385' title='bbox 2531 4765 2599 4824; x_wconf 92' lang='grc' dir='ltr'>Ε.</span> <span class='ocrx_word' id='word_1_386' title='bbox 2641 4764 2709 4824; x_wconf 92' lang='lat' dir='ltr'>V.</span> <span class='ocrx_word' id='word_1_387' title='bbox 2763 4772 3173 4839; x_wconf 81' lang='lat' dir='ltr'>peccatoreS,</span> <span class='ocrx_word' id='word_1_388' title='bbox 3227 4765 3491 4825; x_wconf 86' lang='lat' dir='ltr'>nomine</span> 
     </span>
     <span class='ocr_line' id='line_1_38' title="bbox 410 4866 3495 4946; baseline -0.001 -18"><span class='ocrx_word' id='word_1_389' title='bbox 410 4873 734 4942; x_wconf 84' lang='lat' dir='ltr'>tenusque</span> <span class='ocrx_word' id='word_1_390' title='bbox 786 4866 1192 4940; x_wconf 78' lang='lat' dir='ltr'>sacerdoteS,</span> <span class='ocrx_word' id='word_1_391' title='bbox 1243 4875 1309 4927; x_wconf 92' lang='lat' dir='ltr'>et</span> <span class='ocrx_word' id='word_1_392' title='bbox 1362 4875 1498 4929; x_wconf 88' lang='lat' dir='ltr'>tota</span> <span class='ocrx_word' id='word_1_393' title='bbox 1548 4869 1977 4946; x_wconf 81' lang='lat' dir='ltr'>congregatio</span> <span class='ocrx_word' id='word_1_394' title='bbox 2033 4868 2313 4930; x_wconf 87' lang='lat' dir='ltr'>fratrum</span> <span class='ocrx_word' id='word_1_395' title='bbox 2368 4869 2429 4928; x_wconf 90' lang='lat' dir='ltr'>in</span> <span class='ocrx_word' id='word_1_396' title='bbox 2480 4869 2852 4929; x_wconf 82' lang='lat' dir='ltr'>Amerbach</span> <span class='ocrx_word' id='word_1_397' title='bbox 2896 4871 3303 4942; x_wconf 71' lang='lat' dir='ltr'>degentium,</span> <span class='ocrx_word' id='word_1_398' title='bbox 3344 4885 3495 4926; x_wconf 92' lang='lat' dir='ltr'>cum</span> 
     </span>
     <span class='ocr_line' id='line_1_39' title="bbox 415 4970 2325 5047; baseline 0.002 -19"><span class='ocrx_word' id='word_1_399' title='bbox 415 4970 905 5045; x_wconf 80' lang='lat' dir='ltr'>fulgentissima</span> <span class='ocrx_word' id='word_1_400' title='bbox 942 4970 1244 5045; x_wconf 89' lang='lat' dir='ltr'>lampade</span> <span class='ocrx_word' id='word_1_401' title='bbox 1279 4971 1361 5030; x_wconf 89' lang='lat' dir='ltr'>ad</span> <span class='ocrx_word' id='word_1_402' title='bbox 1397 4980 1706 5032; x_wconf 90' lang='lat' dir='ltr'>aeternas</span> <span class='ocrx_word' id='word_1_403' title='bbox 1742 4973 2012 5047; x_wconf 89' lang='lat' dir='ltr'>nuptias</span> <span class='ocrx_word' id='word_1_404' title='bbox 2049 4972 2325 5032; x_wconf 90' lang='lat' dir='ltr'>intrare.</span> 
     </span>
    </p>
   </div>
   <div class='ocr_carea' id='block_1_8' title="bbox 492 5170 3489 5248">
    <p class='ocr_par' dir='ltr' id='par_1_9' title="bbox 492 5170 3489 5248">
     <span class='ocr_line' id='line_1_40' title="bbox 492 5170 3489 5248; baseline 0 -20"><span class='ocrx_word' id='word_1_405' title='bbox 492 5171 532 5240; x_wconf 84' lang='lat'>¹)</span> <span class='ocrx_word' id='word_1_406' title='bbox 556 5173 642 5229; x_wconf 88' lang='lat' dir='ltr'>Ps.</span> <span class='ocrx_word' id='word_1_407' title='bbox 669 5174 745 5236; x_wconf 84' lang='lat' dir='ltr'>u,</span> <span class='ocrx_word' id='word_1_408' title='bbox 776 5177 855 5228; x_wconf 79' lang='grc'>12.</span> <span class='ocrx_word' id='word_1_409' title='bbox 889 5174 1254 5242; x_wconf 78' lang='lat' dir='ltr'>—2)Ps.1v,</span> <span class='ocrx_word' id='word_1_410' title='bbox 1279 5179 1329 5232; x_wconf 81' lang='lat'>5.</span> <span class='ocrx_word' id='word_1_411' title='bbox 1363 5175 1486 5240; x_wconf 56' lang='grc' dir='ltr'>ὡς’)</span> <span class='ocrx_word' id='word_1_412' title='bbox 1515 5179 1616 5248; x_wconf 74' lang='lat' dir='ltr'>qui</span> <span class='ocrx_word' id='word_1_413' title='bbox 1639 5179 1777 5232; x_wconf 71' lang='lat' dir='ltr'>sicut</span> <span class='ocrx_word' id='word_1_414' title='bbox 1818 5174 1906 5229; x_wconf 88' lang='lat' dir='ltr'>W.</span> <span class='ocrx_word' id='word_1_415' title='bbox 1943 5207 2000 5214; x_wconf 79' lang='lat'>—-</span> <span class='ocrx_word' id='word_1_416' title='bbox 2032 5175 2069 5242; x_wconf 78' lang='lat'>⁴)</span> <span class='ocrx_word' id='word_1_417' title='bbox 2102 5176 2187 5232; x_wconf 84' lang='lat' dir='ltr'>Ps.</span> <span class='ocrx_word' id='word_1_418' title='bbox 2225 5174 2320 5234; x_wconf 76' lang='lat' dir='ltr'>lv,</span> <span class='ocrx_word' id='word_1_419' title='bbox 2355 5178 2404 5229; x_wconf 80' lang='lat' dir='ltr'>G.</span> <span class='ocrx_word' id='word_1_420' title='bbox 2433 5204 2497 5213; x_wconf 90' lang='lat'>—</span> <span class='ocrx_word' id='word_1_421' title='bbox 2519 5175 2560 5240; x_wconf 83' lang='lat'>⁵)</span> <span class='ocrx_word' id='word_1_422' title='bbox 2587 5174 2650 5228; x_wconf 89' lang='lat' dir='ltr'>ln</span> <span class='ocrx_word' id='word_1_423' title='bbox 2671 5173 2824 5229; x_wconf 81' lang='lat' dir='ltr'>Catal</span> <span class='ocrx_word' id='word_1_424' title='bbox 2848 5173 3015 5230; x_wconf 88' lang='lat' dir='ltr'>Codd.</span> <span class='ocrx_word' id='word_1_425' title='bbox 3045 5172 3134 5230; x_wconf 85' lang='lat' dir='ltr'>W.</span> <span class='ocrx_word' id='word_1_426' title='bbox 3161 5170 3341 5245; x_wconf 84' lang='lat' dir='ltr'>Epist.</span> <span class='ocrx_word' id='word_1_427' title='bbox 3368 5174 3489 5229; x_wconf 82' lang='lat'><strong>261.</strong></span> 
     </span>
    </p>
   </div>
  </div>
 </body>
</html>
