4036 6117
662 426 792 488 :392
1809 451 1860 493 s.
1915 450 2461 496 HlLDEGARDls

2091 681 2147 738 1‹1
2156 681 2177 738 Ι
2187 727 2199 739 .

1916 890 2026 950 Vel
2074 893 2205 952 alio
2257 889 2461 951 modo.

695 1097 966 1155 Villicus
1014 1095 1388 1173 iniquitatis
1423 1095 1740 1154 sacerdos
1794 1097 2075 1171 intelligi
2125 1104 2371 1173 potest,
2422 1101 2735 1176 quoniam
2785 1101 2846 1159 ei
2895 1106 3170 1178 peccata
3208 1102 3270 1160 in
3318 1100 3681 1160 confessio-

596 1218 747 1261 nem
800 1200 1139 1258 hominum
1186 1200 1736 1273 committuntur,
1789 1203 1861 1259 ut
1908 1217 1988 1259 ea
2030 1209 2365 1276 procuret,
2416 1220 2566 1263 cum
2617 1219 2693 1263 ea
2745 1206 2811 1264 in
2845 1206 3252 1281 poenitentia
3286 1207 3569 1265 remittit
3614 1209 3681 1262 et

597 1304 942 1379 abstergit.
977 1304 1209 1378 Itaque
1259 1302 1558 1362 laudavit
1589 1319 1740 1362 eum
1782 1304 2124 1379 Dominus,
2160 1308 2317 1380 quia
2352 1309 2713 1383 prudenter
2750 1310 3040 1384 secisse-t,
3077 1311 3233 1387 quia
3268 1322 3417 1369 cum
3452 1311 3682 1369 volun-

600 1418 703 1468 tas
754 1410 1043 1469 hominis
1076 1409 1265 1484 prius
1315 1424 1352 1466 a
1386 1407 1559 1465 bono
1594 1425 1666 1466 se
1703 1412 2102 1484 avertisset,
2156 1413 2420 1471 tandem
2460 1415 2522 1472 in
2558 1414 2758 1473 aliam
2794 1416 2968 1474 viam
3014 1416 3093 1474 ad
3129 1417 3375 1474 bonum
3425 1431 3495 1474 se
3530 1430 3684 1489 pru-

596 1517 833 1575 denter
880 1515 1235 1588 convertit,
1288 1516 1617 1589 quatenus
1650 1514 1998 1576 Dominum
2052 1533 2247 1577 suum
2298 1519 2643 1578 inveniret.
2686 1520 2856 1591 Quia
2899 1522 3022 1599 filii
3053 1517 3248 1595 hujus
3292 1521 3566 1588 saeculi,
3616 1518 3682 1577 id

594 1628 699 1681 est
745 1627 1137 1697 peccatores
1196 1620 1259 1678 in
1310 1620 1580 1679 saeculo
1637 1631 2154 1698 conversantes,
2198 1626 2668 1701 prudentiores
2711 1626 2867 1703 filiis
2918 1626 3084 1684 lucis
3140 1629 3211 1685 in
3266 1629 3682 1703 qeneratione

596 1748 716 1787 sua
750 1735 941 1802 sunt,
992 1728 1152 1803 quia
1185 1743 1335 1786 cum
1386 1734 1777 1802 peccatores
1811 1737 2086 1806 peccata
2121 1748 2243 1791 sua
2280 1732 2344 1790 in
2374 1732 2786 1807 poenitentia
2818 1732 3061 1791 deflent
3108 1737 3176 1793 et
3223 1733 3589 1807 dimittunt,
3616 1733 3685 1792 in

597 1831 722 1891 hoc
747 1832 1216 1908 prudentiores
1251 1833 1447 1891 malis
1481 1833 1739 1907 angelis
1774 1834 1887 1909 qui
1925 1835 1990 1894 in
2027 1837 2172 1895 luce
2207 1837 2417 1896 creati
2452 1842 2630 1910 sunt,
2668 1839 2734 1896 et
2768 1837 2882 1912 qui
2916 1838 3092 1896 mala
3127 1837 3508 1897 hominibus
3540 1852 3686 1913 per-

596 1937 899 2010 suadent,
935 1935 1341 2012 efficiuntur,
1369 1953 1522 1997 cum
1571 1943 1710 1997 tota
1758 1941 2072 2015 progenie
2107 1957 2231 2001 sua
2265 1940 2769 2017 poenitentium,
2822 1943 3136 2016 quoniam
3185 1957 3337 2001 cum
3385 1922 3687 2018 peccato-

594 2061 702 2106 res
729 2046 809 2104 de
838 2048 1032 2107 malis
1059 2049 1322 2108 actibus
1356 2048 1832 2124 poenitentiam
1863 2050 2134 2124 faciunt,
2174 2052 2264 2111 ita
2316 2054 2387 2109 ut
2433 2050 2515 2109 de
2562 2049 2971 2125 poenitentia
3020 2067 3142 2109 sua
3190 2051 3473 2125 gloriam
3516 2053 3687 2111 acci-

596 2154 802 2228 piant,
841 2154 997 2212 mali
1033 2154 1251 2229 angeli
1289 2155 1402 2229 qui
1438 2171 1554 2213 eos
1588 2156 2141 2229 persuasionibus
2177 2155 2318 2215 suis
2354 2154 2435 2213 ad
2469 2155 2805 2229 nequitias
2841 2155 2992 2214 illas
3025 2156 3499 2233 perduxerunt,
3536 2169 3688 2219 con-

600 2261 927 2321 fusionem
981 2261 1130 2320 inde
1179 2268 1428 2337 tenent,
1464 2262 1622 2338 quia
1660 2263 1786 2338 ipsi
1837 2264 2089 2331 nullam
2125 2264 2599 2338 poenitentiam
2651 2262 2733 2322 de
2784 2263 2973 2322 ruina
3023 2280 3146 2323 sua
3194 2263 3441 2325 habere
3488 2281 3688 2341 quae-

598 2372 772 2426 runt.
823 2366 902 2425 Et
949 2381 1073 2440 ego
1108 2368 1224 2442 qui
1271 2369 1739 2444 peccatoribus
1774 2368 2241 2429 remissionem
2289 2375 2714 2445 peccatorum
2754 2386 3029 2429 suorum
3083 2370 3275 2445 facio,
3311 2372 3506 2431 vobis
3537 2388 3688 2448 poe-

596 2471 966 2531 nitentibus
1001 2472 1169 2532 dicO.
1209 2473 1433 2534 Facite
1467 2473 1637 2533 vobis
1671 2476 1934 2548 amicos,
1984 2475 2047 2534 id
2082 2482 2187 2534 est
2218 2475 2507 2534 virtutes
2540 2474 2619 2533 de
2654 2493 3048 2550 mammona,
3086 2475 3396 2534 videlicet
3431 2476 3513 2534 de
3544 2476 3688 2551 pul-

599 2576 919 2635 lulatione
966 2579 1366 2653 iniquitatiS,
1404 2579 1469 2638 id
1517 2585 1621 2639 est
1653 2579 1997 2650 vitiorum,
2038 2580 2131 2638 ita
2164 2584 2238 2639 ut
2270 2578 2559 2638 virtutes
2596 2580 2659 2637 in
2704 2580 3112 2655 poenitentia
3148 2580 3338 2639 vobis
3372 2580 3691 2655 adjunga-

600 2681 712 2754 tis,
751 2696 828 2739 ac
877 2681 1218 2742 ardentem
1255 2684 1870 2759 concupiscentiam
1900 2683 2222 2742 vitiorum
2255 2683 2635 2756 dimittatiS‚
2672 2691 2742 2742 ut
2781 2703 2930 2743 cum
2964 2685 3342 2761 defeceritis
3379 2685 3443 2742 in
3478 2685 3684 2760 vitiiS‚

605 2787 696 2845 ita
732 2792 804 2846 ut
852 2787 1142 2862 amplius
1175 2803 1455 2863 peccare
1489 2804 1618 2847 non
1651 2788 1902 2857 velitis,
1940 2788 2267 2861 recipiant
2303 2804 2422 2847 vos
2459 2789 2873 2861 poenitentes
2908 2791 2974 2847 et
3010 2789 3365 2847 renovatos
3419 2788 3483 2846 in
3518 2787 3688 2848 bono

602 2895 674 2950 in
724 2898 999 2951 aeterna
1047 2891 1504 2966 tabernacula,
1557 2892 1641 2952 ad
1687 2908 1936 2967 pascua
1987 2892 2187 2966 vitae,
2230 2892 2341 2951 ubi
2389 2893 2613 2952 nullus
2646 2893 2952 2953 defectus
2999 2899 3105 2953 est
3136 2891 3575 2968 protectionis
3622 2902 3690 2955 et

604 2999 1037 3074 plenitudinis
1072 3006 1496 3061 aeternorum
1531 2999 1949 3076 gaudiorum.

1911 3217 2401 3326 XXVII.

1469 3457 1542 3514 In
1595 3458 1938 3515 Dominica
1983 3464 2223 3532 quarta
2275 3456 2843 3530 Quadrayesimae.

2118 3666 2163 3725 1.

688 3883 858 3944 Abiit
890 3884 1080 3944 Jesus
1114 3890 1300 3942 trans
1325 3901 1507 3942 mare
1538 3875 1956 3958 Galilaeae,¹)
1996 3881 2059 3939 id
2088 3887 2213 3955 est,
2246 3881 2310 3940 in
2342 3882 2656 3957 passione
2681 3897 2802 3941 sua
2832 3898 2952 3958 per
2982 3880 3356 3958 angustiam
3385 3886 3451 3940 et
3478 3880 3689 3940 tribu-

599 3994 913 4052 lationem
952 3991 1177 4052 mundi
1215 3991 1434 4065 istiuS,
1471 3991 1642 4069 quod
1676 3996 1770 4049 est
1813 3988 2198 4060 Tiberiadis,
2236 3990 2498 4050 scilicet
2538 3990 2763 4066 justae
2795 3997 2863 4049 et
2913 4005 3214 4049 summae
3260 3991 3551 4066 regionis
3601 3989 3686 4048 ad

595 4112 796 4170 quam
830 4111 1024 4154 omne
1071 4110 1282 4170 genus
1332 4093 1695 4154 humanum
1745 4093 2125 4167 inclinatur,
2177 4098 2244 4152 et
2277 4094 2359 4152 ad
2408 4110 2609 4169 quam
2645 4109 2717 4152 se
2767 4094 3102 4167 tendebat,
3131 4110 3279 4153 cum
3325 4109 3365 4153 a
3400 4094 3685 4154 mortuis

594 4199 1098 4259 resurrexisset.
1154 4199 1233 4258 Et
1283 4198 1677 4277 sequebatur
1710 4216 1883 4270 eum,
1923 4197 2184 4256 scilicet
2215 4197 2503 4272 vestigia
2539 4198 2775 4273 ipsiuS,
2811 4201 3109 4258 mamima
3147 4198 3510 4259 multitudo
3542 4213 3687 4257 cre-

591 4303 915 4373 dentium,
952 4306 1197 4379 quibus
1246 4310 1391 4363 erat
1438 4319 1554 4362 cor
1602 4318 1803 4361 unum
1854 4308 1922 4361 et
1969 4303 2191 4362 anima
2233 4317 2401 4376 una,
2452 4305 2609 4378 quia
2654 4302 2958 4362 videbant
3006 4310 3074 4363 et
3123 4304 3188 4362 in
3236 4302 3363 4363 fide
3406 4318 3483 4362 ac
3528 4302 3685 4362 visu

592 4409 938 4468 oculorum
989 4412 1212 4486 siqua,
1264 4410 1377 4468 ubi
1425 4407 1714 4485 Spiritus
1763 4408 2047 4467 Sanctus
2097 4407 2161 4466 in
2209 4408 2423 4482 igneis
2472 4407 2720 4483 linguis
2771 4423 2973 4483 super
3019 4408 3364 4468 credentes
3413 4407 3686 4466 descen-

589 4513 709 4585 dit,
746 4519 813 4571 et
862 4514 993 4573 alia
1029 4514 1236 4574 multa
1284 4515 1632 4587 miracula,
1668 4532 1835 4590 quae
1873 4511 2183 4572 Christus
2215 4513 2494 4592 faciebat
2543 4529 2663 4588 per
2695 4513 3065 4588 discipulos
3100 4530 3260 4574 suos
3293 4519 3362 4573 et
3410 4513 3579 4572 alios
3611 4511 3686 4570 fi-

589 4619 804 4693 deleS‚
843 4639 1042 4696 super
1075 4623 1173 4680 his
1208 4623 1321 4696 qui
1369 4618 1901 4698 infirmabantur,
1954 4619 2070 4677 ubi
2104 4619 2393 4695 desuper
2423 4619 2708 4694 gratiam
2746 4633 2936 4677 suam
2981 4619 3164 4678 misit
3198 4617 3278 4677 ad
3324 4618 3513 4693 istOS,
3564 4616 3683 4692 qui

587 4726 773 4800 prius
812 4725 1053 4784 infirmi
1090 4725 1152 4784 in
1189 4725 1313 4783 fide
1347 4731 1559 4800 erant,
1600 4726 1694 4784 ita
1719 4725 1893 4802 quod
1927 4732 2165 4799 postea
2198 4726 2263 4784 in
2299 4725 2628 4800 baptismo
2665 4725 2881 4784 sanati
2916 4728 3090 4786 sunt.

679 4830 887 4890 Subiit
923 4849 1093 4905 erqo,
1149 4831 1210 4889 id
1261 4838 1366 4889 est
1409 4831 1650 4890 blande
1702 4830 1978 4890 intravit
2026 4845 2177 4889 cum
2227 4829 2556 4902 legalibus
2604 4829 2984 4903 praeceptis
3031 4835 3098 4888 et
3145 4828 3338 4888 novis
3388 4829 3684 4888 testimo-

662 5001 704 5067 ¹)
731 5002 891 5056 Joan.
922 5000 996 5063 V,
1041 5007 1065 5056 1
1089 5034 1110 5041 -
1137 5004 1219 5057 1⁴.
1252 5000 1367 5057 Hic
1409 5001 1630 5056 tandem
1658 5002 1836 5056 multa
1874 4999 2089 5070 recepit
2180 4997 2613 5068 insignioribus,
2662 5015 2762 5055 nec
2789 4999 2991 5055 leviter
3016 4979 3247 5056 recessit
3273 5000 3344 5054 ab
3388 4996 3675 5068 allegoriis

587 5086 949 5154 Hildegardis
979 5103 1044 5141 ex
1074 5086 1401 5157 purioribus
1431 5085 1686 5140 fontibus
1723 5091 1780 5141 et
1820 5085 2096 5160 Patribus*
2177 5101 2316 5155 quas
2346 5085 2646 5142 ventilavit
2674 5102 2836 5158 supra
2866 5103 2917 5158 p.
2952 5090 3076 5148 302,
3106 5090 3225 5140 303.
