4036 6117
1523 508 1764 561 menn
1822 507 2145 557 servus.
2465 496 2471 501 “
3193 486 3326 548 515

691 635 950 711 eJusdem
980 635 1096 692 tab.

694 724 850 782 velut
874 735 1006 781 cum
1033 719 1244 791 aliquis

689 811 953 884 princeps
978 808 1232 881 ejusdem
1257 807 1547 864 exercitus

689 898 940 955 hominis
963 897 1043 954 sit
1073 896 1287 967 profert

591 988 650 1044 C.
696 988 864 1043 homo
893 990 1156 1042 nascatur

683 1072 824 1144 quid
852 1078 938 1129 est
965 1070 1102 1126 hoc?

690 1159 861 1228 viget.
893 1156 1042 1225 Quid
1070 1160 1155 1212 est
1181 1154 1320 1210 hoc?

583 1246 645 1303 D.
689 1253 915 1302 sensnm
941 1241 1193 1312 exspirat

688 1337 842 1388 tactu
870 1329 1150 1399 glorificat

689 1417 861 1473 rebus
890 1415 956 1472 fit

452 1507 558 1558 ⁴28
582 1503 650 1560 A.
690 1501 831 1574 quid
857 1506 942 1558 est
969 1502 1104 1559 boc?
1205 1517 1208 1518 ⁷

687 1596 746 1648 et
773 1596 837 1646 ut
867 1590 924 1645 in
951 1606 1017 1646 eo
1047 1589 1342 1646 thessurus
1368 1589 1547 1645 scitur

583 1675 643 1733 B.
691 1675 768 1732 ita
797 1675 1107 1748 pertransit
1129 1677 1245 1733 οοά.
1274 1674 1375 1746 fol.
1406 1677 1505 1730 25.

689 1760 828 1832 quid
857 1766 943 1816 est
969 1761 1106 1816 hoc?

689 1845 774 1905 sic
806 1846 972 1905 flores
994 1844 1258 1917 producit

689 1940 812 2008 post
850 1932 987 1988 facit
1029 1950 1133 1988 om.
1180 1930 1264 1989 sic
1300 1935 1358 1988 et
1403 1946 1502 2001 per
1542 1927 1790 1984 animam

762 2033 967 2092 corpus

688 2106 914 2164 fructus
940 2105 1036 2162 iiie
1062 2104 1133 2160 sd

685 2193 825 2265 quid
851 2198 938 2254 est
962 2193 1101 2252 hoe?

586 2281 648 2338 B.
693 2279 1030 2341 illustrabit.
1058 2275 1371 2349 exspiratio

689 2365 873 2437 ipsum
903 2363 1167 2432 irrigabit

689 2451 938 2508 fructum
966 2450 1137 2505 ducet

578 2537 638 2594 C.
680 2537 841 2609 quasi
875 2535 1097 2593 fructus
1121 2535 1247 2606 ejus

688 2625 856 2683 homo
880 2639 1025 2696 quae
1051 2625 1190 2680 haee
1217 2621 1397 2686 vides.
1426 2623 1744 2680 consideras

687 2708 874 2767 carnis
912 2709 1247 2766 multotiens
1318 2710 1322 2714 “

579 2795 648 2851 D.
687 2795 827 2852 haec
857 2793 1041 2853 fidelis
1068 2795 1317 2867 praefate
1344 2795 1534 2852 enims

686 2883 779 2942 scd
809 2898 923 2940 non
954 2883 1144 2939 velent

686 2970 1011 3040 pertrahere
1038 2973 1319 3024 conantur

687 3054 744 3111 id
768 3062 854 3113 est
878 3053 1147 3126 quoniam
1177 3071 1418 3127 superna

446 3144 554 3196 ⁴29
578 3140 644 3197 A.
685 3141 834 3211 quod
866 3158 995 3198 vero
1024 3147 1086 3196 ut
1116 3141 1273 3199 vides

686 3227 937 3299 ejusdem
968 3228 1150 3285 habit.

581 3311 643 3371 Β.
687 3329 872 3371 veram
898 3313 1336 3386 dispositionem
1361 3314 1463 3370 Dei

683 3419 746 3461 se
771 3406 1031 3460 exsoivat

687 3505 919 3561 corpore
944 3491 1252 3547 attendunt

579 3573 641 3632 C.
684 3578 876 3633 oculos
901 3582 959 3633 et
983 3592 1148 3634 sures

685 3664 859 3719 uuam
891 3678 1107 3732 rugam.
1133 3679 1264 3721 cum
1289 3663 1465 3721 etism

686 3750 785 3806 ubi
813 3750 1021 3807 Filium
1049 3765 1214 3807 suum

688 3836 839 3891 nuile
860 3835 1184 3903 indignatio

690 3920 749 3976 in
775 3921 1122 3991 speculativa
1150 3921 1391 3978 seientia

580 4008 644 4065 D.
689 4006 835 4062 unde
860 4012 919 4064 et
941 4006 1083 4063 iilud
1117 4007 1176 4063 in
1205 4014 1387 4066 morte

686 4092 897 4152 mnium
913 4094 1298 4161 neglexerunt

680 4179 1043 4238 obedientiae
1084 4178 1402 4250 deputavit.
1448 4182 1542 4238 sed
1587 4182 1792 4240 deinde

752 4266 821 4322 ed
851 4268 1059 4323 maium
1083 4281 1141 4321 se
1165 4268 1473 4325 inclinavit
1497 4274 1555 4325 et
1575 4269 1633 4326 in
1659 4270 1789 4325 obe—

757 4352 1032 4409 dientiam
1063 4353 1302 4425 perfecit

689 4440 837 4495 unde
863 4440 1015 4497 etde
1044 4440 1302 4512 paradiso

443 4529 552 4581 ⁸30
576 4526 644 4583 A.
687 4526 838 4583 vitae
865 4527 1268 4598 perficiendum

686 4618 844 4671 vetus
869 4614 1083 4670 crimen
1109 4615 1260 4672 Adae
1289 4615 1395 4673 tibi
1423 4623 1510 4673 est
1533 4619 1786 4674 ablatum

752 4706 812 4756 et
849 4698 896 4754 si
933 4700 1175 4758 dixeris:
1220 4700 1489 4757 Diabolus
1526 4709 1584 4759 et
1621 4721 1787 4777 opera

752 4786 877 4858 ejus
905 4786 1030 4841 volo
1056 4784 1249 4855 sugere
1272 4789 1388 4844 cod.
1416 4790 1518 4859 fol.
1550 4792 1650 4846 26.

683 4877 819 4927 tunc
844 4869 1016 4926 etiam
1043 4871 1333 4928 considere

680 4955 764 5013 sic
792 4954 936 5011 dicit

570 5041 633 5100 Β.
675 5039 754 5097 ita
800 5041 951 5112 quod
998 5040 1055 5095 in
1098 5043 1380 5101 mandatis
1419 5046 1519 5102 Dei
1558 5046 1786 5105 fortiter

751 5128 1072 5186 cucurreris

679 5214 889 5269 bonum
920 5212 1089 5271 saciet

2285 623 2341 678 in
2370 638 2459 678 me
2487 620 2744 694 perficiet

2288 708 2388 764 sed
2411 723 2513 777 ego
2542 705 2652 760 tibi
2677 704 2810 762 dico

2181 796 2242 851 C.
2280 795 2435 867 quod
2460 795 2634 850 etiam
2664 808 2763 864 per
2788 806 2957 846 omne
2994 802 3200 861 corpus
3240 791 3403 842 tuum

2357 889 2412 939 te
2439 888 2599 953 potes
2624 879 2920 937 sublevare
2944 881 3005 932 et
3042 878 3396 950 prosternere

2356 967 2606 1024 dormire
2628 970 2692 1022 et
2720 963 2957 1034 vigilare

2277 1053 2515 1126 juvebit
2544 1058 2600 1109 te

2286 1141 2346 1198 in
2374 1139 2536 1196 vitiis
2560 1138 2708 1197 et‘in
2735 1137 2982 1211 peccatis

2286 1226 2534 1283 retinere
2560 1225 2793 1282 deberes

2180 1311 2519 1387 D.[gavisus
2541 1309 2689 1368 dicit

2282 1399 2550 1473 perficere
2577 1397 2775 1470 possis.
2800 1397 2937 1455 Tibi
2963 1397 3117 1455 enim

2286 1487 2597 1548 secundem
2626 1488 2733 1544 hoc
2756 1484 2911 1556 quod

2278 1573 2551 1631 delectari
2585 1574 2731 1636 vult.
2760 1571 2842 1627 ita
2867 1571 3019 1643 quod

2286 1676 2359 1716 ne
2387 1659 2446 1716 in
2472 1660 2710 1718 delicies

2192 1743 2199 1746 ’
2282 1764 2385 1803 om.
2421 1745 2479 1802 in
2507 1748 2730 1806 coelum
2753 1751 2883 1804 om
2907 1742 3093 1802 redire
3119 1741 3260 1798 velit

2038 1837 2142 1889 ⁴81
2176 1835 2241 1890 A.
2283 1833 2507 1889 doceris
2524 1832 2682 1904 quod
2706 1838 2768 1890 et

2280 1923 2421 1976 tunc
2450 1918 2559 1980 tibi
2588 1934 2686 1992 per
2712 1933 2803 1975 me
2822 1917 3063 1977 dicitur.

2276 2006 2430 2078 quod
2455 2005 2504 2067 si
2534 2012 2671 2064 tunc
2697 2005 2760 2062 iu
2782 2004 2950 2064 bonis
2976 2001 3091 2064 viis

2278 2093 2417 2164 quis
2444 2092 2549 2163 qui
2582 2090 2690 2150 tibi

2284 2184 2439 2235 tuam
2468 2179 2692 2250 porrige

2278 2262 2609 2323 avidissime
2634 2279 2858 2336 raperes

2177 2353 2239 2411 Β.
2283 2352 2554 2424 quonism
2582 2363 2786 2408 surum

2287 2437 2647 2508 gravedinem
2679 2441 3035 2507 peooewum

2282 2530 2641 2597 peccatorum
2671 2537 2959 2580 remanens

2285 2609 2624 2667 multotiens
2647 2610 2798 2668 Deus

2276 2701 2341 2752 et
2363 2712 2465 2766 ego
2493 2695 2842 2768 respondebo

2277 2788 2341 2840 et
2368 2786 2427 2836 tu
2454 2781 2618 2845 dicis:
2658 2780 2974 2852 quomodo?
3008 2790 3070 2838 et
3097 2740 3199 2852 ego
3234 2780 3381 2838 dico:

2351 2869 2656 2926 intellectu
2674 2874 2736 2926 et
2750 2868 3101 2941 operatione.
3127 2867 3199 2923 Et
3222 2872 3283 2924 tu
3305 2883 3389 2923 re

2349 2956 2611 3028 spondes:
2645 2955 2993 3014 eonsensum
3035 2970 3147 3010 non
3185 2954 3384 3011 habeo.

2354 3042 2428 3098 Et
2452 3057 2555 3112 ego
2582 3040 2909 3115 respondeo:
2943 3039 3110 3098 Disce
3140 3054 3390 3116 pugnare

2344 3135 2545 3186 contre
2574 3132 2646 3185 te.

2278 3221 2341 3272 et
2368 3221 2429 3275 tu
2456 3214 2619 3275 dicis:
2650 3223 2847 3275 contro
2873 3215 3154 3288 meipsum

2170 3305 2235 3360 C.
2279 3303 2359 3359 ita
2382 3303 2534 3375 quod
2562 3303 2747 3361 nescis

2282 3399 2470 3449 tseuss
2491 3391 2628 3464 quis
2662 3391 2720 3447 in
2750 3392 2861 3450 viis

2278 3498 2386 3536 om.
2415 3481 2568 3536 enim
2595 3486 2722 3537 ante
2746 3480 2918 3536 hebes
2930 3479 3005 3535 de
3025 3478 3259 3536 scientia
3293 3484 3387 3534 tua

2276 3584 2314 3621 o
2337 3566 2605 3638 quotiens
2633 3572 2687 3621 te
2710 3583 2805 3638 op.
2842 3565 2988 3622 iliud

2278 3654 2459 3708 uuita
2483 3652 2716 3709 adven-sa
2745 3652 3056 3710 sustineres

2172 3740 2237 3796 D.
2285 3739 2470 3795 taedet
2496 3746 2553 3795 te
2577 3738 2722 3795 iilud

2274 3832 2336 3883 te
2359 3831 2588 3900 caperet

2277 3914 2539 3987 prodesse
2563 3920 2756 3986 posset
2783 3930 2848 3970 sc

2218 4026 2221 4029 Δ
2274 4007 2337 4056 et
2360 4016 2489 4056 eum
2517 4016 2706 4056 orares

2269 4085 2550 4157 quatinus
2580 4084 2688 4140 tibi
2713 4085 3047 4142 subveniret

2259 4171 2492 4244 juvabit
2516 4173 2714 4227 teeod.
2742 4170 2846 4242 fol.
2876 4175 2966 4229 2⁷.

2272 4261 2489 4317 stultus
2510 4258 2583 4313 nd
2606 4256 3021 4315 defendendum
3052 4265 3107 4357 te

2035 4351 2142 4402 ⁴³2
2165 4347 2234 4404 A.
2278 4362 2380 4419 pro
2406 4352 2651 4402 stercore

2271 4433 2452 4489 nolite
2476 4432 2653 4489 Deum
2682 4447 2887 4501 negsne

2267 4526 2329 4576 et
2356 4518 2580 4575 nolite
2563 4536 2624 4574 tn
2650 4518 2898 4592 peccatis

2269 4623 2401 4665 cum
2432 4609 2783 4679 voluptatem
2809 4608 2998 4664 cernis

2271 4697 2653 4753 convalescite
2676 4711 2813 4767 ergo

2268 4784 2407 4857 quia
2436 4783 2597 4841 vobis
2625 4800 2849 4842 necesse
2871 4792 2962 4842 est

2274 4874 2334 4931 in
2361 4880 2602 4930 mortem
2629 4873 2796 4931 cadst

2273 4959 2540 5016 inventus
2565 4960 2818 5017 ostendit

2162 5047 2223 5102 B.
2270 5062 2369 5118 per
2391 5046 2539 5116 quod
2569 5044 2774 5101 saivari

2270 5132 2467 5189 vinum
2496 5130 2881 5204 poenitentiae
2907 5137 2973 5187 ut

2263 5217 2491 5274 stabilis
2518 5218 2616 5281 sis,
2645 5234 2746 5273 nec
2777 5217 3022 5274 taedium
3050 5220 3237 5292 capias
