4036 6117
3221 546 3346 609 181

1042 797 1647 874 CAPITULA
1708 796 2237 888 QUINTAE
2286 794 2711 870 PARTIS

875 1116 986 1172 DE
1037 1118 1247 1174 VIRO
1302 1118 1470 1175 PER
1515 1115 1812 1173 ΤΟΤΠΗ
1865 1114 2159 1171 ΟΒΒΕΗ
2220 1109 2882 1171 ΡΒΟΒΒΙΟΙΚΝΤΕ.

422 1670 470 1731 I.
515 1671 716 1733 Verba
748 1672 1046 1750 ejusdem
1078 1675 1227 1734 viri.

420 1773 497 1835 11.
542 1774 745 1837 Verba
778 1776 1245 1839 scurrilitatis,

416 1875 524 1941 111.
562 1878 974 1958 Responsum
1007 1879 1473 1942 Reverentiae.

415 1978 556 2042 1111.
600 1978 804 2044 Verba
832 1982 1232 2062 Va9ationis.

413 2082 485 2144 V.
521 2084 934 2164 Responsum
966 2090 1228 2167 quietae
1265 2085 1679 2149 stabilitatis.

411 2187 514 2249 VI.
556 2189 760 2251 Verba
792 2192 1120 2271 Maleficii.

411 2291 544 2355 VII.
581 2293 996 2374 Responsum
1026 2297 1169 2357 veri
1206 2295 1436 2358 Cultus
1471 2296 1616 2358 Dei.

410 2394 576 2458 VIII.
621 2397 824 2459 Verba
854 2397 1212 2462 Avaritiae.

401 2496 597 2562 vnn.
634 2501 1045 2580 Responsum
1066 2521 1283 2581 purae
1321 2504 1798 2585 sufficientiae.

403 2600 490 2665 X.
534 2604 738 2667 Verba
774 2604 1109 2668 Tristitiac
1143 2607 1414 2669 saeculi.

401 2705 517 2772 XI.
552 2708 966 2790 Responsum
999 2713 1294 2774 coelestis
1330 2710 1595 2773 Gaudii.

402 2812 538 2876 XII.
578 2816 792 2879 Sonus
825 2819 1019 2879 aenei
1049 2818 1275 2896 fustis.

400 2916 569 2982 XIII.
624 2922 809 2996 Quod
839 2941 1051 3003 aquae
1098 2941 1232 2985 non
1266 2925 1480 2984 solum
1518 2923 1605 2984 ad
1636 2940 1798 2984 usus

319 3024 760 3104 corporalium
784 3029 1258 3090 necessitatum
1282 3030 1646 3104 hominum,
1683 3028 1798 3089 sed

314 3129 488 3206 quod
527 3132 731 3191 etiam
763 3131 850 3192 ad
882 3131 1168 3192 salutem
1199 3134 1583 3193 animarum
1615 3152 1798 3195 crea-

315 3239 422 3293 tae
456 3239 635 3295 sunt.

401 3336 599 3398 XIIII.
655 3339 841 3412 Quod
882 3342 1179 3418 quamvis
1227 3343 1530 3404 homines
1579 3339 1795 3403 Deum

315 3441 569 3503 diverso
613 3444 802 3505 modo
834 3446 1076 3522 celant,
1113 3445 1229 3507 sub
1254 3449 1665 3525 protectione
1699 3449 1798 3507 ta-

314 3565 468 3609 men
500 3550 714 3628 ipsius
749 3556 927 3612 sunt.

399 3647 542 3714 XV.
599 3650 675 3714 Ut
725 3660 966 3716 cuncta
1011 3675 1054 3717 a
1100 3654 1236 3718 Deo
1282 3664 1642 3735 reyuntur,
1702 3659 1797 3718 sic

314 3773 524 3835 aquae
558 3764 795 3821 cuncta
840 3764 1114 3821 terrena
1159 3762 1644 3840 conqlutinant‚
1691 3782 1799 3823 ve-

312 3859 415 3920 lut
446 3863 650 3922 etiam
682 3863 912 3924 anima
943 3881 1179 3942 corpus
1210 3866 1454 3946 firmat.

397 3963 558 4026 XVI.
614 3964 691 4027 Ut
739 3966 1142 4045 possibilitas
1204 3970 1326 4030 Dei
1382 3986 1574 4030 omne
1629 3988 1793 4050 opus

310 4070 522 4148 ipsius
556 4074 759 4146 tenet,
795 4074 888 4134 sic
919 4077 985 4132 et
1032 4071 1300 4152 abyssus
1348 4091 1429 4134 ea
1472 4087 1640 4153 quae
1687 4093 1796 4137 su-

303 4191 433 4253 per
462 4180 717 4236 terram
749 4181 927 4237 sunt.

397 4275 591 4338 XVH.
622 4278 806 4352 Quod
829 4276 1098 4359 abyssus
1122 4283 1311 4360 quasi
1333 4280 1589 4362 fabrica
1612 4301 1794 4345 crea-

305 4383 467 4442 toris
517 4383 758 4444 mundi
805 4387 1123 4461 existens,
1170 4384 1248 4446 ab
1295 4387 1435 4447 alia
1481 4394 1792 4448 creatura

308 4501 445 4546 non
485 4493 824 4564 portatur,
874 4492 1009 4551 nisi
1042 4491 1216 4569 quod
1241 4513 1367 4571 per
1392 4498 1790 4571 potestatem

312 4586 439 4652 Dei
472 4596 911 4654 sustentatur.
945 4588 992 4672 ¹)

395 4694 617 4757 XVIII.
666 4696 850 4770 Quod
881 4696 1149 4778 abyssus
1184 4702 1510 4763 cisternae
1547 4703 1787 4766 similis

309 4808 429 4862 est.
585 4839 590 4844 -

351 4899 614 4965 XVIIII.
668 4905 852 4980 Quod
895 4910 1220 4987 fortitudo
1269 4912 1392 4973 Dei
1426 4929 1634 4993 aquas
1669 4918 1748 4977 li-

309 5010 625 5089 quefacit,
662 5011 960 5091 alioquin
996 5022 1338 5080 concretae
1371 5025 1609 5082 essent.

360 5212 405 5283 ¹)
431 5221 802 5274 sustentantur
826 5217 918 5274 W.

2003 1669 2133 1732 XX.
2183 1670 2369 1745 Quod
2399 1670 2579 1731 Deus
2607 1666 3067 1730 austeritatem
3100 1663 3390 1725 elemen-

1916 1779 2138 1834 torum
2170 1778 2244 1836 in
2269 1779 2596 1853 potestate
2630 1791 2753 1834 sua
2781 1769 3064 1852 firmiter
3095 1770 3299 1827 tenet.

2003 1870 2177 1939 XXI.
2239 1880 2423 1953 Quod
2470 1881 2646 1941 Deus
2700 1877 2924 1960 fideles
2972 1877 3387 1945 exhortatur,

1910 1988 2241 2061 quatenus
2267 1983 2784 2045 admonitionem
2814 1979 2958 2057 ejus
2985 1978 3388 2059 percipiant,

1911 2087 2211 2166 alioquin
2237 2088 2470 2166 playas
2501 2082 2643 2164 ejus
2677 2089 2990 2149 sentiant.
3262 2080 3274 2090 ’

1999 2190 2193 2253 XXII.
2248 2193 2432 2267 Quod
2473 2196 2700 2255 anima
2737 2192 3020 2255 hominis
3053 2187 3140 2248 ad
3171 2184 3387 2249 Deum

1914 2296 2259 2373 anhelans,
2309 2296 2556 2359 viribus
2604 2298 2739 2357 suis
2771 2296 2995 2356 omnia
3023 2306 3223 2370 opera
3269 2304 3392 2349 sua

1914 2399 2179 2461 coelesti
2211 2398 2539 2461 desiderio
2571 2396 3005 2479 conylutinat.

2000 2500 2222 2566 XXIII.
2276 2504 2459 2579 Quod
2489 2505 2719 2566 divina
2756 2505 3119 2582 praecepta
3162 2496 3239 2558 ab
3270 2497 3388 2558 hoc

1909 2608 2068 2669 data
2100 2616 2277 2686 sunt,
2326 2619 2401 2670 ut
2443 2629 2570 2689 per
2615 2606 2877 2691 fidelem
2924 2607 3219 2667 animam
3264 2600 3391 2663 im·-

1899 2713 2242 2790 pleantur.

1995 2814 2251 2881 XXIIII.
2305 2820 2492 2894 Quod
2526 2837 2677 2883 cum
2708 2820 2938 2880 anima
2968 2814 3388 2877 sanctitatem

1906 2927 2230 3001 sequitur,
2278 2924 2569 3002 Spiritus
2606 2924 2888 2986 Sanctus
2920 2922 3094 2981 vires
3128 2914 3270 2995 ejus
3303 2918 3385 2979 de

1902 3030 2150 3089 virtute
2184 3030 2257 3089 in
2289 3030 2605 3090 virtutem
2637 3024 2993 3090 ascendere
3025 3026 3210 3105 facit.

1991 3131 2178 3194 XXV.
2233 3132 2417 3206 Quod
2473 3133 2651 3194 Deus
2703 3127 2912 3194 Pater
2964 3131 3388 3205 tentationeS,

1900 3254 2069 3314 quae
2095 3239 2391 3297 animam
2414 3238 2697 3299 hominis
2729 3237 3098 3310 irretitam,
3118 3249 3244 3314 per
3268 3236 3389 3296 hu-

1901 3343 2297 3401 manitatem
2330 3338 2493 3402 Filii
2524 3343 2630 3402 sui
2664 3341 3033 3418 compescit.

1988 3443 2206 3506 XXVI.
2260 3443 2445 3519 Quod
2477 3441 2655 3506 Deus
2700 3462 2851 3505 vere
2884 3439 3233 3504 audientes
3266 3459 3385 3504 aw-

1904 3568 2010 3611 res
2054 3548 2365 3612 habentes
2394 3555 2471 3611 ut
2497 3551 2985 3629 poenitentiam
3017 3553 3217 3627 ayant
3247 3563 3383 3608 mo-

1901 3659 2056 3731 net,
2114 3655 2522 3734 neyliyentes
2575 3657 2801 3716 autem
2853 3652 3118 3734 flaqella
3170 3653 3389 3731 ipsius

1895 3758 2296 3837 puryabunt.

1989 3865 2238 3928 XXVII.
2296 3865 2499 3928 Verba
2553 3864 2898 3943 Evanyelii
2946 3866 3028 3926 ed
3081 3862 3381 3926 eamdem

1900 3987 2066 4030 rem.

1988 4073 2266 4138 XXVIII.
2320 4076 2507 4151 Quod
2536 4077 2700 4137 vitia
2742 4092 2911 4154 quae
2945 4092 3175 4138 sensus
3222 4075 3381 4156 flde-

1902 4181 2071 4242 lium
2110 4187 2494 4260 pervertere
2542 4189 2905 4259 conantur,
2964 4180 3235 4243 solertia
3264 4176 3381 4256 ,ἰω-

1900 4292 2153 4348 storum
2186 4305 2228 4348 a
2259 4306 2326 4349 se
2359 4287 2649 4366 repellit.

1986 4392 2298 4453 XXXIIII.
2330 4394 2725 4472 Specialiter
2756 4392 2835 4453 de
2872 4389 3280 4454 scurrilitate
3315 4396 3377 4450 et

1897 4493 2124 4557 habitu
2155 4493 2297 4573 ejus
2329 4502 2392 4557 et
2427 4497 2589 4576 quid
2621 4496 2964 4578 siqnificat.

1984 4599 2171 4663 XXX.
2224 4601 2619 4681 Specialiter
2663 4603 2745 4664 de
2776 4603 3118 4682 vaqatione
3165 4605 3232 4663 et
3263 4602 3378 4664 ha-

1895 4708 2037 4770 bitu
2068 4706 2209 4784 ejus
2242 4713 2306 4770 et
2339 4710 2500 4789 quid
2534 4707 2878 4790 siqnificat.

1985 4811 2204 4875 XXXI.
2246 4813 2447 4876 Verba
2477 4817 2549 4877 in
2581 4814 2868 4878 canticis
2893 4814 3322 4877 canticorum.

1987 4917 2235 4979 XXXII.
2277 4920 2672 4998 Specialiter
2705 4919 2786 4980 de
2816 4917 3138 5000 maleficio
3171 4921 3233 4978 et
3266 4919 3380 4978 ha-

1899 5022 2039 5084 bitu
2070 5019 2213 5097 eius
2246 5027 2309 5083 et
2344 5023 2507 5101 quid
2540 5024 2882 5103 siqnificat.
