4036 6117
1308 494 1547 543 Lmen
1605 494 1803 543 vrrAE
1858 493 2330 541 Mssnlronmu
2397 542 2404 551 ,
3227 482 3290 539 -9

280 609 328 671 ti
360 607 619 670 easdem
652 608 862 671 nubes
898 602 1342 671 sustinebant.
1393 611 1517 671 Sed
1565 619 1810 673 ventus
1862 612 2125 688 igneam
2160 612 2403 672 nubem
2441 627 2644 687 super
2678 628 2751 671 se
2787 611 3039 672 habens
3083 621 3234 675 ante
3272 615 3364 673 fa-

275 715 441 773 ciem
476 714 765 790 ejusdem
798 714 930 775 viri
962 716 1357 791 permansit;
1396 718 1511 776 alii
1546 724 1771 776 autern
1804 717 1936 776 duo
1972 733 2124 776 cum
2159 716 2450 776 nubibus
2485 717 2629 776 suis
2664 717 2746 777 ad
2782 724 3016 793 pectus
3051 720 3197 795 ejus
3243 720 3356 779 de-

275 820 686 896 scendebant,
724 827 791 881 et
827 820 917 881 ibi
953 821 1152 881 ssatus
1186 839 1348 882 suos
1382 823 1864 899 expandebant3
1902 823 2020 881 sed
2054 829 2295 882 ventus
2329 823 2444 899 qui
2481 829 2633 883 ante
2672 823 2910 884 faciem
2949 827 3096 902 ejus
3114 821 3158 906 ¹)
3208 843 3360 904 per-

274 932 597 986 manserat
629 942 781 985 cum
815 927 988 987 nube
1024 945 1169 1001 sua,
1209 944 1281 986 se.
1316 929 1400 988 ab
1436 928 1704 988 Oriente
1742 929 1823 988 ad
1861 929 2185 989 Austrum
2218 927 2553 1003 expandit.

353 1032 414 1093 4.
449 1032 528 1091 Et
557 1032 621 1091 in
654 1030 779 1093 hac
814 1030 1223 1110 praedicta²)
1278 1034 1471 1107 ignea
1517 1034 1714 1107 nube,
1751 1035 1989 1093 vivens
2029 1034 2222 1107 ignea
2261 1033 2617 1092 multitudo
2652 1038 2819 1107 erat,
2859 1034 2972 1109 qui
3007 1050 3237 1094 omnes
3288 1037 3354 1095 in

271 1148 394 1193 una
425 1133 765 1192 voluntate
797 1139 865 1193 et
900 1134 966 1193 in
992 1151 1122 1193 una
1149 1134 1620 1210 conjunctione
1647 1138 1786 1194 vita
1813 1152 1946 1195 una
1983 1135 2271 1195 fuerunt.
2300 1135 2380 1194 Et
2405 1151 2636 1194 coram
2664 1136 2832 1211 ipsis
2859 1136 3086 1195 tabula
3120 1140 3354 1212 pennis

274 1238 554 1315 undique
586 1239 781 1314 plena
816 1238 942 1299 fuit
974 1254 1290 1315 expansa,
1325 1256 1499 1317 quae
1534 1242 1600 1300 in
1632 1242 2014 1317 praeceptis
2048 1240 2165 1299 Dei
2200 1240 2476 1301 volavit.
2515 1241 2680 1300 Cum
2733 1241 2947 1317 ipsam
2995 1251 3354 1318 praecepta

270 1341 380 1401 Dei
410 1341 782 1418 elevabant,
822 1343 887 1403 in
920 1360 1052 1421 qua
1087 1345 1369 1405 scientia
1393 1345 1512 1404 Dei
1547 1345 1876 1421 quaedam
1903 1361 2148 1405 arcana
2175 1344 2566 1420 scripserat,
2597 1361 2770 1421 quae
2803 1347 3160 1407 multitudo
3188 1348 3352 1408 haec

272 1445 486 1506 studio
519 1461 644 1506 uno
680 1446 1099 1523 inspiciebat.
1138 1448 1439 1524 Cumque
1471 1449 1704 1509 eadem
1740 1449 1996 1524 scripta
2033 1448 2462 1524 inspicerent,
2500 1449 2719 1506 virtus
2753 1448 2872 1507 Dei
2907 1449 3074 1525 ipsis
3121 1449 3347 1523 dabat,

270 1548 434 1624 quod
472 1550 646 1610 velut
682 1548 1057 1612 fortissima
1091 1552 1273 1626 tuba,
1314 1551 1379 1610 in
1413 1553 1590 1611 omni
1627 1568 1870 1628 genere
1902 1552 2318 1612 musicorum
2353 1567 2483 1611 uno
2522 1567 2686 1610 sono
2723 1552 3147 1613 resonabant.

348 1651 408 1711 5.
445 1652 691 1712 Ventus
725 1658 950 1713 autem
985 1654 1100 1731 qui
1133 1654 1547 1730 praedictam
1581 1655 1919 1715 turbidam
1954 1654 2198 1714 nubem
2235 1670 2439 1730 super
2474 1668 2547 1712 se
2582 1653 2896 1728 babebat,
2937 1670 3083 1713 eam
3119 1671 3349 1716 secum

269 1755 344 1814 ab
372 1757 613 1816 Austro
647 1757 729 1817 ad
770 1757 1196 1817 Occidentem
1228 1759 1650 1835 extendebat,
1690 1759 1783 1820 ita
1808 1759 1985 1835 quod
2021 1758 2367 1833 longitudo
2396 1774 2474 1816 ac
2510 1758 2792 1818 latitudo
2820 1759 3120 1834 ejusdem
3154 1763 3351 1821 nubis

269 1861 441 1921 velut
475 1861 692 1938 platea
730 1868 898 1938 erat,
937 1878 1109 1939 quae
1141 1878 1303 1939 prae
1352 1863 1791 1940 amplitudine
1840 1880 1963 1923 sua
2012 1862 2301 1923 humano
2354 1862 2698 1921 intellectu
2733 1864 2881 1939 capi
2928 1880 3060 1923 non
3106 1873 3348 1942 potest.

272 1965 334 2023 ln
361 1965 591 2025 eadem
621 1971 848 2026 autem
878 1967 1078 2042 nube,
1115 1968 1403 2028 maxima
1437 1967 1795 2027 multitudo
1830 1967 2184 2028 beatorum
2221 1967 2367 2041 fuit,
2405 1968 2520 2043 qui
2554 1984 2787 2027 omnes
2821 1970 3134 2045 spiritum
3166 1974 3348 2034 vitae

271 2069 609 2145 habebant,
645 2077 712 2131 et
745 2089 914 2148 quos
947 2088 1141 2131 nemo
1173 2073 1599 2132 dinumerare
1631 2077 1916 2148 poterat.
1949 2072 2032 2131 Et
2063 2087 2265 2131 voces
2300 2087 2531 2131 eorum
2566 2077 2758 2131 erant
2793 2077 2863 2131 ut
2897 2089 3103 2133 sonus
3148 2093 3352 2153 aqua-

273 2189 407 2232 rum
441 2174 827 2250 multarum,
864 2181 932 2234 et
960 2176 1289 2236 dixerunt:
1329 2195 1363 2233 «
1394 2175 1793 2236 Habitacula
1826 2175 2195 2234 secundum
2222 2175 2545 2250 placitum
2571 2174 2998 2250 productoris
3024 2181 3205 2239 venti
3234 2181 3354 2240 hu·-

276 2295 302 2331 »
331 2277 438 2352 jus
472 2277 814 2340 habemus
848 2278 930 2338 Et
962 2280 1226 2357 quando
1263 2280 1377 2340 illa
1413 2280 1852 2356 recipiemus?
1897 2279 2063 2339 Nam
2098 2280 2155 2339 si
2189 2294 2269 2339 ea
2300 2279 2655 2339 nobiscum
2704 2279 3139 2357 haberemuS,
3190 2287 3342 2362 plus

275 2397 300 2432 ι
335 2396 533 2456 quam
565 2398 738 2441 nunc
774 2382 1243 2459 gauderemus,
1284 2402 1317 2441 1>

346 2485 405 2547 6.
441 2488 563 2547 Sed
594 2491 941 2565 praedicta
973 2491 1356 2564 multitudo,
1387 2506 1558 2567 quae
1590 2491 1653 2550 in
1691 2491 2037 2567 praedicta
2069 2490 2243 2550 nube
2280 2489 2472 2565 ignea
2504 2496 2673 2564 erat,
2709 2491 2860 2551 istis
2899 2492 2961 2552 in
2986 2510 3150 2555 voce
3175 2500 3356 2573 psal-

266 2589 527 2651 lentium
558 2594 1064 2670 responderunt,
1101 2594 1438 2655 dicentes:
1495 2613 1528 2654 κ
1572 2594 1738 2654 Cum
1786 2594 2119 2654 Divinitas
2165 2579 2397 2654 tubam
2446 2610 2640 2654 suam
2688 2596 3025 2673 tetigerit,
3080 2597 3346 2676 fulgura

270 2714 295 2749 »
327 2712 401 2756 ac
427 2699 717 2759 tonitrua
744 2715 823 2759 ac
848 2699 1191 2759 ardentem
1221 2700 1439 2774 ignem
1468 2699 1811 2758 interram
1837 2699 2122 2772 emittet;
2146 2714 2224 2758 ac
2249 2699 2452 2758 etiam
2482 2699 2702 2773 ignem
2731 2699 2940 2776 illum,
2964 2703 3077 2777 qui
3109 2704 3342 2765 intrin-

272 2815 298 2851 ι
333 2813 523 2858 secus
558 2801 621 2859 in
672 2802 815 2861 sole
847 2808 974 2877 est,
1012 2808 1261 2876 tanget,
1302 2802 1395 2861 ita
1432 2800 1608 2878 quod
1657 2801 1874 2861 omnis
1924 2806 2105 2860 terra
2155 2802 2710 2875 commovebitur3
2763 2803 2941 2878 quod
2990 2806 3142 2878 erit,
3195 2824 3350 2869 curn

280 2918 304 2953 »
338 2899 505 2961 Deus
540 2902 732 2978 signa
766 2920 889 2963 sua
920 2919 1162 2979 magna
1195 2904 1551 2964 ostendere
1583 2903 1895 2963 voluerit.
1929 2903 2010 2961 Et
2045 2908 2202 2962 tunc
2238 2903 2305 2962 in
2339 2903 2500 2963 tuba
2537 2904 2651 2963 illa
2686 2905 2995 2965 omnibus
3033 2908 3342 2970 tribubus

275 3019 301 3055 »
338 3007 547 3066 terrae
581 3021 660 3066 ex
692 3005 1008 3066 omnibus
1044 3005 1402 3082 generibus
1436 3006 1817 3082 linguarum
1851 3005 2193 3081 clamabit,
2229 3011 2297 3066 et
2330 3005 2642 3066 omnibus
2668 3006 2782 3083 qui
2820 3007 2886 3067 in
2917 3008 3151 3070 eadem
3184 3012 3347 3075 tuba

286 3124 313 3160 »
349 3110 578 3186 scripti
613 3117 793 3187 sunt,
829 3117 898 3171 et
930 3111 1040 3170 hic
1073 3111 1456 3172 habitacula
1488 3116 1717 3172 vestra
1752 3111 2114 3186 recipietis
2153 3129 2185 3168 »

348 3213 403 3274 7.
436 3215 512 3276 Et
545 3222 790 3276 ventus
825 3233 1029 3294 super
1062 3233 1260 3295 quem
1293 3215 1598 3294 praefata
1638 3216 1857 3275 lucida
1893 3215 2105 3275 nubes
2136 3220 2306 3289 erat,
2343 3231 2494 3276 cum
2528 3216 2762 3276 eadem
2797 3219 3017 3279 lucida
3050 3221 3225 3282 nube
3259 3225 3344 3284 ab

272 3313 519 3378 Oriente
554 3320 636 3381 ad
671 3319 1200 3398 Septentrionem
1236 3337 1309 3380 se
1343 3320 1673 3380 dilatavit.
1711 3318 1835 3378 Sed
1870 3319 2200 3378 maximae
2247 3319 2586 3395 tenebrae,
2640 3322 2850 3382 multa
2896 3323 3230 3386 densitate
3277 3334 3346 3388 et

269 3415 549 3497 horrore,
586 3422 669 3483 ab
705 3423 1062 3483 Occidente
1095 3424 1462 3496 venienteS,
1501 3439 1575 3482 se
1609 3422 1692 3483 ad
1727 3421 2031 3481 eamdem
2064 3421 2356 3482 lucidam
2388 3422 2631 3482 nubem
2679 3425 3160 3500 expandebant.
3212 3428 3336 3490 Sed

264 3523 466 3583 tamen
495 3541 655 3600 prae
688 3526 910 3586 lucida
956 3527 1130 3586 nube
1164 3527 1277 3587 illa
1327 3527 1504 3586 ultra
1552 3524 1917 3602 procedere
1965 3540 2097 3584 non
2143 3530 2528 3601 potuerunt.
2579 3526 2654 3585 In
2691 3526 2806 3587 illa
2841 3534 3066 3590 autem
3116 3531 3338 3593 lucida

267 3627 422 3687 nube
456 3631 554 3690 sol
587 3637 655 3690 et
690 3632 847 3691 luna
880 3636 1353 3708 apparuerunt.
1388 3631 1468 3689 Et
1502 3630 1568 3689 in
1602 3630 1744 3689 sole
1775 3630 1879 3689 leo
1914 3634 2085 3703 erat,
2135 3634 2203 3689 et
2237 3628 2303 3688 in
2336 3630 2494 3689 luna
2541 3631 2997 3707 capricornus
3048 3633 3127 3694 Et
3162 3636 3336 3697 idem

261 3731 348 3790 sol
380 3751 576 3811 supra
607 3737 869 3796 coelum
902 3742 969 3796 et
1003 3736 1069 3795 in
1102 3735 1311 3808 coe10,
1364 3750 1442 3795 ac
1478 3735 1543 3793 in
1575 3741 1757 3794 terra
1803 3739 1871 3793 et
1919 3734 2162 3793 subtus
2195 3738 2446 3793 terram
2484 3734 2770 3809 lucebat,
2823 3741 2891 3794 et
2926 3737 3025 3795 sic
3061 3754 3331 3813 proces-

266 3832 343 3890 sit
371 3838 661 3914 oriendo‚
699 3845 766 3898 et
802 3838 1063 3898 redibat
1094 3838 1507 3898 declinando.
1544 3836 1670 3897 Sed
1704 3853 1856 3897 cum
1892 3837 2068 3896 idem
2101 3838 2203 3903 sol
2236 3836 2658 3912 procederet,
2698 3838 2798 3897 130
2815 3832 2864 3915 ³)
2916 3855 3067 3899 cum
3120 3843 3232 3902 illo
3266 3850 3336 3903 et

264 3934 317 3993 in
344 3939 448 4000 illo
481 3945 836 4019 processit,
889 3959 967 4004 ac
1015 3945 1226 4003 multa
1276 3943 1492 4019 spolia
1539 3942 1841 4018 diripuit;
1894 3948 1961 4001 et
1995 3957 2150 4000 cum
2184 3941 2434 4001 rediret
2471 3942 2596 4015 leo,
2649 3958 2802 4003 cum
2852 3945 2965 4004 illo
3009 3953 3078 4005 et
3115 3948 3182 4007 in
3216 3949 3330 4009 illo

267 4042 524 4121 redibat,
560 4062 638 4106 ac
671 4063 833 4124 prae
865 4047 1108 4123 gaudio
1143 4047 1392 4107 multos
1427 4047 1690 4121 rugitus
1732 4045 1979 4105 emisit.
2029 4044 2213 4103 Luna
2262 4060 2551 4120 quoque,
2605 4046 2670 4104 in
2718 4062 2850 4121 qua
2899 4050 3337 4124 capricornus

266 4155 416 4222 erat,
456 4153 665 4212 solem
702 4154 767 4212 in
800 4153 1218 4230 procedendo
1254 4158 1321 4211 et
1356 4152 1421 4210 in
1463 4149 1798 4210 redeundo
1835 4165 1987 4209 cum
2018 4149 2254 4208 eodem
2287 4149 2679 4225 capricorno
2724 4150 3052 4225 paulatim
3101 4170 3337 4231 seque-

265 4252 460 4316 batur.
496 4258 575 4317 Et
611 4258 786 4318 idem
819 4265 1061 4318 ventus
1097 4259 1325 4317 flatum
1359 4257 1564 4329 dedit,
1600 4262 1668 4315 et
1701 4256 1887 4316 dixit:
1930 4274 1961 4314 ec
2000 4254 2238 4315 Mulier
2273 4253 2407 4314 feta
2440 4255 2682 4330 pariet,
2700 4249 2747 4335 ⁴)
2799 4261 2866 4315 et
2899 4261 3336 4334 capricornus

274 4376 301 4413 »
334 4368 556 4422 contra
589 4362 1120 4439 Septentrionem
1154 4362 1494 4439 pugnabit.
1537 4379 1567 4416 »

328 4622 366 4684 ¹)
391 4627 559 4697 ipsiius
578 4625 645 4682 Α.
678 4652 746 4665 -
767 4627 812 4690 ²)
836 4627 1120 4699 praedicta
1144 4640 1255 4681 om.
1284 4622 1352 4680 Α.
1387 4654 1453 4663 -
1477 4622 1521 4689 ⁸)
1547 4622 1752 4678 Admo-
1828 4637 1919 4677 me
1945 4625 2011 4677 ut
2039 4623 2229 4684 bomo,
2259 4645 2279 4670 ι
2316 4620 2417 4693 qui
2443 4637 2574 4677 cum
2605 4622 2794 4678 Verbo
2821 4628 2878 4680 et
2907 4624 2964 4679 in
2991 4625 3181 4682 Verbo
3210 4643 3337 4699 pro-

270 4720 381 4763 vere
416 4710 482 4766 ad
514 4711 745 4767 classica
786 4711 868 4766 rei
909 4710 1254 4782 symbolicae
1296 4712 1609 4778 κουφίσματα
1639 4708 1751 4763 sin·
1826 4708 1996 4766 cedit.
2039 4733 2061 4758 ι
2097 4709 2242 4764 Tum
2282 4709 2381 4764 Sol
2415 4708 2676 4765 Christus
2701 4714 2808 4772 est,
2848 4726 2910 4766 30
2951 4711 3192 4767 subinde
3227 4713 3329 4767 Lu·

268 4795 406 4859 gulas
435 4798 796 4868 Hildegardis
825 4798 1120 4867 imagines,
1151 4796 1474 4868 improbum
1502 4811 1643 4865 opus
1669 4810 1752 4849 es-
1824 4815 1918 4859 πα,
1961 4797 2021 4851 13
2059 4813 2170 4867 qua
2198 4797 2588 4868 Capricornus.
2626 4796 2875 4853 Ecclesia
2903 4803 2989 4853 est
3015 4815 3143 4854 cum
3173 4800 3336 4868 signo

267 4886 357 4942 set,
395 4899 454 4939 30
485 4885 817 4956 plerumque
854 4885 1253 4941 frustraneum.
1286 4882 1397 4938 Sua
1424 4879 1578 4936 enim
1606 4880 1748 4946 lege,
1825 4883 2128 4946 victoriae:
2172 4883 2249 4939 ita
2290 4883 2442 4939 enim
2482 4884 2626 4938 solet
2667 4883 2913 4952 intelligi
2941 4886 3329 4955 capricornus.

270 4977 358 5020 suo
389 4969 512 5039 jure
548 4970 734 5025 utitur
774 4971 934 5040 virgo
973 4969 1226 5032 fatidica.
1266 4975 1325 5024 et
1366 4974 1480 5022 tam
1517 4963 1749 5019 insolita
1824 4982 1992 5038 quem
2023 4967 2198 5023 fuisse
2229 4969 2474 5036 Augusti
2513 4968 2922 5039 triumphantis
2949 4971 3198 5024 solemne
3226 4987 3339 5025 em-

269 5057 563 5120 spectacula
599 5072 768 5126 quam
803 5073 942 5113 nova
973 5055 1244 5111 vaticinia
1270 5054 1484 5110 condit.
1516 5051 1630 5107 Hic
1659 5067 1751 5106 ve·
1826 5055 2032 5116 blema,
2074 5069 2236 5108 nemo
2277 5053 2477 5109 nescit.
2515 5051 2598 5108 Cf.
2634 5053 2781 5107 infra
2809 5069 2964 5108 num.
2998 5059 3089 5116 65.
3119 5060 3208 5117 66.
3238 5061 3327 5116 67.

271 5149 327 5189 ro
360 5139 452 5196 laeo
485 5141 619 5198 satis
647 5147 837 5214 aperte
863 5147 948 5198 est
978 5143 1083 5198 Leo
1108 5143 1346 5198 detribu
1370 5140 1545 5203 luda,
1575 5141 1750 5196 maxi-
1825 5141 1926 5197 lib.
1962 5141 2012 5195 n
2043 5156 2097 5196 n.
2132 5144 2221 5201 36.
2252 5143 2340 5201 62.
2370 5143 2477 5194 etc.
2511 5170 2579 5178 —
2606 5139 2648 5203 ⁴)
2670 5143 2857 5211 paries
2880 5139 2970 5193 W.

3091 5239 3126 5274 ’,ἓ
