4036 6117
756 476 887 538 506
1892 495 1943 540 S.
1998 490 2553 541 1111.DF.GARDIS

686 634 718 672 ιν
759 631 843 690 go
878 614 1170 690 undique
1199 611 1390 688 plena
1426 613 1642 673 oculis
1670 613 1920 683 stabat,
1951 615 2144 691 quus
2179 615 2431 674 nullam
2466 615 2822 674 humanam
2861 616 3140 677 sormam
3175 634 3337 694 prae
3375 617 3542 695 ipsis
3571 621 3780 682 oculis

681 738 713 776 ι
752 718 1135 778 discernere
1171 717 1495 778 valebam.
1523 748 1611 762 —
1644 717 1723 778 Et
1757 724 1909 778 ante
1947 718 2169 794 istam,
2210 720 2427 794 imago
2462 719 2596 778 alia
2628 719 2908 795 puerilis
2943 723 3209 795 aetatiS,
3239 723 3491 798 pallida
3528 729 3772 804 tunica,

680 845 728 914 »¹
753 826 868 888 sed
902 826 1076 888 albis
1124 827 1600 886 calceamentis
1652 826 1904 901 induta,
1943 844 2145 903 super
2178 829 2372 903 cujus
2421 837 2623 904 caput
2655 837 2841 891 tanta
2875 833 3152 893 claritas
3184 834 3268 893 de
3300 835 3538 895 eodem
3577 854 3775 915 super

683 952 715 991 »
755 939 1048 992 montem
1085 933 1302 1008 ipsum
1355 933 1631 992 sedente
1665 933 2033 1008 descendit,
2072 939 2145 993 ut
2181 932 2419 993 faciem
2453 935 2599 1010 eJus
2643 937 2887 996 intueri
2922 955 3049 998 non
3084 957 3374 1014 possem.
3411 974 3499 988 —
3536 942 3661 1002 Sed
3695 945 3773 1003 ab

679 1059 711 1099 ι»
752 1039 984 1101 eodem
1013 1038 1129 1114 qui
1156 1053 1359 1113 super
1393 1042 1683 1097 montem
1714 1038 1900 1096 illum
1929 1036 2227 1113 sedebat,
2258 1040 2509 1099 multae
2542 1039 2845 1100 viventes
2881 1043 3213 1103 scintillae
3247 1046 3578 1120 exierunt,
3607 1063 3771 1123 quae

683 1164 712 1202 ιο
755 1144 1027 1204 easdem
1064 1142 1388 1217 imagines
1423 1157 1662 1217 magna
1697 1143 2034 1201 suavitate
2069 1143 2662 1204 circumvolabant.
2691 1175 2779 1189 -
2812 1145 2884 1205 In
2919 1147 3062 1222 ipso
3095 1154 3317 1207 autem
3357 1156 3583 1209 monte
3617 1168 3769 1227 qua-

677 1266 709 1304 »
751 1246 808 1306 si
841 1245 1171 1322 plurimae
1229 1244 1617 1304 fenestellae
1664 1244 2088 1318 videbantur,
2144 1246 2208 1304 in
2243 1246 2488 1322 quibus
2537 1247 2722 1306 velut
2755 1249 2976 1325 capita
3027 1244 3389 1324 hominum,
3442 1253 3765 1328 quaedam

681 1373 713 1411 ι
754 1351 1026 1429 pallida,
1064 1356 1131 1410 et
1165 1350 1491 1426 quaedam
1528 1349 1679 1410 alba
1714 1356 2191 1425 apparuerunt.
2243 1350 2321 1411 Et
2354 1366 2509 1410 ecce
2545 1350 2717 1410 idem
2752 1353 2869 1428 qui
2903 1370 3104 1429 super
3140 1357 3435 1415 montem
3470 1357 3764 1432 sedebat,

680 1477 711 1515 n
754 1455 1127 1516 fortissima
1163 1460 1229 1514 et
1265 1454 1659 1514 acutissima
1694 1470 1859 1512 voce
1896 1454 2254 1523 clamabat,
2291 1454 2542 1514 dicens:
2628 1530 2635 1536 ἱ

770 1578 801 1617 io
842 1560 893 1619 O
920 1559 1140 1633 hom0,
1170 1573 1340 1633 quae
1381 1556 1641 1632 fragilis
1674 1573 1747 1616 es
1776 1549 2064 1640 [pulvis]
2093 1558 2173 1616 de
2206 1558 2482 1633 pulvere
2509 1564 2753 1632 terrae,
2783 1565 2849 1618 et
2883 1560 3051 1620 cinis
3078 1562 3159 1620 de
3185 1563 3432 1636 cinere,
3463 1563 3680 1622 clama
3704 1571 3766 1622 et

679 1686 709 1724 n
750 1666 858 1726 dic
890 1665 971 1723 de
1008 1664 1285 1724 introitu
1324 1663 1749 1737 incorruptae
1785 1663 2206 1735 salvationis,
2237 1667 2568 1737 quatenus
2596 1662 2660 1721 hi
2690 1664 3107 1739 erudiantur,
3137 1667 3247 1741 qui
3279 1667 3641 1726 medullam
3668 1669 3767 1726 lit-

677 1789 708 1828 »
751 1779 1047 1830 terarum
1095 1767 1424 1840 videnteS,
1463 1781 1611 1824 eam
1645 1781 1766 1824 nec
1799 1766 2046 1840 dicere,
2091 1781 2213 1824 nec
2245 1764 2634 1841 praedicare
2670 1768 2924 1842 volunt,
2961 1769 3118 1843 quia
3154 1768 3357 1843 tepidi
3390 1775 3459 1828 et
3491 1768 3763 1830 hebetes

674 1894 706 1932 ι
746 1873 827 1934 ad
855 1869 1381 1933 conservandam
1403 1869 1739 1945 justitiam
1764 1868 1879 1927 Dei
1910 1873 2088 1941 sunt;
2126 1868 2373 1944 quibus
2408 1869 2792 1928 clausuram
2822 1871 3253 1944 mysticorum
3282 1887 3537 1947 resera,
3569 1887 3762 1947 quam

673 2001 704 2039 n
745 1980 874 2057 ipsi
911 1976 1127 2037 timidi
1164 1976 1231 2035 in
1263 1972 1655 2033 abscondito
1691 1990 1850 2047 agro
1887 1973 2032 2032 sine
2072 1970 2291 2032 fructu
2327 1972 2563 2032 celant.
2597 1972 2770 2046 Ergo
2808 1972 2873 2031 in
2910 1973 3156 2033 fontem
3191 1975 3640 2035 abundantiae
3676 1977 3761 2035 ita

676 2104 707 2148 ».
745 2084 1054 2155 dilatare,
1091 2086 1157 2139 et
1193 2079 1286 2138 ita
1321 2078 1386 2137 in
1420 2078 1701 2152 mystica
1747 2076 2122 2136 eruditione
2156 2075 2375 2149 efflue,
2429 2082 2502 2134 ut
2537 2077 2633 2135 illi
2668 2078 2752 2137 ab
2786 2077 3110 2137 effusione
3160 2080 3579 2155 irrigationis
3615 2087 3761 2141 tuae

674 2212 705 2250 1>
745 2190 1236 2258 concutiantur,
1273 2186 1388 2261 qui
1423 2190 1489 2243 te
1521 2191 1796 2260 propter
1828 2184 2477 2259 praevaricationem
2503 2184 2678 2243 Evae
2714 2186 2947 2244 volunt
2981 2188 3555 2263 contemptibilem
3589 2205 3755 2250 esse.

673 2319 704 2357 ι)
744 2300 909 2359 Nam
944 2299 1015 2356 tu
1048 2308 1329 2354 acumen
1365 2290 1562 2366 hujus
1597 2288 2072 2365 profunditatis
2122 2288 2205 2347 ab
2254 2287 2520 2347 homine
2555 2305 2684 2347 non
2717 2290 2927 2365 capiS,
2967 2290 3083 2350 sed
3117 2309 3154 2350 a
3190 2305 3482 2366 superno
3530 2300 3602 2352 et
3637 2301 3757 2353 tre·

671 2423 702 2462 1>
743 2402 980 2463 mendo
1010 2400 1234 2476 judice
1263 2396 1425 2456 illud
1459 2395 1748 2470 desuper
1780 2393 2056 2469 accipiS,
2089 2393 2200 2452 ubi
2235 2393 2582 2467 praeclara
2610 2393 2755 2452 luce
2786 2394 2948 2453 haec
2975 2396 3303 2454 serenitas
3342 2397 3517 2456 inter
3544 2399 3758 2457 lucen-

671 2533 702 2571 »
744 2519 845 2573 tes
883 2510 1147 2570 fortiter
1181 2506 1451 2566 lucebit.
1488 2505 1697 2579 Surge
1732 2520 1915 2578 erg0,
1953 2503 2170 2561 clama
2203 2509 2269 2561 et
2303 2502 2432 2575 dic,
2472 2519 2643 2578 quae
2678 2504 2799 2563 tibi
2854 2502 3219 2563 fortissima
3256 2507 3508 2566 virtute
3552 2508 3755 2568 divini

669 2639 701 2676 »
741 2616 972 2677 auxilii
1011 2612 1543 2673 manifestantur.
1579 2609 1901 2680 Quoniam
1938 2607 2050 2666 ille
2085 2607 2197 2682 qui
2235 2607 2411 2665 omni
2458 2613 2805 2666 creaturae
2842 2624 3004 2666 suae
3039 2615 3344 2684 potenter
3377 2617 3445 2669 et
3479 2611 3757 2687 benigne

672 2740 703 2779 ι
746 2722 1057 2796 imperat,
1098 2719 1315 2791 ipsum
1360 2714 1694 2785 timenteS,
1732 2714 1800 2771 et
1833 2711 1961 2785 ipsi
1999 2710 2189 2769 suavi
2228 2710 2581 2769 dilectione
2619 2711 2681 2768 in
2718 2711 2959 2785 spiritu
2998 2711 3399 2772 humilitatis
3439 2715 3755 2775 famulan-

669 2847 702 2885 Jo
743 2834 868 2900 tes,
906 2824 1214 2884 claritate
1259 2833 1587 2895 supernae
1624 2816 2096 2876 illustrationis
2131 2814 2491 2890 perfundit,
2529 2820 2596 2874 et
2631 2816 2711 2874 ad
2747 2816 2992 2890 gaudia
3027 2822 3339 2876 aeternae
3378 2819 3661 2880 visionis
3695 2822 3752 2878 in

669 2952 702 2991 n
740 2932 849 2992 via
879 2927 1186 3006 justitiae
1220 2924 1730 3000 perseverantes
1764 2920 2089 2996 perducit.
2133 2937 2163 2975 >›

757 3036 784 3096 1
832 3033 1014 3096 Unde
1048 3030 1275 3102 etiam,
1299 3030 1371 3088 ut
1396 3025 1611 3100 videS,
1636 3040 1824 3084 mons
1856 3024 1980 3083 iste
2014 3039 2317 3099 magnus,
2352 3022 2639 3083 ferreum
2676 3024 2971 3084 colorem
2999 3022 3275 3100 habens,
3297 3026 3611 3103 designat
3632 3026 3753 3087 for-

667 3141 1016 3204 titudinem
1054 3142 1122 3196 et
1157 3132 1595 3195 stabilitatem
1629 3129 2052 3189 aeternitatis
2082 3128 2265 3201 regni
2293 3127 2431 3201 Dei,
2464 3144 2634 3203 quae
2669 3129 2851 3187 nullo
2893 3129 3186 3202 impulsu
3220 3129 3511 3189 labentis
3547 3135 3749 3189 muta-

665 3247 948 3309 bilitatis
981 3246 1206 3321 potest
1238 3236 1689 3299 exterminari.
1719 3235 1798 3294 Et
1826 3250 2029 3310 super
2059 3234 2276 3307 ipsum
2304 3234 2575 3309 quidam
2605 3237 2827 3293 tantae
2854 3235 3187 3294 claritatis
3223 3234 3490 3309 sedenS,
3520 3242 3597 3295 ut
3622 3237 3750 3295 cla-

664 3357 832 3416 ritas
867 3351 1082 3428 ipsius
1117 3348 1336 3406 visum
1373 3345 1561 3402 tuum
1598 3339 2004 3411 reverberet,
2059 3336 2372 3411 ostendit,
2412 3332 2478 3395 in
2515 3354 2717 3411 regno
2766 3338 3221 3413 beatitudiniS,
3277 3340 3498 3416 ipsum
3534 3342 3649 3417 qui
3686 3342 3745 3399 in

665 3461 925 3535 fulgore
962 3449 1400 3514 indeficientis
1434 3444 1817 3507 serenitatis
1843 3442 1968 3502 toti
1995 3441 2142 3502 orbi
2176 3443 2506 3501 terrarum
2539 3442 2875 3517 imperans
2904 3459 3193 3519 superna
3218 3443 3598 3519 divinitate,
3635 3446 3747 3503 hu·

662 3564 880 3625 manis
915 3556 1248 3619 mentibus
1283 3547 1978 3625 incomprehensibilis
2013 3552 2140 3619 est,
2188 3545 2304 3605 sed
2339 3546 2422 3605 ab
2458 3552 2740 3621 utraque
2775 3553 2964 3621 parte
2999 3549 3126 3621 sui,
3166 3548 3334 3608 lenis
3370 3550 3610 3609 umbra
3641 3566 3746 3609 ve·

663 3668 758 3727 lut
795 3665 899 3724 ala
937 3662 1143 3720 mirae
1177 3653 1551 3715 latitudinis
1586 3654 1653 3711 et
1686 3648 2144 3725 longitudiniS,
2173 3647 2571 3708 extenditur:
2622 3648 2797 3725 quod
2831 3655 2936 3709 est
2968 3655 3036 3708 et
3071 3650 3135 3708 in
3169 3653 3649 3713 ammonitione
3680 3658 3742 3714 et

665 3773 733 3831 in
766 3765 1206 3840 castigatione
1243 3760 1475 3819 beatae
1509 3755 1918 3815 defensionis
1946 3754 2178 3813 suavis
2212 3758 2277 3811 et
2306 3753 2474 3811 lenis
2500 3755 2852 3828 protectio,
2888 3753 3288 3814 ineffabilem
3317 3756 3653 3831 justitiam
3683 3762 3743 3818 in

663 3868 1162 3951 perseverantia
1194 3879 1396 3924 verae
1431 3860 1795 3937 aequitatis
1824 3858 2006 3934 juste
2039 3863 2107 3916 et
2140 3857 2247 3932 pie
2279 3856 2767 3918 demonstrans,

750 3980 829 4038 11.
855 3977 936 4035 Et
962 3979 1114 4034 ante
1143 3973 1359 4046 ipsum
1387 3966 1469 4026 ad
1499 3964 1790 4024 radicem
1817 3961 2117 4037 ejusdem
2146 3961 2394 4020 montis
2421 3961 2748 4036 quaedam
2781 3961 3019 4036 imago,
3049 3962 3340 4039 undique
3375 3966 3571 4040 plena
3598 3982 3745 4025 ocu-

662 4086 747 4146 lis
781 4084 939 4148 stat,
969 4077 1126 4154 quia
1159 4089 1384 4135 coram
1418 4071 1552 4130 Deo
1583 4070 1648 4129 in
1683 4068 2061 4127 humilitate
2098 4082 2370 4141 regnum
2406 4065 2523 4124 Dei
2560 4066 2942 4141 inspiciens,
2981 4067 3221 4127 timore
3248 4068 3510 4129 Domini
3542 4071 3742 4130 valla-

661 4197 795 4261 tus,
831 4182 1311 4260 perspicuitate
1345 4178 1557 4236 bonae
1589 4180 1656 4233 et
1685 4173 1906 4248 Justae
1945 4171 2352 4243 intentionis,
2392 4169 2687 4229 studium
2713 4177 2780 4229 et
2815 4172 3254 4231 stabilitatem
3290 4189 3484 4232 suam
3518 4175 3586 4234 in
3632 4174 3741 4234 ho-

658 4291 952 4353 minibus
985 4290 1270 4350 exercet:
1326 4282 1417 4340 ita
1451 4277 1627 4355 quod
1661 4278 1809 4352 ejus
1843 4277 2094 4335 nullam
2131 4275 2489 4333 humanam
2525 4273 2805 4334 formam
2843 4291 3002 4349 prae
3039 4276 3206 4351 ipsis
3247 4277 3464 4337 oculis
3496 4277 3736 4338 discer-

659 4412 814 4457 nere
850 4394 1059 4465 vales,
1111 4387 1422 4465 quoniam
1459 4398 1722 4442 omnem
1772 4378 2179 4440 oblivionem
2222 4377 2526 4451 justitiae
2562 4376 2703 4450 Dei,
2755 4394 2952 4452 quam
3006 4378 3275 4453 saepius
3324 4378 3629 4441 homines
3676 4381 3739 4440 in

659 4500 876 4564 taedio
912 4495 1155 4555 mentis
1206 4506 1367 4551 suae
1402 4488 1719 4559 sentiunt,
1772 4500 1892 4560 per
1942 4482 2405 4543 acutissimam
2442 4481 2655 4540 aciem
2694 4481 3125 4556 inspectionis
3159 4498 3322 4542 suae
3351 4484 3445 4543 ita
3487 4485 3732 4561 abjicit,

657 4605 836 4685 quod
873 4599 1176 4662 mortalis
1212 4594 1557 4671 inquisitio
1591 4590 2011 4666 vigilantiam
2046 4588 2192 4662 ejus
2229 4587 2294 4645 in
2324 4586 2672 4645 debilitate
2707 4603 2828 4645 sua
2861 4602 2994 4646 non
3028 4586 3325 4648 discutit.

742 4711 852 4772 111.
887 4706 1068 4768 Unde
1101 4709 1168 4761 et
1201 4706 1354 4761 ante
1392 4700 1610 4770 istam,
1653 4697 1871 4770 imago
1907 4694 2037 4753 alia
2071 4692 2351 4768 puerilis
2386 4692 2656 4765 aetatiS,
2691 4691 2939 4768 pallida
2974 4692 3221 4765 tunica,
3250 4693 3368 4752 sed
3404 4696 3579 4755 albis
3613 4697 3739 4756 cal-

650 4812 1017 4880 ceamentis
1067 4808 1296 4868 induta
1330 4809 1630 4879 apparet,
1683 4800 1839 4876 quia
1872 4796 2313 4874 praecedente
2350 4797 2588 4856 timore
2621 4795 2903 4870 Domini,
2958 4796 3055 4855 illi
3089 4797 3206 4872 qui
3247 4813 3577 4874 pauperes
3611 4800 3739 4876 spi-

651 4928 786 4986 ritu
823 4924 1001 4988 sunt,
1051 4914 1575 4986 subsequuntur,
1614 4906 1925 4982 quoniam
1963 4904 2166 4962 timor
2196 4901 2457 4963 Domini
2510 4902 2575 4960 in
2621 4900 2972 4961 devotione
3015 4901 3417 4961 humilitatis
3457 4901 3741 4962 beatitu-

650 5024 871 5089 dinem
906 5014 1319 5098 paupertatis
1371 5011 1650 5086 spiritus
1703 5008 1966 5067 fortiter
2002 5011 2204 5079 tenet3
2235 5021 2405 5081 quae
2431 5020 2561 5064 non
2589 5004 3012 5080 jactantiam,
3049 5019 3171 5064 nec
3204 5005 3561 5064 elationem
3596 5021 3737 5064 cor-

649 5133 751 5190 dis
786 5125 1059 5203 appetit,
1099 5122 1210 5180 sed
1249 5115 1747 5192 simplicitatem
1799 5118 1865 5170 et
1914 5111 2350 5170 sobrictatem
2387 5109 2628 5167 mentis
2663 5108 2905 5183 diligit,
2936 5125 3064 5167 non
3093 5108 3245 5183 sibi,
3284 5108 3400 5166 sed
3428 5108 3585 5181 Deo,
3623 5123 3734 5164 ve-
