4036 6117
708 473 841 536 566
1870 493 1923 536 s.
1975 492 2514 542 unna-,camus

639 609 964 688 speritate
1021 607 1379 684 aliquando
1440 607 1695 683 surgit,
1752 609 1911 686 quia
1964 608 2144 671 Deus
2200 611 2533 677 hominem
2587 611 2778 686 fecit,
2828 619 2895 673 et
2952 614 3313 692 aliquando
3363 618 3716 689 evanescit,

636 728 844 790 quum
896 712 977 771 de
1008 711 1142 771 Deo
1190 710 1474 771 dubitat.
1512 711 1636 771 Sed
1684 718 1750 772 et
1786 716 2181 776 nocturnale
2231 723 2494 793 tempus
2544 716 2935 778 contristari
2969 718 3183 787 decet.
3222 719 3382 796 quia
3429 736 3581 781 cum
3619 721 3722 781 ho-

640 831 750 875 mo
800 829 919 891 per
953 816 1431 891 proprietatem
1483 815 1799 876 desiderii
1835 825 1903 878 et
1951 819 2322 880 voluntatis
2372 835 2533 881 suae
2584 820 2649 878 in
2697 822 2992 896 peccatis
3043 814 3176 906 [in]
3225 824 3491 900 nigram
3541 825 3720 900 quasi

638 925 905 983 noctem
954 936 1027 979 se
1064 919 1387 995 implicat,
1441 936 1587 979 cum
1627 921 1906 982 tristitia
1956 939 2159 999 saepe
2194 925 2601 995 circumdat,
2655 925 2813 1001 quia
2846 926 3100 987 nullam
3135 942 3327 1002 spem
3358 926 3444 986 ad
3492 925 3723 1002 gaudia

638 1040 918 1105 operum
970 1039 1246 1083 suorum
1283 1023 1504 1083 habet.
1553 1024 1761 1099 Unde,
1800 1042 1839 1084 o
1877 1024 2073 1086 miles
2122 1027 2408 1103 Christi,
2447 1031 2578 1105 legi
2610 1030 2729 1090 Dei
2765 1029 3065 1106 subjace,
3101 1035 3422 1106 quantum
3460 1045 3611 1089 eam
3641 1030 3728 1089 vi·

642 1126 803 1187 dere
835 1132 1052 1203 poteS,
1089 1129 1157 1187 et
1189 1128 1449 1203 virgam
1484 1129 1926 1189 correctionis
1962 1130 2028 1189 in
2063 1147 2261 1191 manu
2312 1137 2429 1193 tua
2461 1133 2831 1195 secundum
2879 1139 3241 1210 praecepta
3273 1133 3444 1208 legis
3494 1133 3611 1192 Dei
3644 1139 3729 1194 te-

641 1247 748 1307 ne,
787 1233 879 1293 ita
912 1232 1090 1311 quod
1135 1233 1201 1292 in
1236 1238 1577 1293 aeternum
1630 1232 1844 1310 vivas3
1897 1240 1965 1293 et
2014 1236 2114 1294 sic
2163 1238 2590 1298 nocturnales
2639 1243 3078 1313 tempestates
3128 1238 3300 1298 istas
3349 1236 3532 1313 fuge,
3581 1236 3727 1312 quia

639 1334 818 1403 Deus
854 1336 954 1396 sic
987 1335 1154 1410 vult;
1190 1340 1258 1396 et
1291 1335 1376 1399 ad
1407 1336 1723 1428 animalia
1759 1336 1897 1411 illa,
1935 1352 2108 1413 quae
2140 1338 2433 1416 undique
2467 1342 2699 1403 oculos
2734 1339 3004 1414 habent,
3041 1339 3293 1421 aspice,
3329 1340 3426 1399 ita
3458 1337 3639 1415 quod
3670 1338 3727 1396 in

643 1440 955 1505 omnibus
991 1440 1192 1501 rebus
1231 1439 1364 1499 tuis
1399 1440 1480 1499 ad
1513 1439 1721 1499 Deum
1758 1440 2011 1517 videaS,
2052 1444 2385 1519 quatenus
2418 1459 2619 1505 carus
2653 1444 2771 1504 Dei
2806 1444 2983 1505 filius
3018 1442 3404 1509 nomineris,

1914 1758 1982 1817 N
1982 1805 2470 1818 ........

722 1916 1061 1973 Sanctorum
1087 1914 1372 1972 orationes
1398 1915 1513 1971 Deo
1539 1918 1726 1984 gratas
1752 1913 2021 1970 ostendit.

728 2057 821 2118 De
855 2058 1120 2117 vivente
1156 2057 1407 2116 lumine
1442 2055 1607 2115 haec
1639 2057 1846 2116 verba
1882 2055 2020 2116 vidi
2053 2063 2121 2116 et
2170 2057 2417 2119 audivi.
2456 2058 2690 2118 Merita
2739 2062 3125 2117 sanctorum
3168 2071 3394 2116 coram
3444 2070 3609 2115 vero
3643 2072 3739 2115 so·

647 2162 711 2223 le
748 2160 1122 2234 fulminant,
1175 2164 1242 2219 et
1275 2159 1506 2219 eadem
1558 2158 1863 2220 homines
1911 2167 2386 2235 praecurrunt,
2438 2162 2596 2237 quia
2644 2175 2852 2237 opera
2900 2161 3189 2219 istorum
3221 2165 3289 2219 et
3335 2159 3511 2218 bona
3545 2174 3739 2233 opera

648 2265 993 2326 hominum
1043 2281 1240 2325 unam
1278 2264 1803 2340 complexionem
1855 2280 1975 2339 per
2008 2265 2182 2325 bona
2230 2265 2563 2327 desideria
2597 2266 2680 2327 ad
2729 2265 2936 2326 Deum
2987 2263 3130 2345 (fol.
3182 2262 3340 2343 109)
3379 2268 3633 2339 tenent;
3678 2270 3739 2323 et

650 2368 802 2428 ideo
853 2368 1158 2429 homines
1208 2367 1687 2427 salutationem
1735 2367 2116 2428 orationum
2166 2368 2251 2429 ad
2302 2369 2587 2428 invicem
2636 2368 2907 2444 habent,
2959 2373 3032 2428 ut
3062 2366 3346 2426 Ioannes
3393 2366 3462 2425 in
3496 2367 3744 2440 Apoca-

649 2471 823 2548 lypsi
859 2471 1048 2532 vidit:
1086 2473 1170 2533 Et
1219 2471 1518 2531 ascendit
1549 2473 1781 2549 fumus
1828 2474 2251 2532 incensorum
2287 2474 2367 2532 de
2415 2473 2815 2533 orationibus
2849 2478 3229 2532 sanctorum
3275 2472 3355 2530 de
3388 2488 3601 2529 manu
3634 2487 3744 2528 ‹m-

647 2577 784 2654 9eli
829 2593 1047 2637 coram
1082 2577 1234 2637 Deo.
1283 2570 1330 2655 ¹)
1366 2576 1549 2637 Unde
1596 2577 1801 2637 etiam
1835 2576 2141 2638 eamdem
2190 2578 2663 2638 salutationem
2707 2576 3051 2652 diligentis
3101 2581 3167 2636 et
3197 2576 3480 2636 devotae
3510 2572 3564 2653 ²)
3605 2588 3747 2635 ora-

649 2679 857 2740 tionis
905 2680 1140 2756 igneus
1173 2679 1464 2757 Spiritus
1511 2680 1626 2740 Dei
1660 2682 1730 2741 et
1761 2681 1954 2740 vobis
1987 2686 2056 2741 et
2087 2682 2278 2742 nobis
2309 2682 2529 2743 donet.
2571 2682 2733 2742 Nam
2772 2682 2839 2741 in
2871 2680 2998 2742 hoc
3030 2679 3446 2741 lamentabili
3484 2685 3738 2754 tempo-

653 2798 732 2843 re
764 2783 932 2843 rami
976 2784 1316 2845 Ecclesiae
1350 2791 1687 2860 arescunt,
1740 2790 1806 2846 et
1842 2787 2223 2848 viriditates
2268 2789 2597 2849 virtutum
2633 2788 2769 2847 vim
2819 2788 3189 2864 patiuntur,
3229 2786 3346 2847 sed
3384 2789 3613 2847 tamen
3644 2800 3748 2843 ve·

652 2890 762 2951 lox
811 2906 1050 2953 cervus
1085 2893 1483 2970 quandoque
1531 2894 1776 2968 veniet,
1816 2894 1930 2970 qui
1974 2893 2312 2970 justitiam
2360 2894 2477 2953 Dei
2525 2894 2851 2970 evigilare
2900 2893 3120 2955 faciet.
3155 2894 3236 2955 Et
3271 2893 3442 2953 idem
3480 2907 3745 2959 cervuS,

654 2993 918 3053 scilicet
966 2994 1181 3055 bonus
1230 2997 1624 3072 praeliator,
1678 3002 1782 3067 te,
1834 2996 1928 3056 fili
1975 2997 2116 3068 Dei,
2169 2997 2435 3075 operari
2470 2997 2537 3056 in
2573 2996 2863 3057 fortibus
2912 2997 3278 3057 virtutibus
3317 2995 3540 3070 faciat,
3596 2995 3749 3071 quia

653 3103 799 3162 vult
832 3109 906 3162 ut
938 3104 1172 3164 vivens
1210 3105 1379 3180 lapis
1417 3106 1483 3163 in
1516 3103 1793 3163 coelesti
1827 3102 2207 3164 Jerusalem
2241 3105 2358 3164 sis,

1894 3435 1960 3493 N
1962 3481 2516 3494 .........

732 3574 955 3632 Priscas
980 3575 1277 3647 cujusdam
1306 3576 1447 3631 abba
1459 3575 1534 3631 tis
1561 3582 1620 3632 et
1645 3590 1774 3631 suas
1801 3589 2098 3631 aerumnas
2125 3580 2423 3632 memorat.

752 3711 1059 3772 Animam
1112 3718 1294 3771 tuam
1327 3704 1378 3790 ³)
1432 3712 1498 3770 in
1533 3718 1596 3771 te
1645 3712 2127 3776 clarescentem
2162 3713 2227 3772 in
2273 3711 2408 3772 Deo
2456 3711 2683 3787 video,
2734 3717 2803 3772 et
2850 3710 3185 3772 turbinem
3234 3708 3535 3771 validum
3585 3708 3753 3770 inter

665 3816 912 3876 fratres
961 3822 1137 3890 tuos;
1176 3815 1293 3876 sed
1343 3820 1568 3875 tamen
1606 3831 1736 3876 non
1787 3815 2109 3891 majorem
2143 3814 2375 3891 priori,
2427 3820 2496 3875 et
2527 3816 2732 3880 etiam
2765 3814 3095 3890 quosdam
3129 3812 3478 3890 squalidos
3510 3812 3605 3872 ibi
3639 3827 3754 3888 per

664 3922 1016 3984 lasciviam
1064 3923 1308 3983 mentis
1343 3923 1562 3997 vide03
1615 3924 1732 3982 sed
1769 3922 1895 3983 hoc
1929 3922 2304 3981 claustrum
2352 3922 2839 3982 aedificationis
2885 3920 3005 3981 Dei
3040 3920 3388 3996 speculum
3437 3918 3752 3979 sanctita·

666 4029 758 4088 tis
794 4028 969 4087 inter
1001 4027 1248 4087 multos
1286 4026 1530 4087 fratres
1564 4042 1739 4099 esse,
1777 4031 1845 4085 et
1879 4025 2154 4086 labores
2180 4025 2278 4085 tui
2315 4025 2607 4085 minores
2650 4031 2807 4104 sunt
2840 4040 3043 4101 quam
3093 4024 3281 4083 initio
3315 4022 3748 4097 incoepisses.

666 4133 855 4194 Nunc
900 4135 1158 4209 virgam
1195 4135 1633 4194 correctionis
1680 4133 1796 4193 Dei
1845 4134 1912 4192 in
1960 4132 2333 4192 stabilitate
2382 4138 2653 4191 strenue
2703 4131 2897 4206 habe,
2934 4146 3016 4190 ne
3064 4131 3186 4192 tibi
3217 4129 3393 4189 Deus
3444 4130 3752 4188 minetur.

669 4240 906 4299 Anima
954 4244 1068 4300 tua
1103 4240 1193 4300 sit
1243 4241 1308 4299 in
1341 4239 1756 4316 amplexione
1789 4237 2081 4297 viventis
2117 4235 2409 4297 luminis.
2446 4235 2637 4297 Deus·
2658 4253 2780 4298 nos
2816 4235 3119 4312 adiuvet,
3161 4249 3429 4294 manum
3462 4248 3659 4292 suam
3689 4232 3753 4290 in

667 4345 976 4406 omnibus
1032 4345 1578 4406 tribulationibus
1635 4343 1882 4404 nostris
1940 4342 2382 4418 porrigendo,
2434 4346 2500 4402 et
2552 4342 2643 4408 sit
2700 4341 3032 4410 auxilians
3088 4338 3254 4400 mihi
3307 4335 3755 4420 pauperculae

677 4450 932 4511 formae
967 4451 1031 4510 in
1065 4467 1213 4509 meo
1249 4451 1499 4511 dolore.

745 4889 1056 4946 charitatis
1081 4889 1422 4946 charismata
1449 4887 1730 4945 decantat.

771 5034 892 5092 Illa
940 5031 1084 5091 dies
1115 5032 1370 5108 optima
1417 5037 1542 5105 est,
1580 5045 1752 5106 quac
1802 5030 2063 5089 noctem
2100 5027 2537 5105 malignitatis
2574 5027 2639 5087 in
2673 5025 2871 5088 corde
2906 5007 3193 5088 hominis
3226 5025 3567 5100 obscurat,
3605 5025 3757 5102 quia

760 5201 803 5273 ¹)
827 5202 998 5278 Apoc.
1031 5203 1190 5268 vm,
1220 5208 1366 5270 4,-
1385 5205 1431 5272 2)
1459 5201 1759 5262 natae-cod.
1786 5233 1850 5242 —
1876 5199 1919 5270 ³)
1939 5205 2129 5260 anima
2155 5208 2251 5258 tua
2280 5200 2400 5259 cod.
2431 5198 2685 5272 Epistola
2714 5197 2986 5271 dirigitur
3014 5197 3144 5257 fort.
3176 5196 3245 5254 ad
3272 5195 3758 5269 fflrsaussiensem.
