4036 6117
1223 547 1458 595 Lmen
1507 543 1705 592 Vtra-3
1750 539 2237 590 ΜΕΒῐτοῐωΜ.
2290 541 2347 585 r.
2399 539 2487 585 ιν.
3197 520 3326 582 173

1793 765 1889 826 LI.

1368 962 1463 1022 De
1508 963 1928 1039 poenitentia
1968 976 2093 1036 pro
2141 958 2481 1018 oblivione.

383 1173 486 1233 66.
521 1172 602 1233 Et
648 1170 730 1231 de
762 1169 1066 1246 praefata
1099 1168 1369 1231 vivente
1413 1170 1561 1230 luce
1594 1168 1822 1229 audivi
1854 1183 2092 1229 vocem
2127 1168 2370 1226 iterum
2405 1162 2570 1224 mihi
2605 1162 2959 1221 dicentem:
2995 1156 3176 1219 Haec
3208 1172 3382 1233 quae

300 1277 488 1337 vides
522 1291 684 1336 vera
710 1280 885 1349 sunt,
921 1278 989 1334 et
1019 1279 1095 1333 ut
1127 1290 1207 1334 ea
1232 1273 1444 1349 videS,
1475 1274 1568 1334 ita
1594 1278 1770 1334 sunt.
1797 1272 1981 1334 Unde
2006 1272 2311 1333 homines
2334 1268 2543 1328 Deum
2579 1267 2645 1326 in
2678 1264 3014 1326 oblivione
3057 1265 3384 1334 tenenteS,

297 1381 623 1456 malignos
650 1380 931 1456 spiritus
966 1377 1049 1439 ad
1083 1377 1489 1439 oblivionem
1522 1393 1639 1438 eos
1665 1377 2133 1455 pertrahentes
2169 1374 2449 1450 fugiant,
2484 1377 2556 1433 et
2586 1370 2668 1431 ad
2694 1384 2813 1430 cor
2845 1382 3042 1428 suum
3077 1364 3381 1437 redeant,

296 1485 363 1543 et
394 1483 476 1542 ad
512 1483 898 1543 Creatorem
930 1498 1127 1543 suum
1173 1487 1242 1542 et
1274 1482 1358 1542 ad
1391 1497 1597 1559 opera
1631 1482 1812 1542 illius
1848 1482 2231 1556 respiciant;
2266 1485 2337 1540 et
2367 1493 2449 1538 ne
2483 1474 2806 1552 praefatis
2840 1472 3072 1548 poenis
3105 1468 3384 1546 punian-

303 1594 430 1661 tur,
467 1603 587 1664 per
620 1588 888 1665 aliquod
921 1591 1186 1663 tempus
1218 1588 1304 1648 ab
1337 1587 1718 1648 hominibus
1752 1603 1825 1647 se
1852 1590 2185 1662 separent,
2214 1588 2280 1645 et
2305 1583 2670 1660 asperitate
2693 1580 2984 1641 vestium
3014 1593 3092 1638 ac
3111 1574 3388 1652 jejuniis

299 1694 362 1750 et
395 1692 702 1768 flagellis,
736 1692 1102 1752 secundum
1132 1692 1506 1768 jussionem
1541 1691 1668 1752 sibi
1705 1689 2155 1768 praesidentis
2191 1689 2498 1762 rectoriS‚
2539 1703 2610 1745 se
2646 1685 2995 1759 castigent.

1785 1917 1910 1978 LII.

1485 2114 1578 2173 De
1626 2114 1783 2171 vitio
1831 2109 2195 2170 oblivionis

387 2318 492 2379 67.
527 2319 692 2379 Nam
731 2319 980 2379 oblivio
1015 2319 1130 2379 Dei
1164 2320 1498 2395 pessimas
1531 2319 1973 2395 cogitationes
2008 2318 2392 2378 hominibus
2431 2315 2752 2390 immittit,
2789 2319 2856 2373 et
2887 2314 2988 2373 eis
3022 2311 3383 2387 persuadet

298 2424 370 2481 ut
413 2422 656 2483 dicant:
694 2422 1033 2493 Quomodo
1080 2422 1286 2482 Deum
1325 2424 1500 2483 scire
1549 2439 1924 2499 possemuS,
1961 2438 2162 2499 quem
2209 2437 2548 2498 nunquam
2582 2418 2910 2479 vidimus?
2940 2418 3020 2477 Et
3052 2415 3385 2493 quomodo

237 2552 244 2563 ·
295 2524 420 2585 hoc
458 2526 801 2587 attendere
832 2528 1234 2602 valeremuS,
1263 2527 1438 2604 quod
1464 2544 1780 2604 nunquan
1807 2526 2264 2588 intuebamur?
2289 2526 2501 2586 Homo
2528 2524 2643 2601 qui
2678 2524 2839 2583 talia
2865 2522 3184 2600 loquitur,
3224 2521 3383 2582 Cre-

299 2629 509 2688 atoris
543 2630 650 2688 sui
699 2646 830 2689 non
862 2631 1184 2706 meminit,
1237 2631 1549 2706 quoniam
1601 2630 1914 2691 tenebrae
1964 2630 2380 2699 infidelitatis
2428 2645 2544 2689 cor
2584 2628 2729 2705 ejus
2777 2624 3386 2687 circumdederunt.

298 2731 567 2803 Quando
599 2734 775 2793 enim
811 2734 1006 2795 homo
1043 2736 1274 2812 lapsus
1308 2741 1435 2811 est,
1464 2737 1682 2797 omnis
1717 2738 2029 2797 creatura
2060 2752 2214 2796 cum
2247 2751 2326 2796 eo
2360 2735 2747 2796 obnubilata
2778 2735 2901 2793 est.
2927 2733 3104 2792 Deus
3138 2729 3386 2806 quippe

299 2837 633 2899 hominem
659 2845 872 2899 totum
907 2840 1201 2900 lucidum
1235 2847 1606 2917 creaverat,
1643 2842 1738 2901 ita
1769 2841 1944 2918 quod
1984 2841 2097 2901 ille
2132 2842 2356 2901 lumen
2381 2840 2728 2917 purissimi
2762 2836 3056 2899 aetheris
3086 2834 3278 2908 vidit,
3315 2835 3385 2893 et

296 2943 471 3019 quod
519 2959 790 3003 carmen
837 2944 1213 3020 angelicum
1261 2946 1595 3020 cognovit,
1649 2961 1727 3005 ac
1775 2961 1929 3004 eum
1976 2948 2166 3006 tanta
2214 2946 2521 3005 claritate
2572 2943 2901 3017 induerat,
2953 2940 3130 3017 quod
3179 2938 3383 3000 etiam

297 3062 536 3123 magno
587 3047 941 3125 splendore
991 3048 1274 3110 lucebat.
1312 3048 1436 3109 Sed
1487 3048 1611 3110 hoc
1659 3052 1874 3111 totum
1916 3050 2284 3126 jussionem
2332 3049 2449 3111 Dei
2497 3046 3045 3138 transgrediendo
3092 3042 3385 3121 perdidit

299 3152 471 3211 unde
519 3158 595 3238 et=
619 3153 947 3213 elementa
982 3170 1131 3213 cum
1181 3170 1259 3214 eo
1297 3155 1362 3214 in
1395 3155 1585 3231 pejus
1620 3158 2028 3216 commutata
2077 3162 2251 3230 sunt;
2290 3155 2407 3215 sed
2443 3159 2665 3216 tamen
2715 3152 2966 3230 aliquid
2992 3148 3284 3211 luminis
3316 3148 3386 3206 in

300 3271 370 3314 se
405 3255 807 3333 habuerunt,
836 3259 1150 3333 quoniam
1185 3262 1534 3335 peccatum
1561 3260 1737 3336 quod
1773 3259 1970 3320 homo
2008 3259 2281 3334 fecerat,
2320 3260 2433 3318 illa
2459 3275 2577 3334 per
2610 3255 3217 3333 transgressionem
3251 3268 3382 3311 non

299 3359 864 3433 perpetraverant.
902 3359 1319 3437 Quapropter
1345 3361 1540 3421 homo
1572 3361 1784 3421 Deum
1816 3361 2172 3437 intelligat,
2209 3368 2276 3422 et
2309 3378 2461 3422 eum
2498 3361 2580 3420 ad
2618 3362 2850 3420 intima
2884 3357 3106 3419 cordis
3141 3355 3247 3416 sui
3282 3369 3383 3414 re-

301 3462 521 3538 ducat,
559 3466 780 3526 sciens
807 3467 982 3543 quod
1017 3484 1147 3527 non
1178 3484 1297 3544 per
1330 3468 1534 3528 alium
1569 3483 1772 3544 quam
1806 3483 1924 3544 per
1955 3467 2188 3544 Deum,
2226 3469 2338 3544 qui
2374 3484 2636 3528 omnem
2659 3463 2706 3547 ¹)
2743 3471 3118 3526 creaturam
3154 3476 3389 3538 proce-

300 3565 454 3626 dere
491 3567 669 3644 fecit,
721 3575 985 3630 creatus
1027 3576 1153 3644 est,
1206 3586 1284 3630 ac
1316 3586 1466 3631 eum
1499 3568 1550 3648 ²)
1586 3571 1652 3631 in
1694 3573 2015 3631 memoria
2051 3571 2263 3632 bonae
2298 3572 2616 3632 scientiae
2650 3586 2911 3648 semper
2945 3571 3189 3641 teneat,
3225 3579 3387 3642 que-

301 3668 722 3731 madmodum
758 3673 1082 3748 scriptum
1115 3675 1238 3733 est:

1755 3884 1914 3947 LIII.

1351 4092 1552 4154 Verba
1599 4095 1678 4154 de
1731 4094 1893 4157 libro
1944 4099 2328 4175 sapientiae.

385 4293 494 4356 68.
534 4295 859 4358 Memento
911 4298 1236 4359 creatoris
1285 4301 1386 4360 tui
1419 4302 1491 4360 in
1532 4298 1757 4363 diebus
1788 4300 2171 4377 juventutis
2219 4310 2395 4379 tuae,
2447 4309 2802 4384 antequam
2851 4304 3068 4366 veniat
3120 4310 3379 4382 tempus

301 4402 680 4478 afflictionis
713 4409 888 4475 tuae,
923 4409 984 4461 et
1022 4411 1395 4464 revertatur
1425 4396 1646 4482 pu'lvis
1681 4409 1753 4467 in
1787 4414 2040 4468 terram
2074 4427 2262 4468 suam
2308 4410 2487 4469 unde
2522 4415 2689 4486 erat,
2740 4416 2802 4470 et
2839 4412 3113 4487 spiritus
3149 4407 3375 4468 redeat

300 4504 383 4563 ad
418 4505 772 4564 Dominum
802 4509 916 4582 qui
951 4508 1130 4567 dedit
1167 4509 1382 4569 illum.
1417 4503 1466 4587 ⁸)
1502 4509 1684 4580 Quod
1721 4511 1922 4572 etiam
1968 4513 2068 4572 sic
2118 4513 2621 4588 intelligendum
2670 4520 2794 4574 est.
2830 4513 2927 4573 Tu
2973 4513 3088 4590 qui
3137 4512 3382 4588 glorio-

301 4623 442 4667 sam
491 4609 698 4668 vitam
752 4612 821 4671 et
875 4612 1172 4687 requiem
1233 4614 1654 4674 aeternitatis
1713 4614 1960 4677 habere
2017 4617 2384 4692 desideraS‚
2446 4619 2512 4677 in
2568 4618 2761 4679 bonis
2815 4623 2883 4677 et
2929 4618 3181 4678 sanctis
3228 4630 3382 4693 ope-

299 4711 509 4786 ribuS,
561 4715 891 4773 memento
941 4715 1120 4775 illius
1169 4717 1284 4792 qui
1334 4723 1398 4776 te
1446 4719 1723 4794 creavit,
1773 4726 1839 4779 et
1889 4719 2014 4780 hoc
2049 4722 2254 4781 etiam
2305 4720 2511 4781 facies
2547 4722 2613 4782 in
2658 4721 2894 4782 diebus
2942 4718 3380 4796 germinantis

300 4816 476 4877 vitae
510 4819 686 4891 tuae,
718 4819 785 4877 in
818 4818 1061 4894 quibus
1095 4822 1347 4880 crescis
1380 4825 1447 4882 et
1479 4821 1788 4898 procedis
1826 4825 1889 4883 in
1924 4825 2305 4900 sanctitate,
2343 4830 2697 4903 antequam
2725 4827 2847 4888 tibi
2872 4831 3185 4887 occurrat
3216 4831 3381 4885 tem-

300 4933 425 4993 pus
459 4920 648 4996 illud,
682 4937 815 4999 quo
848 4924 1121 4999 sanguis
1154 4927 1220 4986 et
1268 4941 1436 4986 caro*
1458 4933 1574 4987 tua
1606 4927 1935 5005 deficiant,
1973 4932 2040 4990 et
2089 4946 2245 4990 ossa
2280 4933 2392 4991 tua
2440 4932 2878 5007 denudentur,
2914 4937 2980 4990 et
3022 4935 3378 5005 antequam
3445 4960 3457 4970 ·

305 5026 681 5085 revertatur
711 5026 881 5087 cinis
908 5029 1210 5106 corporis
1236 5031 1335 5090 tui
1362 5031 1427 5091 in
1452 5033 1795 5106 pulverem
1823 5039 2066 5110 terrae,
2102 5036 2184 5095 de
2218 5052 2350 5112 qua
2387 5035 2603 5098 factus
2635 5054 2732 5113 eS‚
2770 5038 2837 5097 in
2862 5036 3147 5097 alienam
3172 5033 3381 5092 vitam

379 5203 419 5266 ¹)
451 5204 616 5260 Deum
644 5223 795 5279 quem
821 5209 912 5266 W.
947 5242 1006 5249 -—
1035 5213 1080 5280 ²)
1107 5229 1171 5268 ac
1194 5230 1308 5269 eam
1335 5218 1394 5270 in
1420 5219 1726 5273 memoriam
1752 5215 1842 5271 W.
1878 5248 1944 5257 —-
1969 5215 2013 5286 ³)
2041 5215 2191 5274 Eccl.
2222 5215 2355 5282 ΧΠ,
2384 5217 2445 5276 L.
