4036 6117
1356 500 1772 547 EXPOSITIO
1822 501 2487 548 EVANGELIORUM.
3275 487 3404 550 249

364 624 429 679 et
487 618 758 680 claritas
793 618 948 695 Dei,
1000 617 1312 678 videlicet
1346 619 1777 694 adjutorium,
1816 621 2259 698 circumfulsit
2294 622 2444 679 illos
2479 620 2935 681 sustentanda
2977 623 3056 682 Et
3094 626 3467 684 timuerunt

365 726 601 782 timore
634 740 891 800 mayno,
929 723 1243 799 quoniam
1281 722 1499 782 adhuc
1538 724 1602 782 in
1634 740 1882 798 pavore
1919 728 2097 799 sunt,
2135 726 2465 801 quomodo
2499 723 2850 785 Diabolum
2885 726 3259 787 devincant.

455 832 536 891 Et
586 832 759 890 dixit
793 832 931 890 illis
982 830 1422 904 ostendendo,
1474 832 1783 907 anqelus,
1839 832 1901 889 id
1937 839 2042 891 cst
2091 833 2310 907 gratia
2340 833 2489 893 Dei:
2542 833 2760 893 Nolite
2797 837 3074 907 timere,
3129 836 3191 895 id
3226 842 3332 896 est
3378 853 3461 896 ne

365 934 709 1009 dubitetis;
761 954 906 995 ecce
955 937 1135 993 enim
1184 934 1554 1010 evanqelizo
1603 934 1771 993 vobis
1819 936 2138 1011 qaudium
2170 955 2481 1013 maynum
2509 978 2528 1007 ‚
2582 937 2839 996 scilicet
2896 953 3204 1013 magnam
3252 940 3469 999 virtu-

271 1074 274 1075 ν
361 1039 497 1095 tem
549 1036 613 1094 in
649 1035 987 1111 spiraculo
1036 1036 1239 1110 vitae,
1275 1036 1445 1112 quod
1495 1039 1622 1095 erit
1656 1039 1836 1095 omni
1863 1038 2132 1114 populo,
2169 1038 2327 1113 quia
2362 1039 2734 1097 communis
2769 1044 2874 1098 est
2906 1040 3216 1100 omnibus
3253 1041 3464 1101 homi-

362 1141 584 1215 nibuS,
635 1143 793 1217 quia
838 1146 1035 1200 natus
1070 1146 1164 1198 est
1217 1139 1385 1199 vobis
1419 1142 1606 1201 hodie
1646 1141 1973 1209 Salvator,
2012 1143 2106 1200 ita
2157 1143 2222 1200 in
2255 1130 2449 1201 vobis
2498 1148 2651 1202 nata
2686 1149 2792 1202 est
2839 1150 3074 1203 sancta
3124 1144 3465 1204 rationali-

363 1251 494 1320 tas,
524 1260 695 1321 quae
729 1251 834 1303 est
868 1243 1177 1304 Christus
1201 1243 1547 1318 DominuS,
1583 1245 1664 1303 de
1690 1245 1824 1304 Deo
1860 1246 2158 1320 venienS,
2189 1249 2261 1306 in
2295 1249 2557 1306 civitate
2588 1247 2824 1316 David,
2856 1247 3118 1307 scilicet
3152 1247 3217 1306 in
3252 1248 3466 1307 muni-

362 1350 545 1409 tione
580 1348 788 1408 totius
827 1348 1229 1408 sanctitatis,

453 1454 535 1515 Et
585 1456 699 1514 hoc
733 1451 902 1512 vobis
952 1455 1213 1530 siynum
1262 1453 1327 1512 in
1377 1452 1951 1512 manifestatione:
2004 1455 2368 1513 Invenietis
2418 1456 2787 1532 infantem,
2842 1456 3104 1514 scilicet
3153 1453 3465 1514 obedien-

360 1560 548 1633 tiam,
578 1559 826 1636 pannis
875 1559 1270 1632 involutum,
1311 1559 1404 1616 ita
1452 1563 1527 1616 ut
1558 1573 1705 1617 eam
1757 1558 1823 1616 in
1857 1558 2275 1634 amplexibus
2311 1558 2639 1634 habeatiS,
2677 1566 2739 1617 et
2770 1562 3062 1637 positum
3096 1562 3168 1620 in
3198 1577 3466 1637 praese-

352 1665 490 1741 pio,
528 1663 593 1722 id
626 1669 732 1721 est
768 1663 833 1721 in
866 1662 1267 1721 humilitate.

447 1766 528 1826 Et
565 1764 772 1824 subito
819 1766 999 1842 facta
1031 1771 1150 1836 est,
1204 1764 1297 1824 ita
1333 1764 1508 1840 quod
1544 1765 1678 1823 cito
1712 1765 1863 1838 erit,
1902 1783 2053 1824 cum
2085 1766 2338 1842 anyelo,
2376 1765 2635 1825 scilicet
2670 1748 2820 1824 curn
2853 1766 3072 1841 gratia
3106 1765 3248 1839 Dei,
3284 1764 3459 1824 mul-

354 1871 570 1930 titudo
601 1872 885 1930 militiae
920 1871 1238 1944 coelestiS,
1278 1869 1342 1929 id
1378 1875 1483 1928 est
1532 1869 1890 1928 multitudo
1928 1870 2288 1945 virtutum,
2329 1872 2753 1930 laudantium
2789 1872 3001 1932 Deum
3038 1872 3103 1930 in
3137 1870 3463 1930 suavissi-

354 1990 464 2034 mo
499 1974 787 2049 son0,·et
822 1976 1189 2035 dicentium
1226 1974 1293 2033 in
1319 1974 1725 2033 ostensione:
3292 2032 3296 2036 Α

446 2077 676 2137 Gloria
731 2081 805 2137 in
860 2080 1205 2138 altissimis
1263 2078 1434 2152 Deo,
1496 2078 1758 2137 scilicet
1815 2078 1882 2137 in
1932 2078 2218 2137 scientia
2267 2077 2582 2153 bominiS,
2636 2079 2795 2154 quia
2840 2077 3017 2137 Deus
3068 2083 3306 2153 potens
3354 2085 3458 2138 est

349 2183 576 2243 omnia
629 2182 847 2243 facere
881 2189 949 2243 et
995 2189 1419 2259 peccatorem
1455 2182 1536 2241 ad
1582 2183 1792 2241 vitam
1828 2182 2172 2256 reducere,
2210 2188 2271 2241 et
2307 2185 2379 2242 in
2416 2190 2618 2257 terra,
2658 2183 2773 2241 ubi
2808 2182 2871 2241 in
2910 2182 3193 2241 terrenis
3228 2196 3456 2241 versa-

358 2289 467 2346 tus
501 2293 626 2362 est,
659 2305 796 2363 pax
831 2287 1222 2361 hominibus,
1260 2286 1521 2345 scilicet
1558 2287 1623 2344 in
1656 2285 1961 2344 adversis
1997 2285 2380 2345 turbinibus
2412 2286 2809 2360 vanitatum,
2840 2286 3130 2361 quietem
3166 2284 3456 2344 habeant

349 2391 555 2453 bonae
603 2392 995 2466 voluntatis,
1046 2409 1198 2451 cum
1247 2392 1534 2451 libenter
1565 2391 1737 2451 bona
1790 2390 2107 2466 facerent,
2146 2392 2203 2450 si
2256 2392 2322 2450 in
2359 2392 2725 2467 fragilitate
2775 2409 2897 2451 sua
2931 2407 3059 2452 non
3108 2390 3455 2467 praepedi-

351 2500 609 2571 rentur,
649 2494 765 2554 sed
802 2501 1024 2555 tamen
1055 2495 1232 2554 Deus
1269 2496 1332 2555 in
1368 2494 1473 2554 his
1511 2493 1891 2554 hominibus
1928 2494 2247 2569 pacificus
2282 2495 2432 2555 erit.

1795 2858 1992 2965 III.

1085 3118 1164 3177 In
1213 3119 1573 3178 Nativitate
1624 3119 1911 3193 Domini,
1963 3118 2049 3177 ad
2097 3120 2361 3177 tertiam
2415 3119 2700 3180 Missam.

436 3340 517 3401 In
538 3342 893 3419 principie,
921 3336 968 3422 ¹)
999 3343 1259 3402 scilicet
1296 3342 1360 3402 in
1386 3348 1538 3402 ortu
1567 3342 1817 3417 mundi,
1855 3348 1994 3401 erat
2036 3340 2331 3417 Verbum,
2363 3340 2428 3400 id
2462 3345 2565 3399 est
2603 3338 3022 3399 rationalitas
3045 3335 3096 3418 ²)
3133 3353 3304 3414 quae
3338 3343 3445 3397 cst

341 3442 552 3504 Filius
587 3444 897 3520 Verbum;
943 3447 1253 3521 quamvis
1290 3448 1380 3506 sit
1427 3447 1830 3523 principium
1863 3446 2161 3506 omniurn
2194 3450 2682 3518 creaturarum,
2720 3442 2828 3501 hic
2862 3447 3084 3501 tamen
3115 3459 3244 3501 non
3277 3441 3442 3502 dici-

343 3553 455 3608 tur
485 3549 926 3625 principium;
980 3551 1096 3608 sed
1132 3550 1307 3610 idem
1357 3551 1642 3610 Verbum
1680 3549 1906 3610 sonuit
1953 3549 2389 3626 principium,
2427 3547 2603 3624 quod
2654 3553 2760 3607 est
2807 3546 2972 3606 Fiat.
3011 3547 3093 3606 Et
3136 3546 3437 3618 Verbum,

341 3655 601 3715 scilicet
649 3655 1097 3731 rationalitas,
1135 3673 1305 3733 quae
1353 3663 1459 3717 est
1492 3658 1725 3731 Filius,
1761 3663 1902 3716 erat
1952 3656 2133 3734 apud
2169 3656 2402 3729 Deum,
2439 3654 2596 3732 quia
2634 3654 3055 3714 rationalitas
3095 3653 3273 3714 Deus
3310 3665 3434 3716 est.

341 3758 514 3819 Deus
563 3766 784 3820 autem
836 3777 958 3820 nec
1010 3761 1259 3836 samue,
1312 3778 1433 3821 nec
1481 3769 1775 3836 creatuS,
1827 3762 1941 3821 sed
1979 3776 2247 3837 semper
2294 3768 2418 3820 est.
2456 3760 2904 3819 Rationalitas
2956 3766 3181 3818 autem
3215 3759 3438 3819 omnia

337 3863 609 3922 creavit.
648 3862 730 3922 Et
782 3863 959 3923 Deus
993 3870 1136 3923 erat
1196 3864 1489 3939 Verbum,
1529 3865 1687 3940 quia
1733 3864 1909 3924 Deus
1944 3880 2103 3923 vere
2152 3863 2503 3923 rationalis
2537 3868 2664 3937 est,
2716 3861 2831 3921 sed
2870 3862 2933 3920 in
2970 3860 3236 3920 homine
3269 3863 3337 3921 et
3370 3861 3437 3920 in

337 3965 571 4038 angelo
605 3966 1032 4026 rationalitas
1070 3967 1328 4027 initium
1365 3969 1588 4042 habet,
1631 3969 1691 4027 in
1726 3968 1859 4027 Deo
1896 3971 2117 4028 autem
2155 3968 2344 4027 initio
2380 3973 2585 4025 earet.

428 4071 559 4130 Hoc
603 4071 913 4146 Verbum,
974 4072 1236 4132 scilicet
1286 4074 1731 4150 rationalitaS,
1785 4079 1926 4132 erat
1975 4076 2049 4132 in
2092 4075 2451 4149 principio,
2503 4070 2817 4129 videlicet
2865 4069 2929 4128 in
2979 4073 3129 4127 ortu
3179 4066 3430 4140 mundi,

339 4175 512 4249 quod
543 4180 648 4234 est
681 4176 850 4250 Fiat,
890 4178 1069 4253 apud
1104 4177 1341 4250 Deum,
1379 4178 1554 4236 sicut
1590 4178 2009 4236 rationalitas
2046 4182 2112 4236 et
2144 4176 2320 4235 Deus
2356 4191 2560 4234 unum
2596 4174 2752 4248 sint,
2789 4188 2909 4232 nec
2942 4172 3166 4231 divisi.

427 4281 686 4356 Omnia,
716 4283 1029 4342 videlicet
1063 4285 1345 4357 coelum,
1377 4290 1555 4343 terra
1591 4290 1656 4342 et
1691 4289 1954 4343 caetera
1990 4299 2162 4360 quae
2197 4284 2263 4344 in
2290 4283 2390 4342 eis
2426 4286 2605 4355 sunt,
2637 4300 2762 4358 per
2794 4282 3016 4357 ipsum
3039 4281 3221 4357 facta
3247 4284 3424 4353 sunt,

337 4385 399 4445 in
434 4386 559 4447 hoc
608 4388 782 4464 quod
815 4389 990 4448 Deus
1039 4390 1224 4450 dixit:
1261 4391 1426 4451 Fiat.
1480 4392 1563 4452 Et
1601 4395 1741 4450 sine
1790 4394 1950 4468 ipso,
1990 4391 2251 4450 scilicet
2301 4391 2443 4448 sine
2480 4388 2969 4461 rationalitate,
3025 4386 3088 4445 id
3130 4393 3236 4447 est
3283 4387 3427 4447 sine

335 4490 522 4565 Filio,
573 4494 827 4570 factum
877 4503 971 4552 est
1007 4495 1176 4555 nihil
1227 4497 1403 4572 quod
1437 4503 1541 4555 est
1578 4496 2039 4555 contradictiO.
2076 4494 2254 4554 Deus
2291 4494 2598 4568 angelum
2651 4493 3044 4552 rationalem
3093 4491 3270 4561 fecit;
3308 4490 3427 4551 sed

333 4597 505 4672 quod
557 4599 979 4658 rationalitas
1028 4598 1233 4659 Deum
1289 4600 1353 4659 in
1403 4602 1637 4676 angelo
1687 4600 2120 4673 contradixit,
2173 4601 2314 4675 ipse
2348 4616 2476 4658 non
2530 4598 2708 4669 fecit,
2747 4596 2863 4656 sed
2914 4596 3055 4655 fieri
3094 4595 3421 4670 permisit.

333 4701 650 4772 Quamvis
699 4703 901 4762 etiam
936 4705 1067 4764 alio
1117 4704 1311 4765 modo
1348 4705 1799 4780 intelligatur,
1855 4706 1946 4764 ita
1980 4703 2153 4780 quod
2207 4704 2348 4762 sine
2385 4703 2551 4762 Filio
2601 4701 2764 4761 nihil
2806 4700 3054 4759 factum
3102 4698 3209 4759 sit.
3245 4697 3421 4757 Deus

405 4917 446 4982 ¹)
472 4919 632 4975 Joan.
664 4920 713 4982 1,
741 4927 786 4976 1.
826 4924 889 4975 1⁴
909 4924 1040 4986 —2)
1063 4921 1235 4978 Caute
1259 4923 1488 4992 legenda
1513 4929 1645 4979 sunt
1668 4923 1825 4986 haec.
1915 4922 2148 4978 nalitate
2184 4921 2330 4993 apud
2360 4919 2759 4988 Hildcgardcm
2802 4914 3281 4986 frequentissima,
3326 4930 3422 4968 no-

335 5003 418 5058 uti
449 5003 557 5059 alia
585 5005 852 5077 plurima,
878 5022 1021 5076 quae
1048 5023 1159 5063 non
1199 5010 1369 5064 semel
1410 5007 1632 5064 sensum
1660 5024 1827 5079 quem
1919 5007 2164 5062 tavimus
2191 5022 2355 5078 supra
2379 5023 2430 5077 p.
2460 5011 2545 5061 75.
2574 5005 2686 5061 Hic
2715 5020 2846 5059 vero
2868 5004 3119 5058 Verbum
3145 5000 3422 5069 intelligi-

331 5092 531 5147 dicunt
556 5093 1075 5156 accommaditium,
1099 5094 1248 5148 ultra
1274 5094 1568 5149 liberiores
1591 5094 1827 5158 limitcS.
1921 5099 2035 5152 tur.
2066 5099 2130 5148 ut
2158 5094 2324 5163 paulo
2351 5108 2536 5163 supra:
2566 5092 2768 5148 Sancta
2796 5090 3151 5147 rationalitas
3176 5107 3316 5162 quae
3340 5095 3415 5144 est

332 5180 515 5249 ruptis
554 5179 855 5250 repagulis».
887 5177 1197 5250 proferunt.
1227 5180 1391 5235 Plura
1427 5180 1541 5250 jam
1567 5181 1634 5235 de
1662 5185 1828 5237 ratio·
1919 5180 2172 5234 Christus
2199 5179 2483 5234 Dominus.

3223 5276 3263 5313 Q
