4036 6117
1208 515 1448 562 mnan
1496 515 1989 562 COMPOSITAE
2040 514 2486 563 MEDmINAE
3193 496 3326 559 475

399 639 546 701 ...Ut
573 647 795 700 autem
823 654 1126 714 quaeque
1155 655 1262 698 res
1293 639 1594 699 umbram
1631 639 1857 709 habet,
1887 640 1985 699 sie
2020 642 2225 700 etiam
2261 639 2460 700 homo
2488 638 2725 699 umbra
2749 637 2864 697 Dei
2893 644 3017 698 est.
3046 639 3123 699 Et
3158 638 3395 699 umbra

304 742 606 800 ostensio
644 740 941 800 facturae
975 746 1099 815 est,
1151 744 1217 800 et
1251 740 1447 799 homo
1496 741 1970 816 omnipotentis
2004 742 2121 801 Dei
2158 742 2224 801 in
2257 741 2567 802 omnibus
2619 741 2962 800 miraculis
2998 741 3142 800 suis
3175 746 3397 801 osten-

307 844 410 902 sio
459 850 590 914 est,
631 846 901 919 ipseque
951 844 1184 903 umbra
1234 850 1366 914 est,
1419 845 1577 920 quia
1614 845 1874 904 initium
1926 845 2146 906 habet:
2199 845 2374 906 unde
2424 845 2641 905 omnis
2690 845 3005 905 coelestis
3048 844 3395 905 harmonia

307 949 649 1021 speculum
686 948 1070 1008 Divinitatis
1104 954 1229 1022 est,
1268 955 1334 1007 et
1370 948 1567 1008 homo
1603 949 1953 1025 speculum
1987 950 2286 1009 omnium
2322 950 2806 1010 miraculorum
2840 953 2946 1007 est
2979 947 3118 1008 Dei.

382 1092 460 1146 De
487 1094 867 1160 generatione.
1930 1095 2010 1151 De
2037 1102 2221 1168 partu.

313 1175 393 1230 De
419 1177 743 1235 secundina.
1929 1182 2010 1236 De
2036 1181 2425 1239 sensualitate.

313 1260 392 1315 De
420 1262 883 1321 rationabilitate.
1930 1267 2010 1322 De
2037 1266 2298 1324 scientia.

401 1401 634 1458 ...Cum
660 1400 857 1460 homo
886 1401 1230 1476 quodlibet
1255 1420 1425 1478 opus
1451 1402 1555 1461 vel
1584 1403 1954 1478 quamlibet
1979 1404 2193 1462 artem
2219 1418 2340 1479 per
2372 1403 2712 1478 optionem
2737 1407 2804 1462 et
2829 1416 2949 1478 per
2989 1399 3399 1461 desiderium

310 1503 485 1562 scire
536 1504 703 1578 vult,
740 1504 1028 1578 Spiritus
1078 1506 1357 1565 Sanctus
1394 1523 1544 1566 rore
1595 1525 1716 1567 suo
1750 1507 2164 1567 viriditatem
2214 1508 2536 1567 scientiae
2587 1508 2769 1567 illius
2813 1504 3177 1582 perfundit,
3228 1502 3402 1563 unde

306 1614 376 1664 et
409 1606 609 1667 discit
642 1612 709 1668 et
756 1610 936 1684 capit
970 1610 1144 1686 quod
1192 1611 1455 1670 discere
1489 1612 1654 1670 vult.
1693 1611 1875 1670 Sicut
1908 1611 2086 1670 enim
2121 1617 2312 1687 pater
2344 1618 2410 1671 et
2448 1617 2661 1671 mater
2696 1609 2933 1670 infanti
2967 1625 3090 1669 suo
3126 1622 3400 1682 respon-

308 1711 487 1782 dent,
539 1728 691 1771 cum
725 1713 808 1772 ab
842 1715 941 1773 eis
992 1714 1243 1790 aliquid
1279 1716 1469 1790 petit,
1522 1715 1620 1774 sic
1670 1715 1873 1774 etiam
1922 1715 2209 1790 Spiritus
2247 1715 2529 1776 Sanctus
2580 1716 2931 1775 scientiam
2979 1713 3270 1773 hominis
3318 1711 3399 1771 ad

308 1815 680 1889 quamlibet
713 1820 922 1876 artem
958 1817 1295 1893 adjuvat...
1335 1818 1457 1877 Sed
1492 1834 1641 1877 cum
1673 1819 1869 1878 homo
1897 1834 1969 1878 se
1995 1819 2079 1878 ad
2116 1820 2364 1879 malum
2397 1818 2667 1895 aliquod
2694 1823 2762 1879 et
2787 1818 2869 1878 ad
2904 1818 3150 1878 malam
3185 1817 3399 1875 artem

309 1920 537 1990 vertit,
567 1927 633 1979 et
662 1921 823 1979 illud
858 1921 1117 1981 discere
1151 1922 1357 1997 cupit,
1394 1928 1552 1981 tunc
1583 1922 1903 1982 Diabolus
1938 1922 2064 1982 hoc
2098 1924 2353 1998 videnS,
2389 1923 2739 1985 scientiam
2774 1922 2921 1999 ejus
2954 1919 3399 1999 perversitate

308 2027 378 2083 et
411 2025 709 2084 versutia
745 2042 867 2085 sua
898 2025 1106 2101 afflat,
1145 2031 1217 2085 ut
1251 2025 1500 2085 malum
1535 2024 1659 2084 hoc
1695 2026 1825 2086 cito
1861 2026 2147 2087 discat...

389 2166 466 2220 De
495 2166 656 2223 lacte.
1761 2229 1768 2236 ,
1939 2170 2021 2225 De
2048 2169 2306 2226 mulieris
2330 2169 2723 2227 delectatione.

316 2252 395 2305 De
421 2252 679 2308 mulieris
706 2255 1080 2326 subjectione.
1938 2255 2020 2310 De
2046 2255 2155 2310 viri
2182 2254 2577 2312 delectatione.

319 2335 396 2390 De
423 2336 722 2395 adulterio.
1938 2339 2018 2394 De
2045 2340 2212 2396 lunae
2236 2338 2555 2396 mutatione
2580 2345 2641 2396 et
2666 2341 2988 2396 humorum.

316 2420 396 2477 De
421 2421 656 2478 seminis
680 2424 1030 2483 diversitate.
1940 2425 2022 2480 De
2051 2431 2357 2481 menstruo.

316 2508 394 2563 De
421 2510 610 2566 carnis
635 2510 1030 2571 delectatione.
1941 2513 2023 2567 De
2047 2513 2310 2567 arborum
2339 2510 2657 2582 putatione.

314 2593 394 2649 De
422 2595 682 2651 colericis
708 2603 767 2652 et
796 2597 1079 2656 virilibus.
1891 2613 1892 2616 ¹
1941 2598 2025 2652 De
2051 2596 2345 2652 vinearum
2372 2599 2690 2667 putatione.

313 2679 393 2734 De
421 2680 673 2737 renibus.
1941 2683 2023 2738 De
2048 2683 2352 2738 herbarum
2378 2682 2732 2739 collectione.

315 2764 458 2819 ltem
487 2767 556 2822 de
579 2766 733 2823 Adae
758 2767 953 2826 exilio.
1937 2769 2021 2824 De
2046 2782 2340 2840 pomorum
2367 2765 2722 2823 collectione.

314 2850 394 2905 De
420 2851 766 2920 sanguineis,
1939 2856 2022 2910 De
2049 2859 2300 2923 segetum
2329 2853 2625 2910 incisione.

315 2933 396 2990 De
424 2937 823 2994 melancolicis.
1938 2941 2020 2996 De
2047 2946 2297 3012 tempore
2322 2937 2659 2995 seminandi.

316 3021 394 3078 De
421 3022 777 3094 flegmatici&

409 3167 500 3225 De
536 3184 757 3225 somno
806 3166 970 3227 Cum
1004 3169 1179 3227 enim
1229 3169 1427 3229 homo
1464 3170 1734 3245 dormit,
1787 3176 1945 3230 tunc
1993 3169 2285 3229 medulla
2334 3167 2479 3243 ejus
2531 3170 2879 3225 recreatur
2919 3166 2986 3225 et
3027 3164 3305 3241 crescit3
3337 3171 3407 3226 et

314 3290 470 3336 cum
504 3273 762 3348 vigilat,
797 3279 957 3333 tunc
990 3275 1282 3335 medulla
1315 3275 1461 3351 ejus
1497 3277 1987 3352 aliquantulum
2023 3280 2411 3335 attenuatur
2437 3280 2504 3332 et
2535 3271 2949 3347 debilitatur,
2979 3271 3409 3348 quemadmo-

318 3382 475 3442 dum
514 3381 668 3439 luna
703 3379 768 3438 in
802 3386 1158 3454 augmento
1193 3396 1314 3440 suo
1349 3383 1616 3457 crescit,
1653 3389 1719 3442 et
1754 3384 1822 3441 in
1852 3382 2253 3441 detrimento
2290 3394 2411 3437 suo
2444 3375 2799 3450 decrescit;
2835 3378 2903 3436 et
2935 3376 3113 3435 sicut
3146 3375 3409 3436 radices

320 3485 682 3545 herbarum
731 3484 798 3542 in
832 3484 1049 3543 hieme
1083 3485 1491 3545 viriditatem
1547 3487 1612 3545 in
1647 3503 1719 3546 se
1769 3485 2039 3559 habent,
2077 3488 2280 3561 quam
2332 3483 2394 3541 in
2430 3487 2689 3541 aestate
2723 3482 2790 3540 in
2824 3481 3027 3541 flores
3070 3481 3407 3542 emittunt.

318 3590 501 3651 Unde
535 3605 687 3647 cum
723 3589 1012 3648 medulla
1046 3589 1336 3649 hominis
1371 3594 1487 3650 aut
1522 3591 1866 3650 laboribus
1904 3588 2184 3663 fatigata
2226 3591 2350 3660 est,
2389 3591 2504 3645 aut
2537 3585 2791 3660 vigiliis
2841 3588 3210 3660 attenuata,
3249 3590 3408 3646 tunc

323 3695 522 3756 homo
571 3709 809 3769 sopore
855 3692 1274 3768 deprimitur;
1326 3701 1393 3754 et
1442 3695 1584 3753 sive
1635 3697 1790 3768 stet,
1845 3694 1989 3753 sive
2039 3692 2292 3765 sedeat,
2345 3690 2489 3750 sive
2519 3689 2760 3764 jaceat,
2816 3688 3012 3749 facile
3046 3688 3405 3765 obdormit,

317 3801 478 3877 quia
513 3800 734 3858 anima
769 3797 915 3873 ejus
951 3799 1013 3856 in
1050 3799 1197 3874 ipso
1233 3801 1706 3859 necessitatem
1740 3799 2044 3874 corporis
2081 3797 2188 3856 sui
2222 3795 2445 3855 sentit.
2483 3794 2649 3854 Nam
2698 3794 2990 3853 medulla
3023 3795 3278 3869 vigiliis
3312 3800 3412 3855 at-

321 3912 597 3965 tenuata
629 3910 697 3963 et
743 3903 1120 3972 debilitata,
1175 3920 1322 3962 mox
1357 3904 1538 3963 vires
1587 3905 1846 3964 animae
1897 3901 2383 3962 suavissimum
2417 3905 2484 3959 et
2516 3898 2988 3958 dulcissimum
3019 3902 3292 3959 ventum
3328 3914 3410 3959 ex

325 4008 614 4067 medulla
664 4006 1060 4080 producunt,
1113 4007 1227 4081 qui
1276 4022 1482 4066 venas
1517 4007 1672 4065 colli
1720 4012 1788 4065 et
1822 4012 2032 4065 totam
2082 4005 2414 4063 cervicem
2450 4000 2741 4060 hominis
2775 4000 3035 4075 perflat,
3073 4006 3142 4059 et
3176 4000 3292 4076 qui
3327 3999 3413 4060 ad

324 4117 627 4184 tempora
657 4110 918 4183 transit,
941 4115 1007 4167 et
1035 4126 1239 4168 venas
1268 4111 1509 4186 eapitis
1537 4115 1842 4185 occupat,
1865 4114 1932 4167 et
1958 4108 2071 4183 qui
2096 4108 2186 4166 ita
2216 4106 2489 4165 vitalem
2517 4104 2745 4162 flatum
2768 4103 3058 4163 hominis
3077 4103 3414 4178 deprimit:

324 4218 425 4277 sic
458 4216 634 4291 quod
667 4215 865 4274 homo
916 4216 1027 4273 ille
1076 4221 1233 4273 tunc
1280 4221 1385 4274 est
1417 4222 1484 4275 et
1513 4215 1692 4290 Jacet
1726 4214 1910 4273 velut
1945 4211 2359 4272 insensibilis
2392 4215 2459 4269 et
2505 4210 2796 4283 nesciuS,
2834 4214 2901 4267 et
2937 4208 3269 4284 impotens
3303 4207 3412 4267 sui

323 4321 652 4397 corporiS,
703 4335 824 4378 nec
855 4319 1290 4393 intellectum,
1344 4335 1464 4378 nec
1499 4318 1967 4394 cogitationeS‚
2006 4333 2129 4375 nec
2177 4316 2699 4375 sensibilitatem
2747 4321 2907 4375 tunc
2954 4313 3248 4373 scienter
3296 4311 3413 4373 ha·-

327 4427 516 4499 berm,
583 4430 859 4499 excepto
925 4423 1100 4499 quod
1167 4424 1388 4483 anima
1435 4423 1709 4481 vitalem
1758 4422 1989 4480 flatum
2042 4420 2296 4480 inducit
2356 4426 2425 4479 et
2471 4420 2741 4493 emittit,
2792 4419 2972 4478 sicut
3017 4420 3085 4476 et
3133 4414 3417 4491 vigilan-

331 4533 379 4590 ti
431 4529 682 4589 homini
749 4528 929 4602 facit,
981 4534 1048 4587 et
1111 4528 1287 4603 quod
1350 4544 1502 4586 eum
1552 4534 1689 4587 tam
1751 4527 2219 4600 dormientem,
2272 4541 2474 4601 quam
2521 4524 2911 4599 vigilantem
2976 4526 3296 4600 continet,
3345 4529 3417 4585 et

327 4635 507 4711 quod
574 4633 638 4692 in
686 4649 764 4691 eo
815 4638 941 4705 est,
995 4632 1150 4691 dum
1200 4631 1469 4706 dormit,
1523 4632 1700 4691 sicut
1745 4637 1813 4691 et
1877 4631 1942 4689 in
2006 4646 2084 4691 eo
2135 4631 2290 4690 dum
2342 4630 2599 4705 vigilat;
2651 4632 2718 4690 et
2767 4629 2866 4689 sic
2920 4629 3119 4691 homo
3168 4630 3408 4692 obdor-

329 4740 473 4812 mit,
527 4744 598 4797 ut
647 4737 1060 4812 praedictum
1111 4742 1234 4796 est.
1287 4738 1468 4796 Tunc
1516 4737 1736 4796 anima
1770 4734 2061 4795 hominis
2096 4736 2303 4809 illius,
2356 4734 2616 4794 viribus
2666 4734 2810 4794 suis
2852 4735 2935 4795 ad
2964 4751 3037 4795 se
3086 4735 3414 4811 collectiS,

330 4842 693 4903 medullam
726 4842 872 4917 ejus
907 4858 1213 4902 crescere
1249 4841 1431 4916 facit,
1467 4848 1534 4901 et
1568 4841 1922 4915 confortat,
1958 4856 2040 4900 ac
2072 4856 2192 4916 per
2224 4855 2372 4899 eam
2406 4854 2559 4899 ossa
2606 4837 2871 4913 format,
2908 4841 2975 4899 et
3022 4839 3417 4915 sanguinem

330 4946 666 5020 coagulat,
717 4961 986 5004 carnem
1035 4946 1238 5004 etiam
1287 4947 1534 5022 coquit,
1587 4951 1654 5005 et
1703 4945 1963 5020 singula
2015 4944 2314 5004 membra
2364 4944 2734 5018 componit,
2785 4949 2851 5002 et
2900 4944 3299 5019 sapientiam
3348 4949 3417 5002 et

328 5051 684 5111 scientiam
720 5051 786 5109 in
818 5050 1050 5110 eodem
1084 5050 1348 5110 homine
1382 5051 1642 5123 dilatat,
1682 5052 1970 5109 laetante
2004 5050 2144 5109 vita
2177 5049 2344 5127 ejus,
2382 5048 2488 5109 Sic
2521 5064 2681 5124 ergo
2718 5048 2983 5107 homine
3017 5048 3414 5121 dormiente,

333 5157 658 5234 majorem
694 5158 983 5217 calorem
1037 5157 1315 5216 interius
1352 5156 1551 5216 habet
1585 5172 1784 5233 quam
1824 5156 1879 5215 si
1916 5156 2172 5231 vigilet,
2210 5155 2367 5231 quia
2400 5170 2551 5213 cum
2588 5154 2785 5217 homo
2829 5154 3087 5230 vigilat,
3128 5152 3419 5213 medulla
