4036 6117
649 444 782 504 246
1803 459 1856 506 s.
1918 459 2481 507 nxnnssoAnms

578 580 844 655 ducere,
895 579 1092 656 quasi
1127 584 1359 641 contra
1393 579 1635 655 Legem
1674 578 1953 654 facienS,
2005 581 2165 657 quia
2196 581 2367 641 vidit
2415 596 2565 640 eam
2602 578 2924 639 infantem
2960 580 3027 640 in
3067 587 3260 640 utero
3295 579 3680 652 habentem,

577 688 649 742 et
679 698 810 742 non
858 683 939 742 de
973 698 1068 759 se,
1104 688 1172 743 et
1208 683 1602 757 mirabatur,
1642 684 1862 742 sciens
1896 699 2043 743 eam
2079 691 2361 758 castam,
2398 690 2466 744 ct
2497 689 2725 743 tamen
2757 687 3258 760 praegnantem,
3293 682 3603 743 nesciens
3637 698 3675 739 a

577 801 737 862 quo;
774 792 836 846 et
886 788 1090 847 voluit
1125 788 1375 848 occulte
1426 788 1766 846 dimittere
1801 806 1946 846 eam
1968 834 1983 862 ‚
2041 788 2133 847 ita
2168 788 2345 864 quod
2379 788 2649 848 volebat
2684 787 2768 847 ab
2801 803 2881 847 ea
2916 787 3232 847 secedere
3267 793 3542 864 propter
3574 801 3689 843 ru-

579 904 836 950 morem
869 891 1122 968 populi,
1160 891 1258 951 sic
1291 894 1364 951 ut
1396 907 1624 951 omnes
1662 891 2047 966 ignorarent
2081 908 2163 951 an
2197 892 2478 966 viveret,
2516 909 2601 952 an
2634 892 2911 953 obisset.

669 995 846 1056 Haec
870 1001 1094 1055 autem
1126 1013 1199 1055 eo
1233 999 1579 1073 coyitante,
1616 1015 1760 1055 ecce
1796 996 2071 1073 anqelus
2108 996 2373 1056 Domini
2406 998 2481 1056 in
2523 1000 2768 1055 somnis
2804 999 2866 1056 ei
2898 998 3236 1073 apparuit.
3273 995 3442 1066 Quia
3474 995 3542 1053 in
3571 992 3682 1051 his

579 1098 943 1174 dubitavit,
998 1100 1274 1175 angelus
1307 1100 1370 1159 ei
1420 1100 1485 1159 in
1520 1101 1801 1175 somnis,
1856 1105 1922 1159 et
1954 1115 2087 1160 non
2135 1100 2442 1175 vigilanti
2476 1100 2818 1177 apparuit3
2855 1106 2923 1159 et
2955 1100 3274 1178 quoniam
3307 1098 3510 1159 etiam
3545 1097 3680 1173 spi-

580 1202 785 1263 ritum
821 1203 1215 1280 prophetiae
1250 1219 1381 1263 non
1416 1202 1672 1279 habuit,
1710 1206 1771 1263 ei
1806 1203 2059 1264 dicens:
2097 1204 2357 1280 Joseph‚
2394 1204 2490 1283 fili
2526 1204 2760 1279 David,
2795 1205 2935 1264 noli
2968 1206 3228 1277 timere,
3264 1203 3425 1278 quia
3456 1201 3680 1261 timuit

580 1321 703 1383 per
749 1322 897 1367 eam
944 1306 1301 1383 diffamari,
1352 1310 1573 1385 accipe
1626 1308 1908 1369 Mariam
1956 1306 2297 1385 conjuqem
2345 1315 2552 1383 tuam,
2605 1310 2865 1369 tantum
2900 1308 2969 1367 in
3019 1306 3288 1367 foedere
3318 1306 3681 1382 desponsa-

578 1410 805 1471 tioniS.
846 1409 1030 1484 Quod
1076 1413 1249 1472 enim
1287 1412 1362 1471 in
1410 1430 1490 1471 ea
1519 1417 1758 1473 natum
1804 1418 1925 1486 est,
1959 1411 2042 1471 de
2080 1412 2342 1489 Spiritu
2378 1412 2621 1473 Sancto
2652 1417 2772 1472 est.
2812 1413 3044 1474 Pariet
3074 1419 3301 1472 autem
3335 1411 3577 1489 filium,
3614 1415 3672 1467 et

576 1512 827 1575 vocabis
873 1532 1114 1575 nomen
1162 1512 1303 1590 ejus
1354 1515 1602 1577 Jesum.
1655 1516 1804 1593 Ipse
1854 1518 2035 1575 enim
2071 1515 2330 1575 salvum
2360 1518 2563 1594 faciet
2600 1516 2929 1593 populum
2962 1534 3156 1576 suum
3190 1534 3230 1574 a
3255 1516 3546 1592 peccatis
3579 1530 3680 1572 eo-

580 1636 756 1678 rum.
809 1617 933 1679 Sed
981 1635 1133 1680 cum
1164 1619 1410 1695 Joseph
1457 1620 1663 1681 verba
1698 1620 1932 1696 Angeli
1983 1620 2309 1696 audisset,
2348 1636 2500 1680 mox
2550 1621 2619 1680 in
2651 1619 2779 1681 fide
2828 1619 3025 1695 vidit,
3062 1619 3130 1681 et
3177 1618 3464 1680 credidit
3495 1620 3677 1678 nasci

590 1720 1026 1785 Salvatorem.

2098 1936 2175 1997 11.

1946 2145 2095 2205 Alio
2128 2145 2335 2205 modo.

679 2352 842 2415 Cum
874 2359 1041 2414 esset
1067 2354 1461 2432 desponsata
1483 2358 1699 2412 mater
1731 2351 1892 2412 Jcsu
1926 2352 2142 2414 Maria
2174 2351 2431 2429 Ioseph.
2464 2351 2912 2430 Desponsatio
2946 2359 3170 2414 autem
3197 2352 3363 2415 haec
3387 2353 3676 2431 primum

583 2455 654 2518 in
685 2455 1018 2534 baptismo
1069 2457 1597 2535 uniuscuiusque
1629 2455 1846 2517 fidelis
1895 2455 2160 2517 animae
2191 2461 2318 2531 est,
2355 2471 2529 2533 quae
2563 2457 2739 2518 bona
2771 2472 2974 2535 opera
3006 2457 3431 2536 perficiendo,
3467 2462 3679 2519 mater

584 2562 655 2620 et
702 2560 1074 2623 membrum
1104 2560 1264 2622 Jesu
1310 2578 1431 2638 per
1464 2559 1908 2622 salvationem
1944 2560 2455 2621 illuminationis
2488 2558 2800 2623 efficitur.
2834 2561 2999 2623 Nam
3034 2562 3250 2622 fidelis
3284 2563 3528 2636 anima,
3563 2577 3680 2638 per

585 2659 996 2737 baptismum
1028 2663 1296 2741 Joseph,
1334 2665 1399 2724 id
1431 2669 1539 2725 est
1573 2664 1941 2741 sapientiae
1973 2680 2146 2740 quae
2178 2666 2246 2724 et
2279 2664 2345 2723 in
2377 2664 2663 2724 terrenis
2696 2671 2764 2724 et
2797 2666 2865 2724 in
2897 2666 3329 2740 coelestibuS,
3380 2681 3681 2742 quaeque

581 2762 758 2827 bona
784 2768 984 2843 sapit,
1020 2767 1488 2844 desponsatur,
1518 2775 1580 2828 et
1614 2774 1973 2846 antequam
1998 2769 2458 2829 convenirent.
2493 2763 2537 2848 ¹)
2566 2768 2638 2827 In
2664 2769 3068 2844 quibusdam
3095 2770 3559 2829 saecularibus
3587 2771 3679 2828 in-

583 2871 874 2947 venitur,
913 2872 978 2931 in
1011 2878 1231 2932 mente
1263 2872 1595 2950 quaedam
1625 2874 1953 2933 coelestia
1985 2872 2321 2944 meditari,
2358 2872 2440 2932 de
2478 2872 2914 2948 inspiratione
2947 2872 3233 2949 Spiritus
3268 2873 3489 2933 Sancti
3531 2872 3682 2933 edo-

584 2980 714 3035 cta.
766 2974 1004 3054 Ioseph
1039 2982 1291 3048 autem,
1345 2976 1659 3037 videlicet
1694 2977 2054 3052 sapientia,
2106 2979 2208 3036 vir
2240 2975 2383 3051 ejus
2436 2975 2502 3036 in
2537 2975 2803 3036 foedere
2838 2977 3354 3051 benedictioniS,
3407 2992 3556 3036 curn
3594 2977 3680 3036 sit

577 3078 763 3156 justa
800 3079 866 3141 in
912 3082 1245 3149 omnibus,
1283 3097 1415 3142 non
1464 3083 1609 3142 vult
1641 3082 1934 3142 animam
1983 3082 2172 3141 illam
2213 3081 2566 3142 traducere
2615 3081 2697 3140 ad
2734 3081 3134 3156 saecularia,
3171 3083 3330 3159 quia
3363 3081 3681 3141 coelestia

586 3200 790 3261 super
823 3201 896 3247 se
944 3185 1325 3247 meditatur.
1361 3185 1489 3246 Sed
1537 3187 1683 3246 vult
1715 3187 1964 3247 occulte
2000 3187 2342 3246 dimittere
2377 3204 2545 3259 eam,
2587 3185 2652 3244 in
2685 3184 2791 3244 his
2824 3201 2997 3261 quae
3030 3185 3393 3258 desiderat,
3431 3188 3505 3245 ut
3540 3186 3681 3261 ipsa

593 3303 716 3365 per
751 3305 824 3350 se
858 3291 1263 3366 experiatur,
1297 3295 1526 3350 utrum
1553 3290 1682 3350 hoc
1706 3290 1884 3366 quod
1911 3290 2224 3366 incoepit,
2254 3289 2574 3366 perficere
2605 3290 2847 3364 possit,
2884 3306 2969 3349 an
3001 3305 3152 3351 non.
3181 3289 3306 3349 Sed
3340 3305 3492 3349 cum
3521 3289 3682 3348 haec

588 3394 919 3470 sapientia
968 3394 1144 3472 apud
1194 3412 1267 3455 se
1316 3401 1603 3471 tractat,
1655 3415 1800 3456 cccc
1850 3395 2125 3472 anqelus
2176 3395 2444 3456 Domini
2491 3397 2564 3454 in
2600 3395 2877 3468 somnis),
2917 3393 2983 3454 id
3016 3400 3121 3454 est
3168 3393 3534 3454 admonitio
3578 3411 3685 3454 su·

587 3513 835 3573 pernae
886 3499 1348 3576 inspirationis
1383 3500 1452 3559 in
1500 3502 1761 3560 secreta
1795 3499 2045 3575 quiete,
2079 3503 2361 3575 apparet
2393 3501 2455 3558 ei
2501 3500 2756 3559 dicens:
2792 3499 3051 3577 Joseph,
3102 3500 3200 3579 fili
3235 3500 3467 3573 David,
3506 3500 3686 3559 illius

593 3601 854 3661 scilicet
903 3618 1102 3678 quem
1136 3618 1330 3663 nemo
1375 3603 1716 3663 debellare
1750 3609 2011 3679 potest,
2064 3603 2203 3663 noli
2251 3606 2487 3663 timere
2538 3603 2607 3663 in
2639 3603 2777 3662 ulla
2824 3602 3169 3663 dubietate
3208 3607 3507 3682 accipere
3559 3605 3692 3667 Ma·-

589 3707 764 3765 riam
815 3702 1160 3784 conjuqem
1204 3712 1431 3781 tuam,
1481 3706 1549 3766 id
1583 3713 1688 3766 est
1734 3706 1995 3766 fidelem
2031 3707 2359 3781 animam;
2412 3706 2532 3767 sed
2575 3706 2830 3767 confide
2878 3722 3028 3767 eam
3060 3712 3284 3768 tecum
3328 3709 3577 3768 ducere
3610 3706 3691 3767 ad

595 3810 712 3870 illa
746 3826 919 3888 quac
965 3812 1037 3871 in
1067 3811 1202 3871 Deo
1252 3812 1460 3888 sapiS‚
1498 3811 1816 3888 quoniam
1866 3811 2011 3888 ipsa
2048 3811 2168 3871 tibi
2207 3811 2269 3870 in
2307 3817 2541 3872 sancto
2576 3812 2911 3887 baptismo
2952 3813 3312 3888 conjuncta
3345 3819 3467 3873 est.
3508 3813 3690 3886 Quod

590 3918 774 3977 enim
806 3919 881 3978 in
930 3936 1010 3977 ea
1041 3924 1279 3977 natum
1310 3923 1428 3992 est,
1484 3918 1745 3977 scilicet
1778 3917 1955 3993 quod
2005 3917 2073 3976 in
2107 3923 2327 3977 mente
2363 3934 2486 3979 sua
2519 3917 2744 3991 habet,
2782 3919 2862 3978 de
2900 3919 3162 3996 Spiritu
3198 3920 3438 3982 Sancto
3469 3927 3591 3995 est,
3629 3919 3692 3979 id

591 4025 698 4080 est
744 4020 827 4081 de
876 4021 1315 4098 inspiratione
1365 4021 1611 4081 divina.
1665 4023 1898 4082 Par-iet
1947 4027 2172 4080 autem
2207 4023 2445 4101 filium,
2481 4022 2799 4082 videlicet
2853 4022 2982 4082 hoc
3031 4024 3333 4098 perficiet
3386 4025 3584 4100 pleno
3630 4025 3695 4084 et

589 4124 892 4201 perfecto
940 4141 1165 4202 opere,
1199 4133 1265 4185 et
1315 4124 1562 4187 vocabis
1594 4143 1835 4185 nomen
1870 4123 2012 4200 ejus
2050 4125 2299 4201 Jesum,
2336 4126 2495 4202 quia
2527 4126 2595 4185 in
2631 4126 2775 4202 ipso
2810 4127 3187 4188 salvabitur
3215 4125 3289 4206 ²).
3332 4129 3480 4205 Ipse
3515 4130 3695 4188 enim

595 4228 851 4287 salvum
897 4230 1098 4306 faciet
1141 4232 1469 4308 populum
1518 4249 1713 4290 suum
1760 4249 1800 4290 a
1840 4232 2131 4307 peccatis
2189 4247 2441 4305 eorum,
2492 4245 2646 4290 curn
2694 4230 3161 4306 cogitationeS,
3214 4232 3589 4292 locutiones
3632 4237 3695 4291 et

598 4333 823 4392 omnia
859 4334 1156 4394 membra
1205 4336 1510 4410 corporis
1545 4335 1650 4394 sui
1692 4353 1730 4395 a
1780 4335 2060 4395 nexibus
2093 4341 2525 4412 peccatorum
2562 4336 2786 4410 solvit,
2824 4343 2891 4396 et
2925 4336 3004 4396 ad
3039 4337 3248 4397 Deum
3281 4338 3458 4398 fideli
3491 4344 3560 4399 et
3593 4356 3696 4398 sa·-

594 4435 774 4497 lubri
808 4438 1245 4499 translatione
1275 4439 1482 4501 ducit.
1515 4433 1565 4519 ⁸)

670 4650 716 4719 ¹)
743 4657 1064 4712 conveniant
1087 4654 1208 4713 cod.
1240 4688 1305 4697 —
1329 4658 1375 4725 ²)
1395 4655 1511 4715 nic
1535 4658 1646 4714 duo
1667 4660 1834 4716 verba
1863 4659 2108 4732 interpo-
2198 4660 2314 4717 alio
2344 4662 2519 4723 modo,
2548 4659 2700 4732 quod
2721 4659 2869 4716 infra
2897 4661 3124 4719 videtur
3163 4662 3615 4720 transferendum
3637 4662 3697 4719 in

603 4739 800 4798 lantur
824 4741 1052 4798 absone:
1076 4748 1203 4799 ante
1238 4742 1438 4801 Jesum.
1463 4744 1585 4814 —-⁸)
1605 4744 1876 4817 Sequitur
1898 4746 1957 4802 in
1977 4747 2099 4803 cod.
2195 4746 2453 4817 sequenti
2480 4744 2899 4804 commentario.
