<?xml version="1.0" encoding="UTF-8"?>
<!DOCTYPE html PUBLIC "-//W3C//DTD XHTML 1.0 Transitional//EN"
    "http://www.w3.org/TR/xhtml1/DTD/xhtml1-transitional.dtd">
<html xmlns="http://www.w3.org/1999/xhtml" xml:lang="en" lang="en">
 <head>
  <title>
</title>
<meta http-equiv="Content-Type" content="text/html;charset=utf-8" />
  <meta name='ocr-system' content='tesseract 3.04.00' />
  <meta name='ocr-capabilities' content='ocr_page ocr_carea ocr_par ocr_line ocrx_word'/>
</head>
<body>
  <div class='ocr_page' id='page_1' title='image "analectasacrasp05pitrgoog_0109.png"; bbox 0 0 4036 6117; ppageno 0'>
   <div class='ocr_carea' id='block_1_1' title="bbox 1249 527 3270 616">
    <p class='ocr_par' dir='ltr' id='par_1_1' title="bbox 1249 527 3270 616">
     <span class='ocr_line' id='line_1_1' title="bbox 1249 527 3270 616; baseline -0.003 -25"><span class='ocrx_word' id='word_1_1' title='bbox 1249 548 1301 592; x_wconf 90' lang='lat'>11</span> <span class='ocrx_word' id='word_1_2' title='bbox 1364 547 1599 593; x_wconf 69' lang='lat' dir='ltr'>Lmen</span> <span class='ocrx_word' id='word_1_3' title='bbox 1658 548 1860 616; x_wconf 62' lang='lat' dir='ltr'>vii-17:</span> <span class='ocrx_word' id='word_1_4' title='bbox 1919 546 2375 591; x_wconf 69' lang='lat' dir='ltr'>menl&#39;ronrm</span> <span class='ocrx_word' id='word_1_5' title='bbox 3191 527 3270 584; x_wconf 86' lang='lat'>73</span> 
     </span>
    </p>
   </div>
   <div class='ocr_carea' id='block_1_2' title="bbox 237 662 3349 2407">
    <p class='ocr_par' dir='ltr' id='par_1_2' title="bbox 237 662 3349 2407">
     <span class='ocr_line' id='line_1_2' title="bbox 259 662 3347 744; baseline 0.001 -19"><span class='ocrx_word' id='word_1_6' title='bbox 259 665 600 726; x_wconf 77' lang='lat' dir='ltr'>admodum</span> <span class='ocrx_word' id='word_1_7' title='bbox 647 668 968 742; x_wconf 83' lang='lat' dir='ltr'>mysterio</span> <span class='ocrx_word' id='word_1_8' title='bbox 994 662 1038 744; x_wconf 86' lang='lat'>¹)</span> <span class='ocrx_word' id='word_1_9' title='bbox 1080 668 1205 726; x_wconf 90' lang='lat' dir='ltr'>isto</span> <span class='ocrx_word' id='word_1_10' title='bbox 1240 667 1598 742; x_wconf 82' lang='lat' dir='ltr'>discerent,</span> <span class='ocrx_word' id='word_1_11' title='bbox 1635 667 1810 743; x_wconf 86' lang='lat' dir='ltr'>quod</span> <span class='ocrx_word' id='word_1_12' title='bbox 1846 683 1917 726; x_wconf 93' lang='lat' dir='ltr'>se</span> <span class='ocrx_word' id='word_1_13' title='bbox 1955 669 2136 743; x_wconf 92' lang='lat' dir='ltr'>ipsos</span> <span class='ocrx_word' id='word_1_14' title='bbox 2171 682 2290 742; x_wconf 92' lang='lat' dir='ltr'>per</span> <span class='ocrx_word' id='word_1_15' title='bbox 2326 664 2902 725; x_wconf 85' lang='lat' dir='ltr'>mortificationem</span> <span class='ocrx_word' id='word_1_16' title='bbox 2942 669 3347 741; x_wconf 71' lang='lat' dir='ltr'><strong>sanguineae</strong></span> 
     </span>
     <span class='ocr_line' id='line_1_3' title="bbox 259 768 3344 847; baseline 0.001 -19"><span class='ocrx_word' id='word_1_17' title='bbox 259 774 522 830; x_wconf 87' lang='lat' dir='ltr'>naturae</span> <span class='ocrx_word' id='word_1_18' title='bbox 555 770 692 831; x_wconf 91' lang='lat' dir='ltr'>Deo</span> <span class='ocrx_word' id='word_1_19' title='bbox 726 778 960 847; x_wconf 89' lang='lat' dir='ltr'>postea</span> <span class='ocrx_word' id='word_1_20' title='bbox 997 772 1475 846; x_wconf 77' lang='lat' dir='ltr'>sacrificarent,</span> <span class='ocrx_word' id='word_1_21' title='bbox 1514 771 2072 847; x_wconf 81' lang='lat' dir='ltr'>quemadmodum</span> <span class='ocrx_word' id='word_1_22' title='bbox 2108 777 2173 830; x_wconf 94' lang='lat' dir='ltr'>et</span> <span class='ocrx_word' id='word_1_23' title='bbox 2210 771 2337 846; x_wconf 90' lang='lat' dir='ltr'>ipsi</span> <span class='ocrx_word' id='word_1_24' title='bbox 2375 785 2615 845; x_wconf 85' lang='lat' dir='ltr'>pecora</span> <span class='ocrx_word' id='word_1_25' title='bbox 2650 768 3135 830; x_wconf 77' lang='lat' dir='ltr'>sacrificabant.</span> <span class='ocrx_word' id='word_1_26' title='bbox 3179 772 3344 831; x_wconf 91' lang='lat' dir='ltr'>Cum</span> 
     </span>
     <span class='ocr_line' id='line_1_4' title="bbox 253 875 3349 951; baseline 0.002 -20"><span class='ocrx_word' id='word_1_27' title='bbox 253 875 467 933; x_wconf 90' lang='lat' dir='ltr'>autem</span> <span class='ocrx_word' id='word_1_28' title='bbox 521 875 995 935; x_wconf 87' lang='lat' dir='ltr'>immaculatus</span> <span class='ocrx_word' id='word_1_29' title='bbox 1043 879 1110 936; x_wconf 88' lang='lat' dir='ltr'>et</span> <span class='ocrx_word' id='word_1_30' title='bbox 1143 876 1428 935; x_wconf 91' lang='lat' dir='ltr'>mundus</span> <span class='ocrx_word' id='word_1_31' title='bbox 1479 876 1700 949; x_wconf 89' lang='lat' dir='ltr'>homo,</span> <span class='ocrx_word' id='word_1_32' title='bbox 1754 892 1874 951; x_wconf 89' lang='lat' dir='ltr'>per</span> <span class='ocrx_word' id='word_1_33' title='bbox 1909 876 2299 950; x_wconf 89' lang='lat' dir='ltr'>sanguinem</span> <span class='ocrx_word' id='word_1_34' title='bbox 2336 877 2402 933; x_wconf 88' lang='lat' dir='ltr'>et</span> <span class='ocrx_word' id='word_1_35' title='bbox 2442 881 2723 932; x_wconf 89' lang='lat' dir='ltr'>mortem</span> <span class='ocrx_word' id='word_1_36' title='bbox 2761 890 2975 948; x_wconf 91' lang='lat' dir='ltr'>suam,</span> <span class='ocrx_word' id='word_1_37' title='bbox 3015 891 3087 934; x_wconf 90' lang='lat' dir='ltr'>se</span> <span class='ocrx_word' id='word_1_38' title='bbox 3130 876 3349 951; x_wconf 89' lang='lat' dir='ltr'>ipsum</span> 
     </span>
     <span class='ocr_line' id='line_1_5' title="bbox 251 974 3333 1056; baseline 0.002 -23"><span class='ocrx_word' id='word_1_39' title='bbox 251 974 373 1036; x_wconf 86' lang='lat' dir='ltr'>Deo</span> <span class='ocrx_word' id='word_1_40' title='bbox 407 979 816 1038; x_wconf 81' lang='lat' dir='ltr'>sacrificium</span> <span class='ocrx_word' id='word_1_41' title='bbox 865 980 1128 1054; x_wconf 87' lang='lat' dir='ltr'>obtulit,</span> <span class='ocrx_word' id='word_1_42' title='bbox 1167 997 1399 1039; x_wconf 89' lang='lat' dir='ltr'>omnes</span> <span class='ocrx_word' id='word_1_43' title='bbox 1448 981 1676 1056; x_wconf 87' lang='lat' dir='ltr'>populi</span> <span class='ocrx_word' id='word_1_44' title='bbox 1715 981 1777 1038; x_wconf 93' lang='lat' dir='ltr'>in</span> <span class='ocrx_word' id='word_1_45' title='bbox 1831 981 1973 1055; x_wconf 90' lang='lat' dir='ltr'>ipso</span> <span class='ocrx_word' id='word_1_46' title='bbox 2010 979 2308 1038; x_wconf 88' lang='lat' dir='ltr'>mundati</span> <span class='ocrx_word' id='word_1_47' title='bbox 2344 981 2517 1038; x_wconf 92' lang='lat' dir='ltr'>sunt.</span> <span class='ocrx_word' id='word_1_48' title='bbox 2570 978 2749 1037; x_wconf 88' lang='lat' dir='ltr'>Unde</span> <span class='ocrx_word' id='word_1_49' title='bbox 2787 979 2852 1038; x_wconf 93' lang='lat' dir='ltr'>in</span> <span class='ocrx_word' id='word_1_50' title='bbox 2895 980 3177 1040; x_wconf 90' lang='lat' dir='ltr'>scientia</span> <span class='ocrx_word' id='word_1_51' title='bbox 3210 998 3333 1040; x_wconf 90' lang='lat' dir='ltr'>sua</span> 
     </span>
     <span class='ocr_line' id='line_1_6' title="bbox 251 1080 3339 1160; baseline 0.003 -22"><span class='ocrx_word' id='word_1_52' title='bbox 251 1080 545 1140; x_wconf 74' lang='lat' dir='ltr'>homiues</span> <span class='ocrx_word' id='word_1_53' title='bbox 599 1085 994 1160; x_wconf 78' lang='lat' dir='ltr'>intelligant,</span> <span class='ocrx_word' id='word_1_54' title='bbox 1032 1085 1206 1160; x_wconf 90' lang='lat' dir='ltr'>quod</span> <span class='ocrx_word' id='word_1_55' title='bbox 1241 1102 1372 1144; x_wconf 91' lang='lat' dir='ltr'>non</span> <span class='ocrx_word' id='word_1_56' title='bbox 1414 1085 1826 1160; x_wconf 84' lang='lat' dir='ltr'>justificatur</span> <span class='ocrx_word' id='word_1_57' title='bbox 1860 1084 2056 1143; x_wconf 90' lang='lat' dir='ltr'>homo</span> <span class='ocrx_word' id='word_1_58' title='bbox 2090 1100 2211 1158; x_wconf 89' lang='lat' dir='ltr'>per</span> <span class='ocrx_word' id='word_1_59' title='bbox 2243 1100 2445 1158; x_wconf 91' lang='lat' dir='ltr'>opera</span> <span class='ocrx_word' id='word_1_60' title='bbox 2480 1085 2771 1142; x_wconf 90' lang='lat' dir='ltr'>carnalis</span> <span class='ocrx_word' id='word_1_61' title='bbox 2821 1084 3037 1159; x_wconf 77' lang='lat' dir='ltr'>LegiS,</span> <span class='ocrx_word' id='word_1_62' title='bbox 3075 1102 3227 1146; x_wconf 93' lang='lat' dir='ltr'>cum</span> <span class='ocrx_word' id='word_1_63' title='bbox 3264 1088 3339 1146; x_wconf 89' lang='lat' dir='ltr'>il·-</span> 
     </span>
     <span class='ocr_line' id='line_1_7' title="bbox 251 1182 3343 1261; baseline 0.002 -21"><span class='ocrx_word' id='word_1_64' title='bbox 251 1182 371 1241; x_wconf 87' lang='lat' dir='ltr'>lam</span> <span class='ocrx_word' id='word_1_65' title='bbox 404 1186 773 1244; x_wconf 80' lang='lat' dir='ltr'>carnaliter</span> <span class='ocrx_word' id='word_1_66' title='bbox 821 1186 1200 1246; x_wconf 89' lang='lat' dir='ltr'>observant.</span> <span class='ocrx_word' id='word_1_67' title='bbox 1237 1185 1519 1260; x_wconf 82' lang='lat' dir='ltr'>Sanguis</span> <span class='ocrx_word' id='word_1_68' title='bbox 1569 1187 1745 1244; x_wconf 92' lang='lat' dir='ltr'>enim</span> <span class='ocrx_word' id='word_1_69' title='bbox 1779 1189 1843 1245; x_wconf 93' lang='lat' dir='ltr'>et</span> <span class='ocrx_word' id='word_1_70' title='bbox 1886 1186 2056 1244; x_wconf 92' lang='lat' dir='ltr'>cinis</span> <span class='ocrx_word' id='word_1_71' title='bbox 2105 1201 2421 1261; x_wconf 91' lang='lat' dir='ltr'>pecorum</span> <span class='ocrx_word' id='word_1_72' title='bbox 2460 1201 2574 1243; x_wconf 93' lang='lat' dir='ltr'>eos</span> <span class='ocrx_word' id='word_1_73' title='bbox 2625 1201 2746 1243; x_wconf 89' lang='lat' dir='ltr'>nec</span> <span class='ocrx_word' id='word_1_74' title='bbox 2774 1185 3169 1260; x_wconf 78' lang='lat' dir='ltr'>justificare,</span> <span class='ocrx_word' id='word_1_75' title='bbox 3222 1203 3343 1246; x_wconf 89' lang='lat' dir='ltr'>nec</span> 
     </span>
     <span class='ocr_line' id='line_1_8' title="bbox 250 1284 3330 1363; baseline 0.002 -20"><span class='ocrx_word' id='word_1_76' title='bbox 250 1284 526 1346; x_wconf 89' lang='lat' dir='ltr'>liberare</span> <span class='ocrx_word' id='word_1_77' title='bbox 577 1289 814 1363; x_wconf 91' lang='lat' dir='ltr'>potuit,</span> <span class='ocrx_word' id='word_1_78' title='bbox 868 1289 983 1347; x_wconf 92' lang='lat' dir='ltr'>sed</span> <span class='ocrx_word' id='word_1_79' title='bbox 1035 1289 1100 1347; x_wconf 93' lang='lat' dir='ltr'>in</span> <span class='ocrx_word' id='word_1_80' title='bbox 1135 1289 1298 1348; x_wconf 90' lang='lat' dir='ltr'>Filio</span> <span class='ocrx_word' id='word_1_81' title='bbox 1332 1289 1449 1348; x_wconf 92' lang='lat' dir='ltr'>Dei</span> <span class='ocrx_word' id='word_1_82' title='bbox 1493 1289 1756 1362; x_wconf 88' lang='lat' dir='ltr'>justitia</span> <span class='ocrx_word' id='word_1_83' title='bbox 1803 1288 2137 1360; x_wconf 79' lang='lat' dir='ltr'>veritatiS,</span> <span class='ocrx_word' id='word_1_84' title='bbox 2175 1303 2346 1363; x_wconf 87' lang='lat' dir='ltr'>quae</span> <span class='ocrx_word' id='word_1_85' title='bbox 2381 1288 2480 1346; x_wconf 90' lang='lat' dir='ltr'>eis</span> <span class='ocrx_word' id='word_1_86' title='bbox 2514 1288 2692 1347; x_wconf 87' lang='lat' dir='ltr'>viam</span> <span class='ocrx_word' id='word_1_87' title='bbox 2743 1288 2985 1346; x_wconf 87' lang='lat' dir='ltr'>salutis</span> <span class='ocrx_word' id='word_1_88' title='bbox 3019 1288 3330 1350; x_wconf 85' lang='lat' dir='ltr'>ostendit.</span> 
     </span>
     <span class='ocr_line' id='line_1_9' title="bbox 247 1388 3339 1467; baseline 0.001 -20"><span class='ocrx_word' id='word_1_89' title='bbox 247 1388 398 1448; x_wconf 83' lang='lat' dir='ltr'>Nam</span> <span class='ocrx_word' id='word_1_90' title='bbox 432 1406 558 1465; x_wconf 90' lang='lat' dir='ltr'>per</span> <span class='ocrx_word' id='word_1_91' title='bbox 591 1392 788 1450; x_wconf 85' lang='lat' dir='ltr'>fidem</span> <span class='ocrx_word' id='word_1_92' title='bbox 821 1392 969 1451; x_wconf 89' lang='lat' dir='ltr'>Filii</span> <span class='ocrx_word' id='word_1_93' title='bbox 1003 1391 1121 1451; x_wconf 91' lang='lat' dir='ltr'>Dei</span> <span class='ocrx_word' id='word_1_94' title='bbox 1158 1392 1355 1451; x_wconf 91' lang='lat' dir='ltr'>iidem</span> <span class='ocrx_word' id='word_1_95' title='bbox 1382 1393 1495 1467; x_wconf 86' lang='lat' dir='ltr'>qui</span> <span class='ocrx_word' id='word_1_96' title='bbox 1531 1391 1815 1450; x_wconf 87' lang='lat' dir='ltr'>fideliter</span> <span class='ocrx_word' id='word_1_97' title='bbox 1848 1393 1915 1450; x_wconf 91' lang='lat' dir='ltr'>in</span> <span class='ocrx_word' id='word_1_98' title='bbox 1947 1407 2097 1449; x_wconf 92' lang='lat' dir='ltr'>eum</span> <span class='ocrx_word' id='word_1_99' title='bbox 2142 1391 2443 1460; x_wconf 84' lang='lat' dir='ltr'>credunt,</span> <span class='ocrx_word' id='word_1_100' title='bbox 2481 1391 2879 1449; x_wconf 87' lang='lat' dir='ltr'>servierunt.</span> <span class='ocrx_word' id='word_1_101' title='bbox 2917 1389 3339 1466; x_wconf 84' lang='lat' dir='ltr'>Quapropter</span> 
     </span>
     <span class='ocr_line' id='line_1_10' title="bbox 248 1492 3342 1571; baseline 0.002 -20"><span class='ocrx_word' id='word_1_102' title='bbox 248 1492 463 1552; x_wconf 84' lang='lat' dir='ltr'>fideles</span> <span class='ocrx_word' id='word_1_103' title='bbox 503 1495 573 1553; x_wconf 92' lang='lat' dir='ltr'>in</span> <span class='ocrx_word' id='word_1_104' title='bbox 609 1496 826 1570; x_wconf 90' lang='lat' dir='ltr'>ipsum</span> <span class='ocrx_word' id='word_1_105' title='bbox 875 1494 1161 1555; x_wconf 87' lang='lat' dir='ltr'>fideliter</span> <span class='ocrx_word' id='word_1_106' title='bbox 1193 1496 1488 1569; x_wconf 88' lang='lat' dir='ltr'>credant,</span> <span class='ocrx_word' id='word_1_107' title='bbox 1541 1495 1655 1570; x_wconf 88' lang='lat' dir='ltr'>qui</span> <span class='ocrx_word' id='word_1_108' title='bbox 1690 1496 1798 1554; x_wconf 91' lang='lat' dir='ltr'>via</span> <span class='ocrx_word' id='word_1_109' title='bbox 1831 1497 1898 1554; x_wconf 91' lang='lat' dir='ltr'>et</span> <span class='ocrx_word' id='word_1_110' title='bbox 1930 1496 2181 1554; x_wconf 87' lang='lat' dir='ltr'>veritas</span> <span class='ocrx_word' id='word_1_111' title='bbox 2217 1500 2320 1552; x_wconf 91' lang='lat' dir='ltr'>est</span> <span class='ocrx_word' id='word_1_112' title='bbox 2350 1492 2427 1571; x_wconf 83' lang='lat'>⁴²),</span> <span class='ocrx_word' id='word_1_113' title='bbox 2480 1493 2791 1553; x_wconf 90' lang='lat' dir='ltr'>videlicet</span> <span class='ocrx_word' id='word_1_114' title='bbox 2829 1496 2894 1553; x_wconf 93' lang='lat' dir='ltr'>in</span> <span class='ocrx_word' id='word_1_115' title='bbox 2927 1494 3054 1555; x_wconf 84' lang='lat' dir='ltr'>fide</span> <span class='ocrx_word' id='word_1_116' title='bbox 3089 1498 3221 1571; x_wconf 89' lang='lat' dir='ltr'>via,</span> <span class='ocrx_word' id='word_1_117' title='bbox 3274 1497 3342 1557; x_wconf 90' lang='lat' dir='ltr'>in</span> 
     </span>
     <span class='ocr_line' id='line_1_11' title="bbox 246 1598 3347 1677; baseline 0.001 -22"><span class='ocrx_word' id='word_1_118' title='bbox 246 1598 640 1657; x_wconf 84' lang='lat' dir='ltr'>credulitate</span> <span class='ocrx_word' id='word_1_119' title='bbox 675 1599 948 1672; x_wconf 89' lang='lat' dir='ltr'>veritas;</span> <span class='ocrx_word' id='word_1_120' title='bbox 976 1606 1051 1657; x_wconf 92' lang='lat' dir='ltr'>ut</span> <span class='ocrx_word' id='word_1_121' title='bbox 1086 1601 1182 1658; x_wconf 90' lang='lat' dir='ltr'>sic</span> <span class='ocrx_word' id='word_1_122' title='bbox 1203 1599 1657 1674; x_wconf 84' lang='lat' dir='ltr'>justificentur</span> <span class='ocrx_word' id='word_1_123' title='bbox 1688 1615 1810 1674; x_wconf 94' lang='lat' dir='ltr'>per</span> <span class='ocrx_word' id='word_1_124' title='bbox 1836 1598 2055 1657; x_wconf 81' lang='lat' dir='ltr'>fidelia</span> <span class='ocrx_word' id='word_1_125' title='bbox 2090 1614 2314 1673; x_wconf 90' lang='lat' dir='ltr'>opera,</span> <span class='ocrx_word' id='word_1_126' title='bbox 2345 1613 2514 1673; x_wconf 88' lang='lat' dir='ltr'>quae</span> <span class='ocrx_word' id='word_1_127' title='bbox 2543 1601 2813 1673; x_wconf 89' lang='lat' dir='ltr'>propter</span> <span class='ocrx_word' id='word_1_128' title='bbox 2839 1616 3135 1661; x_wconf 88' lang='lat' dir='ltr'>amorem</span> <span class='ocrx_word' id='word_1_129' title='bbox 3169 1601 3347 1677; x_wconf 89' lang='lat' dir='ltr'>ejus-</span> 
     </span>
     <span class='ocr_line' id='line_1_12' title="bbox 241 1701 3338 1779; baseline 0.002 -20"><span class='ocrx_word' id='word_1_130' title='bbox 241 1701 376 1759; x_wconf 90' lang='lat' dir='ltr'>dem</span> <span class='ocrx_word' id='word_1_131' title='bbox 412 1702 570 1760; x_wconf 86' lang='lat' dir='ltr'>Filii</span> <span class='ocrx_word' id='word_1_132' title='bbox 604 1702 722 1760; x_wconf 91' lang='lat' dir='ltr'>Dei</span> <span class='ocrx_word' id='word_1_133' title='bbox 755 1708 1135 1778; x_wconf 83' lang='lat' dir='ltr'>operentur,</span> <span class='ocrx_word' id='word_1_134' title='bbox 1172 1705 1237 1762; x_wconf 87' lang='lat' dir='ltr'>et</span> <span class='ocrx_word' id='word_1_135' title='bbox 1270 1720 1401 1762; x_wconf 91' lang='lat' dir='ltr'>non</span> <span class='ocrx_word' id='word_1_136' title='bbox 1433 1705 1708 1777; x_wconf 91' lang='lat' dir='ltr'>propter</span> <span class='ocrx_word' id='word_1_137' title='bbox 1754 1719 1980 1778; x_wconf 90' lang='lat' dir='ltr'>opera,</span> <span class='ocrx_word' id='word_1_138' title='bbox 2021 1719 2192 1779; x_wconf 88' lang='lat' dir='ltr'>quae</span> <span class='ocrx_word' id='word_1_139' title='bbox 2227 1704 2327 1762; x_wconf 93' lang='lat' dir='ltr'>eis</span> <span class='ocrx_word' id='word_1_140' title='bbox 2365 1704 2428 1762; x_wconf 88' lang='lat' dir='ltr'>in</span> <span class='ocrx_word' id='word_1_141' title='bbox 2480 1703 2921 1763; x_wconf 83' lang='lat' dir='ltr'>amaritudine</span> <span class='ocrx_word' id='word_1_142' title='bbox 2956 1706 3338 1766; x_wconf 84' lang='lat' dir='ltr'>nolentibus</span> 
     </span>
     <span class='ocr_line' id='line_1_13' title="bbox 244 1808 3330 1887; baseline 0.001 -22"><span class='ocrx_word' id='word_1_143' title='bbox 244 1811 719 1883; x_wconf 88' lang='lat' dir='ltr'>proponuntur.</span> <span class='ocrx_word' id='word_1_144' title='bbox 768 1808 931 1867; x_wconf 89' lang='lat' dir='ltr'>Nam</span> <span class='ocrx_word' id='word_1_145' title='bbox 982 1808 1151 1867; x_wconf 89' lang='lat' dir='ltr'>bona</span> <span class='ocrx_word' id='word_1_146' title='bbox 1184 1824 1388 1883; x_wconf 90' lang='lat' dir='ltr'>opera</span> <span class='ocrx_word' id='word_1_147' title='bbox 1440 1808 1504 1866; x_wconf 91' lang='lat' dir='ltr'>in</span> <span class='ocrx_word' id='word_1_148' title='bbox 1534 1808 1978 1867; x_wconf 84' lang='lat' dir='ltr'>declinatione</span> <span class='ocrx_word' id='word_1_149' title='bbox 2028 1811 2445 1868; x_wconf 90' lang='lat' dir='ltr'>mortuorum</span> <span class='ocrx_word' id='word_1_150' title='bbox 2490 1823 2767 1883; x_wconf 92' lang='lat' dir='ltr'>operum</span> <span class='ocrx_word' id='word_1_151' title='bbox 2817 1810 3177 1869; x_wconf 88' lang='lat' dir='ltr'>coelestem</span> <span class='ocrx_word' id='word_1_152' title='bbox 3215 1826 3330 1887; x_wconf 85' lang='lat' dir='ltr'>pa-</span> 
     </span>
     <span class='ocr_line' id='line_1_14' title="bbox 240 1911 3325 1988; baseline 0 -18"><span class='ocrx_word' id='word_1_153' title='bbox 240 1913 417 1971; x_wconf 85' lang='lat' dir='ltr'>triam</span> <span class='ocrx_word' id='word_1_154' title='bbox 453 1913 844 1985; x_wconf 87' lang='lat' dir='ltr'>ostendunt,</span> <span class='ocrx_word' id='word_1_155' title='bbox 897 1927 1049 1970; x_wconf 89' lang='lat' dir='ltr'>cum</span> <span class='ocrx_word' id='word_1_156' title='bbox 1081 1913 1282 1971; x_wconf 89' lang='lat' dir='ltr'>etiam</span> <span class='ocrx_word' id='word_1_157' title='bbox 1320 1911 1629 1971; x_wconf 90' lang='lat' dir='ltr'>Christus</span> <span class='ocrx_word' id='word_1_158' title='bbox 1663 1928 1782 1988; x_wconf 90' lang='lat' dir='ltr'>per</span> <span class='ocrx_word' id='word_1_159' title='bbox 1829 1913 2306 1987; x_wconf 87' lang='lat' dir='ltr'>poenitentiam</span> <span class='ocrx_word' id='word_1_160' title='bbox 2340 1913 2625 1988; x_wconf 88' lang='lat' dir='ltr'>populos</span> <span class='ocrx_word' id='word_1_161' title='bbox 2676 1914 2885 1988; x_wconf 89' lang='lat' dir='ltr'>ungit,</span> <span class='ocrx_word' id='word_1_162' title='bbox 2922 1916 2989 1974; x_wconf 88' lang='lat' dir='ltr'>et</span> <span class='ocrx_word' id='word_1_163' title='bbox 3021 1930 3171 1974; x_wconf 93' lang='lat' dir='ltr'>cum</span> <span class='ocrx_word' id='word_1_164' title='bbox 3206 1930 3325 1974; x_wconf 82' lang='lat' dir='ltr'>eos</span> 
     </span>
     <span class='ocr_line' id='line_1_15' title="bbox 239 2016 3328 2094; baseline 0.001 -19"><span class='ocrx_word' id='word_1_165' title='bbox 239 2033 342 2091; x_wconf 89' lang='lat' dir='ltr'>per</span> <span class='ocrx_word' id='word_1_166' title='bbox 371 2017 821 2091; x_wconf 89' lang='lat' dir='ltr'>semetipsum</span> <span class='ocrx_word' id='word_1_167' title='bbox 856 2018 1092 2076; x_wconf 90' lang='lat' dir='ltr'>salvat.</span> <span class='ocrx_word' id='word_1_168' title='bbox 1128 2016 1278 2092; x_wconf 87' lang='lat' dir='ltr'>Ipse</span> <span class='ocrx_word' id='word_1_169' title='bbox 1313 2018 1488 2076; x_wconf 92' lang='lat' dir='ltr'>enim</span> <span class='ocrx_word' id='word_1_170' title='bbox 1525 2016 1842 2075; x_wconf 90' lang='lat' dir='ltr'>mundum</span> <span class='ocrx_word' id='word_1_171' title='bbox 1877 2022 1943 2075; x_wconf 89' lang='lat' dir='ltr'>et</span> <span class='ocrx_word' id='word_1_172' title='bbox 1976 2017 2357 2090; x_wconf 86' lang='lat' dir='ltr'>saginatum</span> <span class='ocrx_word' id='word_1_173' title='bbox 2393 2016 2794 2076; x_wconf 83' lang='lat' dir='ltr'>sacrificium</span> <span class='ocrx_word' id='word_1_174' title='bbox 2832 2020 2956 2090; x_wconf 88' lang='lat' dir='ltr'>est,</span> <span class='ocrx_word' id='word_1_175' title='bbox 2995 2018 3172 2094; x_wconf 85' lang='lat' dir='ltr'>quod</span> <span class='ocrx_word' id='word_1_176' title='bbox 3206 2034 3328 2094; x_wconf 90' lang='lat' dir='ltr'>pro</span> 
     </span>
     <span class='ocr_line' id='line_1_16' title="bbox 245 2118 3329 2196; baseline 0.001 -18"><span class='ocrx_word' id='word_1_177' title='bbox 245 2119 621 2178; x_wconf 89' lang='lat' dir='ltr'>hominibus</span> <span class='ocrx_word' id='word_1_178' title='bbox 674 2118 739 2178; x_wconf 89' lang='lat' dir='ltr'>in</span> <span class='ocrx_word' id='word_1_179' title='bbox 770 2135 845 2179; x_wconf 91' lang='lat' dir='ltr'>se</span> <span class='ocrx_word' id='word_1_180' title='bbox 893 2120 1319 2180; x_wconf 85' lang='lat' dir='ltr'>credentibus</span> <span class='ocrx_word' id='word_1_181' title='bbox 1369 2121 1676 2193; x_wconf 87' lang='lat' dir='ltr'>dabatur;</span> <span class='ocrx_word' id='word_1_182' title='bbox 1713 2121 1870 2196; x_wconf 84' lang='lat' dir='ltr'>quia</span> <span class='ocrx_word' id='word_1_183' title='bbox 1919 2126 2116 2179; x_wconf 90' lang='lat' dir='ltr'>vetus</span> <span class='ocrx_word' id='word_1_184' title='bbox 2148 2120 2277 2178; x_wconf 86' lang='lat' dir='ltr'>Lex</span> <span class='ocrx_word' id='word_1_185' title='bbox 2326 2119 2660 2179; x_wconf 87' lang='lat' dir='ltr'>hominem</span> <span class='ocrx_word' id='word_1_186' title='bbox 2710 2136 2828 2178; x_wconf 91' lang='lat' dir='ltr'>nec</span> <span class='ocrx_word' id='word_1_187' title='bbox 2863 2120 2941 2179; x_wconf 87' lang='lat' dir='ltr'>ad</span> <span class='ocrx_word' id='word_1_188' title='bbox 2996 2121 3329 2196; x_wconf 87' lang='lat' dir='ltr'>integrum</span> 
     </span>
     <span class='ocr_line' id='line_1_17' title="bbox 237 2227 3321 2302; baseline 0 -18"><span class='ocrx_word' id='word_1_189' title='bbox 237 2227 645 2300; x_wconf 85' lang='lat' dir='ltr'>justificavit,</span> <span class='ocrx_word' id='word_1_190' title='bbox 685 2242 804 2286; x_wconf 92' lang='lat' dir='ltr'>nec</span> <span class='ocrx_word' id='word_1_191' title='bbox 840 2227 1173 2301; x_wconf 88' lang='lat' dir='ltr'>liberavit,</span> <span class='ocrx_word' id='word_1_192' title='bbox 1211 2228 1326 2286; x_wconf 87' lang='lat' dir='ltr'>sed</span> <span class='ocrx_word' id='word_1_193' title='bbox 1363 2229 1541 2286; x_wconf 91' lang='lat' dir='ltr'>viam</span> <span class='ocrx_word' id='word_1_194' title='bbox 1575 2227 1889 2298; x_wconf 87' lang='lat' dir='ltr'>ostendit,</span> <span class='ocrx_word' id='word_1_195' title='bbox 1928 2227 2241 2302; x_wconf 86' lang='lat' dir='ltr'>quoniam</span> <span class='ocrx_word' id='word_1_196' title='bbox 2281 2227 2423 2301; x_wconf 90' lang='lat' dir='ltr'>ipsa</span> <span class='ocrx_word' id='word_1_197' title='bbox 2458 2227 2653 2302; x_wconf 86' lang='lat' dir='ltr'>quasi</span> <span class='ocrx_word' id='word_1_198' title='bbox 2687 2243 2813 2285; x_wconf 86' lang='lat' dir='ltr'>vox</span> <span class='ocrx_word' id='word_1_199' title='bbox 2848 2233 2998 2285; x_wconf 89' lang='lat' dir='ltr'>ante</span> <span class='ocrx_word' id='word_1_200' title='bbox 3033 2227 3321 2286; x_wconf 88' lang='lat' dir='ltr'>Verbum</span> 
     </span>
     <span class='ocr_line' id='line_1_18' title="bbox 251 2329 2789 2407; baseline 0.002 -21"><span class='ocrx_word' id='word_1_201' title='bbox 251 2329 380 2404; x_wconf 89' lang='lat' dir='ltr'>l&#39;uit,</span> <span class='ocrx_word' id='word_1_202' title='bbox 419 2332 536 2390; x_wconf 89' lang='lat' dir='ltr'>sed</span> <span class='ocrx_word' id='word_1_203' title='bbox 581 2331 870 2390; x_wconf 85' lang='lat' dir='ltr'>Verbum</span> <span class='ocrx_word' id='word_1_204' title='bbox 909 2332 1117 2390; x_wconf 87' lang='lat' dir='ltr'>Filius</span> <span class='ocrx_word' id='word_1_205' title='bbox 1149 2331 1266 2390; x_wconf 93' lang='lat' dir='ltr'>Dei</span> <span class='ocrx_word' id='word_1_206' title='bbox 1301 2338 1427 2398; x_wconf 83' lang='lat' dir='ltr'>est,</span> <span class='ocrx_word' id='word_1_207' title='bbox 1467 2334 1577 2407; x_wconf 88' lang='lat' dir='ltr'>qui</span> <span class='ocrx_word' id='word_1_208' title='bbox 1615 2347 1852 2390; x_wconf 86' lang='lat' dir='ltr'>novam</span> <span class='ocrx_word' id='word_1_209' title='bbox 1891 2331 2134 2405; x_wconf 72' lang='lat' dir='ltr'>Legem</span> <span class='ocrx_word' id='word_1_210' title='bbox 2168 2331 2234 2388; x_wconf 90' lang='lat' dir='ltr'>in</span> <span class='ocrx_word' id='word_1_211' title='bbox 2270 2331 2555 2390; x_wconf 89' lang='lat' dir='ltr'>veritate</span> <span class='ocrx_word' id='word_1_212' title='bbox 2587 2330 2789 2391; x_wconf 90' lang='lat' dir='ltr'>dedit.</span> 
     </span>
    </p>
   </div>
   <div class='ocr_carea' id='block_1_3' title="bbox 1679 2540 1890 2600">
    <p class='ocr_par' dir='ltr' id='par_1_3' title="bbox 1679 2540 1890 2600">
     <span class='ocr_line' id='line_1_19' title="bbox 1679 2540 1890 2600; baseline -0.009 0"><span class='ocrx_word' id='word_1_213' title='bbox 1679 2540 1890 2600; x_wconf 86' lang='lat' dir='ltr'>XXVI.</span> 
     </span>
    </p>
   </div>
   <div class='ocr_carea' id='block_1_4' title="bbox 1236 2751 2335 2811">
    <p class='ocr_par' dir='ltr' id='par_1_4' title="bbox 1236 2751 2335 2811">
     <span class='ocr_line' id='line_1_20' title="bbox 1236 2751 2335 2811; baseline -0.003 0"><span class='ocrx_word' id='word_1_214' title='bbox 1236 2752 1679 2811; x_wconf 77' lang='lat' dir='ltr'>Rationalitas</span> <span class='ocrx_word' id='word_1_215' title='bbox 1729 2751 2046 2809; x_wconf 79' lang='lat' dir='ltr'>discernit</span> <span class='ocrx_word' id='word_1_216' title='bbox 2097 2753 2335 2808; x_wconf 75' lang='lat' dir='ltr'>omnia.</span> 
     </span>
    </p>
   </div>
   <div class='ocr_carea' id='block_1_5' title="bbox 243 2959 3360 3246">
    <p class='ocr_par' dir='ltr' id='par_1_5' title="bbox 243 2959 3360 3246">
     <span class='ocr_line' id='line_1_21' title="bbox 315 2959 3339 3039; baseline -0 -17"><span class='ocrx_word' id='word_1_217' title='bbox 315 2965 416 3023; x_wconf 83' lang='lat'>35.</span> <span class='ocrx_word' id='word_1_218' title='bbox 470 2962 666 3033; x_wconf 87' lang='lat' dir='ltr'>Quod</span> <span class='ocrx_word' id='word_1_219' title='bbox 703 2961 925 3020; x_wconf 89' lang='lat' dir='ltr'>autem</span> <span class='ocrx_word' id='word_1_220' title='bbox 964 2961 1027 3018; x_wconf 92' lang='lat' dir='ltr'>in</span> <span class='ocrx_word' id='word_1_221' title='bbox 1064 2960 1279 3020; x_wconf 90' lang='lat' dir='ltr'>medio</span> <span class='ocrx_word' id='word_1_222' title='bbox 1330 2961 1859 3036; x_wconf 91' lang='lat' dir='ltr'>uniuscuiusque</span> <span class='ocrx_word' id='word_1_223' title='bbox 1895 2961 2042 3018; x_wconf 89' lang='lat' dir='ltr'>alae</span> <span class='ocrx_word' id='word_1_224' title='bbox 2093 2960 2263 3018; x_wconf 90' lang='lat' dir='ltr'>liber</span> <span class='ocrx_word' id='word_1_225' title='bbox 2296 2974 2468 3017; x_wconf 89' lang='lat' dir='ltr'>unus</span> <span class='ocrx_word' id='word_1_226' title='bbox 2514 2965 2814 3033; x_wconf 89' lang='lat' dir='ltr'>apparet,</span> <span class='ocrx_word' id='word_1_227' title='bbox 2853 2959 2976 3019; x_wconf 89' lang='lat' dir='ltr'>hoc</span> <span class='ocrx_word' id='word_1_228' title='bbox 3025 2965 3129 3021; x_wconf 88' lang='lat' dir='ltr'>est</span> <span class='ocrx_word' id='word_1_229' title='bbox 3162 2964 3339 3039; x_wconf 87' lang='lat' dir='ltr'>quod</span> 
     </span>
     <span class='ocr_line' id='line_1_22' title="bbox 249 3065 3341 3145; baseline 0 -21"><span class='ocrx_word' id='word_1_230' title='bbox 249 3068 401 3127; x_wconf 86' lang='lat' dir='ltr'>intra</span> <span class='ocrx_word' id='word_1_231' title='bbox 435 3072 850 3145; x_wconf 88' lang='lat' dir='ltr'>potestatem</span> <span class='ocrx_word' id='word_1_232' title='bbox 900 3065 1165 3125; x_wconf 90' lang='lat' dir='ltr'>divinae</span> <span class='ocrx_word' id='word_1_233' title='bbox 1198 3066 1635 3140; x_wconf 90' lang='lat' dir='ltr'>protectionis</span> <span class='ocrx_word' id='word_1_234' title='bbox 1687 3065 2107 3124; x_wconf 89' lang='lat' dir='ltr'>rationalitas</span> <span class='ocrx_word' id='word_1_235' title='bbox 2141 3066 2267 3137; x_wconf 89' lang='lat' dir='ltr'>est,</span> <span class='ocrx_word' id='word_1_236' title='bbox 2320 3076 2494 3139; x_wconf 83' lang='lat' dir='ltr'>quae</span> <span class='ocrx_word' id='word_1_237' title='bbox 2528 3065 2897 3124; x_wconf 85' lang='lat' dir='ltr'>secundum</span> <span class='ocrx_word' id='word_1_238' title='bbox 2946 3066 3154 3126; x_wconf 88' lang='lat' dir='ltr'>Deum</span> <span class='ocrx_word' id='word_1_239' title='bbox 3188 3083 3341 3143; x_wconf 90' lang='lat' dir='ltr'>pro-</span> 
     </span>
     <span class='ocr_line' id='line_1_23' title="bbox 243 3168 3360 3246; baseline 0.001 -19"><span class='ocrx_word' id='word_1_240' title='bbox 243 3171 427 3243; x_wconf 88' lang='lat' dir='ltr'>ducit,</span> <span class='ocrx_word' id='word_1_241' title='bbox 480 3169 789 3246; x_wconf 88' lang='lat' dir='ltr'>disponit</span> <span class='ocrx_word' id='word_1_242' title='bbox 821 3171 887 3228; x_wconf 86' lang='lat' dir='ltr'>et</span> <span class='ocrx_word' id='word_1_243' title='bbox 935 3168 1256 3229; x_wconf 85' lang='lat' dir='ltr'>discernit</span> <span class='ocrx_word' id='word_1_244' title='bbox 1288 3171 1508 3228; x_wconf 89' lang='lat' dir='ltr'>omnia</span> <span class='ocrx_word' id='word_1_245' title='bbox 1558 3185 1727 3245; x_wconf 87' lang='lat' dir='ltr'>quae</span> <span class='ocrx_word' id='word_1_246' title='bbox 1762 3188 1798 3227; x_wconf 91' lang='lat' dir='ltr'>a</span> <span class='ocrx_word' id='word_1_247' title='bbox 1832 3168 1964 3228; x_wconf 91' lang='lat' dir='ltr'>Deo</span> <span class='ocrx_word' id='word_1_248' title='bbox 2000 3168 2158 3226; x_wconf 86' lang='lat' dir='ltr'>data</span> <span class='ocrx_word' id='word_1_249' title='bbox 2205 3170 2384 3240; x_wconf 91' lang='lat' dir='ltr'>sunt,</span> <span class='ocrx_word' id='word_1_250' title='bbox 2423 3169 2577 3243; x_wconf 83' lang='lat' dir='ltr'>quia</span> <span class='ocrx_word' id='word_1_251' title='bbox 2630 3168 2789 3229; x_wconf 88' lang='lat' dir='ltr'>nihil</span> <span class='ocrx_word' id='word_1_252' title='bbox 2841 3177 2945 3227; x_wconf 86' lang='lat' dir='ltr'>est</span> <span class='ocrx_word' id='word_1_253' title='bbox 2979 3170 3154 3246; x_wconf 86' lang='lat' dir='ltr'>quod</span> <span class='ocrx_word' id='word_1_254' title='bbox 3190 3171 3360 3246; x_wconf 75' lang='lat' dir='ltr'>ipsa‘</span> 
     </span>
    </p>
   </div>
   <div class='ocr_carea' id='block_1_6' title="bbox 242 3272 1536 3348">
    <p class='ocr_par' dir='ltr' id='par_1_6' title="bbox 242 3272 1536 3348">
     <span class='ocr_line' id='line_1_24' title="bbox 242 3272 1536 3348; baseline 0.002 -19"><span class='ocrx_word' id='word_1_255' title='bbox 242 3272 571 3333; x_wconf 89' lang='lat' dir='ltr'>subtiliter</span> <span class='ocrx_word' id='word_1_256' title='bbox 604 3290 733 3332; x_wconf 89' lang='lat' dir='ltr'>non</span> <span class='ocrx_word' id='word_1_257' title='bbox 766 3276 1068 3348; x_wconf 88' lang='lat' dir='ltr'>penetret</span> <span class='ocrx_word' id='word_1_258' title='bbox 1102 3280 1166 3331; x_wconf 89' lang='lat' dir='ltr'>et</span> <span class='ocrx_word' id='word_1_259' title='bbox 1201 3273 1536 3332; x_wconf 88' lang='lat' dir='ltr'>discutiat.</span> 
     </span>
    </p>
   </div>
   <div class='ocr_carea' id='block_1_7' title="bbox 1647 3482 1888 3541">
    <p class='ocr_par' dir='ltr' id='par_1_7' title="bbox 1647 3482 1888 3541">
     <span class='ocr_line' id='line_1_25' title="bbox 1647 3482 1888 3541; baseline -0.004 0"><span class='ocrx_word' id='word_1_260' title='bbox 1647 3482 1888 3541; x_wconf 81' lang='lat' dir='ltr'>XXVII.</span> 
     </span>
    </p>
   </div>
   <div class='ocr_carea' id='block_1_8' title="bbox 1017 3692 2531 3768">
    <p class='ocr_par' dir='ltr' id='par_1_8' title="bbox 1017 3692 2531 3768">
     <span class='ocr_line' id='line_1_26' title="bbox 1017 3692 2531 3768; baseline -0.001 -16"><span class='ocrx_word' id='word_1_261' title='bbox 1017 3693 1349 3752; x_wconf 84' lang='lat' dir='ltr'>Sanctitas</span> <span class='ocrx_word' id='word_1_262' title='bbox 1406 3694 1476 3749; x_wconf 84' lang='lat' dir='ltr'>in</span> <span class='ocrx_word' id='word_1_263' title='bbox 1534 3693 1784 3751; x_wconf 79' lang='lat' dir='ltr'>Christo</span> <span class='ocrx_word' id='word_1_264' title='bbox 1833 3694 2072 3768; x_wconf 75' lang='lat' dir='ltr'>sutura</span> <span class='ocrx_word' id='word_1_265' title='bbox 2128 3692 2531 3751; x_wconf 80' lang='lat' dir='ltr'>declaratur.</span> 
     </span>
    </p>
   </div>
   <div class='ocr_carea' id='block_1_9' title="bbox 230 3901 3359 5118">
    <p class='ocr_par' dir='ltr' id='par_1_9' title="bbox 230 3901 3359 5118">
     <span class='ocr_line' id='line_1_27' title="bbox 310 3901 3330 3978; baseline 0.001 -16"><span class='ocrx_word' id='word_1_266' title='bbox 310 3903 408 3962; x_wconf 84' lang='lat'>36.</span> <span class='ocrx_word' id='word_1_267' title='bbox 461 3904 548 3962; x_wconf 78' lang='lat' dir='ltr'>Et</span> <span class='ocrx_word' id='word_1_268' title='bbox 582 3903 751 3961; x_wconf 89' lang='lat' dir='ltr'>liber</span> <span class='ocrx_word' id='word_1_269' title='bbox 786 3902 902 3977; x_wconf 88' lang='lat' dir='ltr'>qui</span> <span class='ocrx_word' id='word_1_270' title='bbox 937 3903 1001 3960; x_wconf 92' lang='lat' dir='ltr'>in</span> <span class='ocrx_word' id='word_1_271' title='bbox 1035 3902 1309 3960; x_wconf 90' lang='lat' dir='ltr'>sinistra</span> <span class='ocrx_word' id='word_1_272' title='bbox 1346 3903 1450 3960; x_wconf 91' lang='lat' dir='ltr'>ala</span> <span class='ocrx_word' id='word_1_273' title='bbox 1488 3905 1613 3975; x_wconf 91' lang='lat' dir='ltr'>est,</span> <span class='ocrx_word' id='word_1_274' title='bbox 1650 3901 1818 3960; x_wconf 89' lang='lat' dir='ltr'>duas</span> <span class='ocrx_word' id='word_1_275' title='bbox 1855 3903 2134 3977; x_wconf 83' lang='lat' dir='ltr'>paginas</span> <span class='ocrx_word' id='word_1_276' title='bbox 2171 3902 2394 3975; x_wconf 86' lang='lat' dir='ltr'>habet,</span> <span class='ocrx_word' id='word_1_277' title='bbox 2433 3904 2747 3978; x_wconf 87' lang='lat' dir='ltr'>quoniam</span> <span class='ocrx_word' id='word_1_278' title='bbox 2775 3903 3008 3963; x_wconf 89' lang='lat' dir='ltr'>eadem</span> <span class='ocrx_word' id='word_1_279' title='bbox 3044 3907 3330 3966; x_wconf 87' lang='lat' dir='ltr'>rationa-</span> 
     </span>
     <span class='ocr_line' id='line_1_28' title="bbox 241 4004 3320 4080; baseline 0.002 -19"><span class='ocrx_word' id='word_1_280' title='bbox 241 4004 397 4079; x_wconf 75' lang='lat' dir='ltr'>litaS,</span> <span class='ocrx_word' id='word_1_281' title='bbox 437 4009 504 4065; x_wconf 90' lang='lat' dir='ltr'>in</span> <span class='ocrx_word' id='word_1_282' title='bbox 543 4006 756 4076; x_wconf 85' lang='lat' dir='ltr'>veteri</span> <span class='ocrx_word' id='word_1_283' title='bbox 785 4005 952 4079; x_wconf 83' lang='lat' dir='ltr'>Lege</span> <span class='ocrx_word' id='word_1_284' title='bbox 978 4020 1097 4080; x_wconf 90' lang='lat' dir='ltr'>per</span> <span class='ocrx_word' id='word_1_285' title='bbox 1128 4004 1419 4063; x_wconf 85' lang='lat' dir='ltr'>divinam</span> <span class='ocrx_word' id='word_1_286' title='bbox 1455 4004 1910 4063; x_wconf 86' lang='lat' dir='ltr'>defensionem</span> <span class='ocrx_word' id='word_1_287' title='bbox 1945 4006 2204 4080; x_wconf 86' lang='lat' dir='ltr'>vigens,</span> <span class='ocrx_word' id='word_1_288' title='bbox 2241 4005 2410 4064; x_wconf 91' lang='lat' dir='ltr'>duas</span> <span class='ocrx_word' id='word_1_289' title='bbox 2437 4006 2860 4065; x_wconf 87' lang='lat' dir='ltr'>ostensiones</span> <span class='ocrx_word' id='word_1_290' title='bbox 2895 4009 3320 4068; x_wconf 89' lang='lat' dir='ltr'>rectitudinis</span> 
     </span>
     <span class='ocr_line' id='line_1_29' title="bbox 235 4108 3356 4185; baseline 0.002 -20"><span class='ocrx_word' id='word_1_291' title='bbox 235 4111 515 4184; x_wconf 84' lang='lat' dir='ltr'>protulit,</span> <span class='ocrx_word' id='word_1_292' title='bbox 572 4124 858 4185; x_wconf 87' lang='lat' dir='ltr'>quarum</span> <span class='ocrx_word' id='word_1_293' title='bbox 907 4109 1116 4167; x_wconf 90' lang='lat' dir='ltr'>altera</span> <span class='ocrx_word' id='word_1_294' title='bbox 1165 4108 1424 4181; x_wconf 83' lang='lat' dir='ltr'>viridis,</span> <span class='ocrx_word' id='word_1_295' title='bbox 1462 4109 1672 4167; x_wconf 88' lang='lat' dir='ltr'>altera</span> <span class='ocrx_word' id='word_1_296' title='bbox 1724 4109 2021 4183; x_wconf 88' lang='lat' dir='ltr'>argentei</span> <span class='ocrx_word' id='word_1_297' title='bbox 2057 4109 2301 4168; x_wconf 90' lang='lat' dir='ltr'>coloris</span> <span class='ocrx_word' id='word_1_298' title='bbox 2351 4110 2476 4182; x_wconf 90' lang='lat' dir='ltr'>est,</span> <span class='ocrx_word' id='word_1_299' title='bbox 2514 4110 2671 4184; x_wconf 88' lang='lat' dir='ltr'>quia</span> <span class='ocrx_word' id='word_1_300' title='bbox 2722 4109 2958 4169; x_wconf 85' lang='lat' dir='ltr'>viridis</span> <span class='ocrx_word' id='word_1_301' title='bbox 3008 4110 3356 4172; x_wconf 80' lang='lat' dir='ltr'>viriditas‘</span> 
     </span>
     <span class='ocr_line' id='line_1_30' title="bbox 230 4198 3319 4287; baseline 0.003 -20"><span class='ocrx_word' id='word_1_302' title='bbox 230 4209 468 4283; x_wconf 86' lang='lat' dir='ltr'>justitia</span> <span class='ocrx_word' id='word_1_303' title='bbox 522 4211 591 4270; x_wconf 90' lang='lat' dir='ltr'>in</span> <span class='ocrx_word' id='word_1_304' title='bbox 642 4211 924 4269; x_wconf 85' lang='lat' dir='ltr'>materia</span> <span class='ocrx_word' id='word_1_305' title='bbox 973 4211 1195 4287; x_wconf 89' lang='lat' dir='ltr'>operis</span> <span class='ocrx_word' id='word_1_306' title='bbox 1243 4211 1360 4269; x_wconf 92' lang='lat' dir='ltr'>Dei</span> <span class='ocrx_word' id='word_1_307' title='bbox 1409 4217 1533 4284; x_wconf 87' lang='lat' dir='ltr'>est,</span> <span class='ocrx_word' id='word_1_308' title='bbox 1588 4198 1785 4287; x_wconf 84' lang='lat' dir='ltr'>quam</span> <span class='ocrx_word' id='word_1_309' title='bbox 1839 4213 1983 4287; x_wconf 91' lang='lat' dir='ltr'>ipse</span> <span class='ocrx_word' id='word_1_310' title='bbox 2033 4212 2208 4270; x_wconf 92' lang='lat' dir='ltr'>Deus</span> <span class='ocrx_word' id='word_1_311' title='bbox 2258 4211 2594 4287; x_wconf 88' lang='lat' dir='ltr'>produxit;</span> <span class='ocrx_word' id='word_1_312' title='bbox 2647 4214 2965 4287; x_wconf 88' lang='lat' dir='ltr'>quoniam</span> <span class='ocrx_word' id='word_1_313' title='bbox 3015 4221 3088 4273; x_wconf 91' lang='lat' dir='ltr'>ut</span> <span class='ocrx_word' id='word_1_314' title='bbox 3137 4220 3319 4275; x_wconf 90' lang='lat' dir='ltr'>terra</span> 
     </span>
     <span class='ocr_line' id='line_1_31' title="bbox 234 4312 3326 4389; baseline 0.003 -20"><span class='ocrx_word' id='word_1_315' title='bbox 234 4329 471 4373; x_wconf 89' lang='lat' dir='ltr'>omnem</span> <span class='ocrx_word' id='word_1_316' title='bbox 531 4315 937 4374; x_wconf 87' lang='lat' dir='ltr'>viriditatem</span> <span class='ocrx_word' id='word_1_317' title='bbox 987 4312 1264 4388; x_wconf 89' lang='lat' dir='ltr'>profert,</span> <span class='ocrx_word' id='word_1_318' title='bbox 1303 4314 1400 4372; x_wconf 90' lang='lat' dir='ltr'>sic</span> <span class='ocrx_word' id='word_1_319' title='bbox 1449 4320 1644 4372; x_wconf 86' lang='lat' dir='ltr'>vetus</span> <span class='ocrx_word' id='word_1_320' title='bbox 1695 4315 2193 4374; x_wconf 87' lang='lat' dir='ltr'>Testamentum</span> <span class='ocrx_word' id='word_1_321' title='bbox 2245 4330 2437 4373; x_wconf 90' lang='lat' dir='ltr'>omne</span> <span class='ocrx_word' id='word_1_322' title='bbox 2487 4330 2765 4389; x_wconf 89' lang='lat' dir='ltr'>germen</span> <span class='ocrx_word' id='word_1_323' title='bbox 2813 4322 2880 4375; x_wconf 91' lang='lat' dir='ltr'>et</span> <span class='ocrx_word' id='word_1_324' title='bbox 2915 4332 3173 4376; x_wconf 91' lang='lat' dir='ltr'>omnem</span> <span class='ocrx_word' id='word_1_325' title='bbox 3212 4318 3326 4378; x_wconf 87' lang='lat' dir='ltr'>sso-</span> 
     </span>
     <span class='ocr_line' id='line_1_32' title="bbox 238 4418 3322 4497; baseline 0.002 -23"><span class='ocrx_word' id='word_1_326' title='bbox 238 4432 356 4475; x_wconf 87' lang='lat' dir='ltr'>rem</span> <span class='ocrx_word' id='word_1_327' title='bbox 392 4419 663 4477; x_wconf 82' lang='lat' dir='ltr'>futurae</span> <span class='ocrx_word' id='word_1_328' title='bbox 714 4419 1070 4494; x_wconf 88' lang='lat' dir='ltr'>aequitatis</span> <span class='ocrx_word' id='word_1_329' title='bbox 1121 4418 1626 4477; x_wconf 84' lang='lat' dir='ltr'>demonstravit.</span> <span class='ocrx_word' id='word_1_330' title='bbox 1664 4418 1742 4477; x_wconf 86' lang='lat' dir='ltr'>Et</span> <span class='ocrx_word' id='word_1_331' title='bbox 1792 4418 1915 4476; x_wconf 88' lang='lat' dir='ltr'>hoc</span> <span class='ocrx_word' id='word_1_332' title='bbox 1951 4419 2153 4478; x_wconf 88' lang='lat' dir='ltr'>etiam</span> <span class='ocrx_word' id='word_1_333' title='bbox 2190 4419 2255 4477; x_wconf 92' lang='lat' dir='ltr'>in</span> <span class='ocrx_word' id='word_1_334' title='bbox 2290 4424 2604 4493; x_wconf 86' lang='lat' dir='ltr'>argenteo</span> <span class='ocrx_word' id='word_1_335' title='bbox 2653 4418 3079 4481; x_wconf 88' lang='lat' dir='ltr'>fundamento</span> <span class='ocrx_word' id='word_1_336' title='bbox 3112 4438 3322 4497; x_wconf 88' lang='lat' dir='ltr'>purae</span> 
     </span>
     <span class='ocr_line' id='line_1_33' title="bbox 237 4519 3359 4597; baseline 0.004 -25"><span class='ocrx_word' id='word_1_337' title='bbox 237 4519 562 4593; x_wconf 78' lang='lat' dir='ltr'>scientiae,</span> <span class='ocrx_word' id='word_1_338' title='bbox 618 4522 791 4596; x_wconf 88' lang='lat' dir='ltr'>quod</span> <span class='ocrx_word' id='word_1_339' title='bbox 842 4538 1075 4597; x_wconf 90' lang='lat' dir='ltr'>puram</span> <span class='ocrx_word' id='word_1_340' title='bbox 1129 4522 1553 4580; x_wconf 82' lang='lat' dir='ltr'>sanctitatem</span> <span class='ocrx_word' id='word_1_341' title='bbox 1609 4522 1671 4579; x_wconf 90' lang='lat' dir='ltr'>in</span> <span class='ocrx_word' id='word_1_342' title='bbox 1723 4522 1991 4581; x_wconf 88' lang='lat' dir='ltr'>Christo</span> <span class='ocrx_word' id='word_1_343' title='bbox 2048 4521 2338 4580; x_wconf 86' lang='lat' dir='ltr'>futuram</span> <span class='ocrx_word' id='word_1_344' title='bbox 2376 4521 2769 4595; x_wconf 89' lang='lat' dir='ltr'>declaravit,</span> <span class='ocrx_word' id='word_1_345' title='bbox 2825 4524 3359 4585; x_wconf 56' lang='lat' dir='ltr'>manifestatum·</span> 
     </span>
     <span class='ocr_line' id='line_1_34' title="bbox 238 4623 3321 4707; baseline 0.003 -28"><span class='ocrx_word' id='word_1_346' title='bbox 238 4623 392 4683; x_wconf 87' lang='lat' dir='ltr'>Unde</span> <span class='ocrx_word' id='word_1_347' title='bbox 426 4626 556 4684; x_wconf 91' lang='lat' dir='ltr'>hoc</span> <span class='ocrx_word' id='word_1_348' title='bbox 605 4624 779 4683; x_wconf 89' lang='lat' dir='ltr'>idem</span> <span class='ocrx_word' id='word_1_349' title='bbox 819 4627 882 4683; x_wconf 91' lang='lat' dir='ltr'>in</span> <span class='ocrx_word' id='word_1_350' title='bbox 932 4625 1055 4684; x_wconf 88' lang='lat' dir='ltr'>hac</span> <span class='ocrx_word' id='word_1_351' title='bbox 1087 4625 1285 4684; x_wconf 78' lang='lat' dir='ltr'>vIridi</span> <span class='ocrx_word' id='word_1_352' title='bbox 1335 4626 1576 4700; x_wconf 85' lang='lat' dir='ltr'>pagina</span> <span class='ocrx_word' id='word_1_353' title='bbox 1611 4627 1938 4701; x_wconf 90' lang='lat' dir='ltr'>scripturn</span> <span class='ocrx_word' id='word_1_354' title='bbox 1985 4626 2200 4707; x_wconf 82' lang='lat' dir='ltr'>vides,</span> <span class='ocrx_word' id='word_1_355' title='bbox 2238 4627 2397 4701; x_wconf 91' lang='lat' dir='ltr'>quia</span> <span class='ocrx_word' id='word_1_356' title='bbox 2433 4627 2679 4685; x_wconf 88' lang='lat' dir='ltr'>florens</span> <span class='ocrx_word' id='word_1_357' title='bbox 2727 4629 3023 4688; x_wconf 90' lang='lat' dir='ltr'>ostensio</span> <span class='ocrx_word' id='word_1_358' title='bbox 3057 4628 3321 4688; x_wconf 90' lang='lat' dir='ltr'>divinae</span> 
     </span>
     <span class='ocr_line' id='line_1_35' title="bbox 235 4727 3322 4806; baseline 0.004 -26"><span class='ocrx_word' id='word_1_359' title='bbox 235 4727 613 4787; x_wconf 80' lang='lat' dir='ltr'>eruditionis</span> <span class='ocrx_word' id='word_1_360' title='bbox 662 4728 1098 4802; x_wconf 89' lang='lat' dir='ltr'>demonstrat,</span> <span class='ocrx_word' id='word_1_361' title='bbox 1152 4730 1326 4806; x_wconf 84' lang='lat' dir='ltr'>quod</span> <span class='ocrx_word' id='word_1_362' title='bbox 1360 4730 1494 4788; x_wconf 90' lang='lat' dir='ltr'>Noe</span> <span class='ocrx_word' id='word_1_363' title='bbox 1545 4746 1663 4804; x_wconf 83' lang='lat' dir='ltr'>per</span> <span class='ocrx_word' id='word_1_364' title='bbox 1698 4745 1922 4788; x_wconf 86' lang='lat' dir='ltr'>arcam</span> <span class='ocrx_word' id='word_1_365' title='bbox 1960 4729 2055 4789; x_wconf 79' lang='lat' dir='ltr'>il&#39;li</span> <span class='ocrx_word' id='word_1_366' title='bbox 2107 4730 2426 4801; x_wconf 86' lang='lat' dir='ltr'>obedivit,</span> <span class='ocrx_word' id='word_1_367' title='bbox 2468 4730 2580 4805; x_wconf 83' lang='lat' dir='ltr'>qui</span> <span class='ocrx_word' id='word_1_368' title='bbox 2634 4746 2753 4788; x_wconf 90' lang='lat' dir='ltr'>nec</span> <span class='ocrx_word' id='word_1_369' title='bbox 2789 4731 3049 4790; x_wconf 90' lang='lat' dir='ltr'>initium</span> <span class='ocrx_word' id='word_1_370' title='bbox 3094 4749 3215 4792; x_wconf 93' lang='lat' dir='ltr'>nec</span> <span class='ocrx_word' id='word_1_371' title='bbox 3251 4733 3322 4792; x_wconf 85' lang='lat' dir='ltr'>ss-</span> 
     </span>
     <span class='ocr_line' id='line_1_36' title="bbox 236 4833 3357 4910; baseline 0.003 -22"><span class='ocrx_word' id='word_1_372' title='bbox 236 4846 362 4890; x_wconf 83' lang='lat' dir='ltr'>nem</span> <span class='ocrx_word' id='word_1_373' title='bbox 409 4833 689 4906; x_wconf 88' lang='lat' dir='ltr'>habens,</span> <span class='ocrx_word' id='word_1_374' title='bbox 744 4835 948 4892; x_wconf 90' lang='lat' dir='ltr'>etiam</span> <span class='ocrx_word' id='word_1_375' title='bbox 1002 4835 1065 4893; x_wconf 92' lang='lat' dir='ltr'>in</span> <span class='ocrx_word' id='word_1_376' title='bbox 1100 4850 1275 4909; x_wconf 84' lang='lat' dir='ltr'>aqua</span> <span class='ocrx_word' id='word_1_377' title='bbox 1323 4840 1712 4909; x_wconf 88' lang='lat' dir='ltr'>pereuntem</span> <span class='ocrx_word' id='word_1_378' title='bbox 1764 4834 2106 4892; x_wconf 88' lang='lat' dir='ltr'>hominem</span> <span class='ocrx_word' id='word_1_379' title='bbox 2160 4835 2592 4907; x_wconf 86' lang='lat' dir='ltr'>restauravit,</span> <span class='ocrx_word' id='word_1_380' title='bbox 2647 4851 2840 4909; x_wconf 88' lang='lat' dir='ltr'>quem</span> <span class='ocrx_word' id='word_1_381' title='bbox 2893 4837 3357 4910; x_wconf 73' lang='lat' dir='ltr'>postmodum·</span> 
     </span>
     <span class='ocr_line' id='line_1_37' title="bbox 236 4930 3351 5015; baseline 0.001 -21"><span class='ocrx_word' id='word_1_382' title='bbox 236 4950 475 5011; x_wconf 79' lang='lat' dir='ltr'>quoque</span> <span class='ocrx_word' id='word_1_383' title='bbox 509 4930 558 5015; x_wconf 80' lang='lat'>⁸)</span> <span class='ocrx_word' id='word_1_384' title='bbox 598 4938 950 4996; x_wconf 89' lang='lat' dir='ltr'>constituit</span> <span class='ocrx_word' id='word_1_385' title='bbox 983 4954 1103 5013; x_wconf 91' lang='lat' dir='ltr'>per</span> <span class='ocrx_word' id='word_1_386' title='bbox 1138 4936 1540 5014; x_wconf 89' lang='lat' dir='ltr'>baptismum</span> <span class='ocrx_word' id='word_1_387' title='bbox 1579 4937 1660 4995; x_wconf 88' lang='lat' dir='ltr'>ad</span> <span class='ocrx_word' id='word_1_388' title='bbox 1692 4936 1903 4996; x_wconf 87' lang='lat' dir='ltr'>vitam</span> <span class='ocrx_word' id='word_1_389' title='bbox 1940 4936 2316 4996; x_wconf 86' lang='lat' dir='ltr'>reformari.</span> <span class='ocrx_word' id='word_1_390' title='bbox 2354 4935 2480 4995; x_wconf 83' lang='lat' dir='ltr'>Sed</span> <span class='ocrx_word' id='word_1_391' title='bbox 2512 4943 2579 4996; x_wconf 91' lang='lat' dir='ltr'>et</span> <span class='ocrx_word' id='word_1_392' title='bbox 2618 4936 2739 4996; x_wconf 88' lang='lat' dir='ltr'>hoc</span> <span class='ocrx_word' id='word_1_393' title='bbox 2778 4937 2947 4996; x_wconf 90' lang='lat' dir='ltr'>idem</span> <span class='ocrx_word' id='word_1_394' title='bbox 2988 4939 3049 4996; x_wconf 90' lang='lat' dir='ltr'>in</span> <span class='ocrx_word' id='word_1_395' title='bbox 3085 4933 3351 5013; x_wconf 71' lang='lat' dir='ltr'>argen³-·‘</span> 
     </span>
     <span class='ocr_line' id='line_1_38' title="bbox 241 5040 3355 5118; baseline 0.001 -23"><span class='ocrx_word' id='word_1_396' title='bbox 241 5043 325 5096; x_wconf 82' lang='lat' dir='ltr'>tea</span> <span class='ocrx_word' id='word_1_397' title='bbox 356 5043 596 5117; x_wconf 84' lang='lat' dir='ltr'>pagina</span> <span class='ocrx_word' id='word_1_398' title='bbox 631 5044 958 5118; x_wconf 87' lang='lat' dir='ltr'>scriptum</span> <span class='ocrx_word' id='word_1_399' title='bbox 993 5049 1118 5116; x_wconf 92' lang='lat' dir='ltr'>est,</span> <span class='ocrx_word' id='word_1_400' title='bbox 1160 5044 1476 5118; x_wconf 85' lang='lat' dir='ltr'>quoniam</span> <span class='ocrx_word' id='word_1_401' title='bbox 1514 5042 1577 5099; x_wconf 90' lang='lat' dir='ltr'>in</span> <span class='ocrx_word' id='word_1_402' title='bbox 1612 5040 1904 5117; x_wconf 87' lang='lat' dir='ltr'>puritate</span> <span class='ocrx_word' id='word_1_403' title='bbox 1950 5041 2272 5100; x_wconf 89' lang='lat' dir='ltr'>scientiae</span> <span class='ocrx_word' id='word_1_404' title='bbox 2310 5056 2508 5098; x_wconf 89' lang='lat' dir='ltr'>verae</span> <span class='ocrx_word' id='word_1_405' title='bbox 2558 5040 3148 5100; x_wconf 89' lang='lat' dir='ltr'>demonstrationis</span> <span class='ocrx_word' id='word_1_406' title='bbox 3182 5052 3355 5099; x_wconf 59' lang='lat' dir='ltr'>ma-sst</span> 
     </span>
    </p>
   </div>
   <div class='ocr_carea' id='block_1_10' title="bbox 303 5207 3135 5327">
    <p class='ocr_par' dir='ltr' id='par_1_10' title="bbox 303 5207 3135 5327">
     <span class='ocr_line' id='line_1_39' title="bbox 303 5207 2323 5280; baseline 0 -20"><span class='ocrx_word' id='word_1_407' title='bbox 303 5208 337 5268; x_wconf 78' lang='lat'>¹)</span> <span class='ocrx_word' id='word_1_408' title='bbox 367 5213 660 5266; x_wconf 69' lang='lat' dir='ltr'>ministerio</span> <span class='ocrx_word' id='word_1_409' title='bbox 689 5210 778 5264; x_wconf 84' lang='lat' dir='ltr'>W.</span> <span class='ocrx_word' id='word_1_410' title='bbox 814 5242 876 5249; x_wconf 92' lang='lat'>—-</span> <span class='ocrx_word' id='word_1_411' title='bbox 904 5212 948 5274; x_wconf 78' lang='lat'>¹²)</span> <span class='ocrx_word' id='word_1_412' title='bbox 975 5210 1132 5265; x_wconf 85' lang='lat' dir='ltr'>Joan.</span> <span class='ocrx_word' id='word_1_413' title='bbox 1167 5210 1240 5272; x_wconf 77' lang='grc' dir='ltr'>Χ,</span> <span class='ocrx_word' id='word_1_414' title='bbox 1281 5217 1324 5266; x_wconf 80' lang='grc'>1.</span> <span class='ocrx_word' id='word_1_415' title='bbox 1358 5242 1410 5250; x_wconf 80' lang='lat'>-</span> <span class='ocrx_word' id='word_1_416' title='bbox 1451 5209 1493 5273; x_wconf 78' lang='lat'>³)</span> <span class='ocrx_word' id='word_1_417' title='bbox 1523 5210 1964 5280; x_wconf 78' lang='lat' dir='ltr'>quemadmodum</span> <span class='ocrx_word' id='word_1_418' title='bbox 1992 5225 2207 5278; x_wconf 76' lang='lat' dir='ltr'>quoque</span> <span class='ocrx_word' id='word_1_419' title='bbox 2234 5207 2323 5261; x_wconf 88' lang='lat' dir='ltr'>W.</span> 
     </span>
     <span class='ocr_line' id='line_1_40' title="bbox 3099 5294 3135 5327; baseline 0 -2"><span class='ocrx_word' id='word_1_420' title='bbox 3099 5294 3135 5327; x_wconf 53' lang='lat' dir='ltr'>ff</span> 
     </span>
    </p>
   </div>
  </div>
 </body>
</html>
