4036 6117
729 492 858 553 604

721 625 780 684 B.
813 632 871 684 et
938 626 1072 698 quia
1120 627 1542 685 voluntatem...
1599 645 1698 684 nec
1743 628 1815 683 ab
1860 630 1965 685 boc
2006 631 2158 685 ullus

653 712 821 757 nos...
853 700 1120 755 inductae
1147 706 1348 756 sunt...
1382 700 1525 756 illud
1548 706 1963 772 pertractare...
1988 717 2159 772 super

651 787 848 827 omnes
880 787 1047 826 nos...

722 843 780 898 C.
812 840 1096 897 desectum
1139 842 1409 898 habeat...
1455 858 1567 895 non
1609 842 1958 899 sustineat...
2005 842 2062 897 iu
2093 843 2158 897 li·

653 913 756 969 bro
782 913 1002 970 Scirias
1040 915 1356 969 ostendit...
1399 921 1455 967 et
1503 914 1781 983 plurimae
1819 914 2152 969 civitates...

650 990 983 1041 corruent...
1030 987 1178 1039 sicut
1218 984 1369 1040 enim
1414 985 1616 1039 fortior
1653 1001 1810 1040 suam
1852 985 2155 1041 femineam

650 1056 1025 1112 moltitiem...

728 1133 864 1183 1020
889 1130 954 1182 A.
989 1127 1139 1181 sicut
1171 1127 1227 1182 in
1257 1126 1609 1196 principio..
1637 1127 2017 1199 praefatorum
2043 1128 2161 1183 bel-

650 1201 834 1254 lorum
872 1200 986 1255 cod.
1017 1199 1130 1254 A...
1168 1199 1226 1254 in
1255 1199 1477 1253 cunctis
1504 1200 1908 1255 ecelesiasticis
1947 1199 2132 1255 consti

652 1270 1044 1325 tuitionibus...
1087 1276 1143 1323 et
1199 1270 1315 1324 illis
1356 1270 1671 1340 plurima...
1711 1272 1861 1341 quod
1907 1272 1952 1325 is
1994 1271 2050 1327 in
2083 1273 2156 1325 le·

647 1350 872 1398 ctum...
905 1355 1107 1412 pravae
1134 1341 1456 1396 sodalitatis
1481 1342 1852 1412 conjungens.
1880 1343 2036 1399 Unde
2059 1358 2156 1397 rex

651 1414 809 1469 illam
841 1411 1123 1482 abjecit...

723 1484 784 1539 B.
822 1490 884 1537 ut
908 1482 1039 1537 aliis
1063 1482 1240 1537 videri
1268 1498 1376 1536 non
1399 1490 1693 1554 possent...
1720 1491 1777 1539 et
1798 1491 1991 1539 contra
2020 1492 2155 1540 tem-

653 1556 805 1628 poris
831 1552 1215 1609 curationis...

722 1626 779 1683 C.
815 1626 1140 1681 inconcussa
1171 1624 1615 1697 perdurarunt...
1648 1625 1993 1682 adulterium
2037 1642 2156 1696 per·

653 1703 945 1769 petrant...
993 1704 1105 1749 tam
1149 1713 1322 1752 novae
1354 1711 1523 1767 quam
1567 1697 1894 1766 incognitae
1932 1698 2157 1754 ordina-

657 1772 839 1825 tiones
869 1767 1088 1838 pacis...

726 1842 784 1897 D.
816 1837 1160 1895 Christianis
1191 1837 1316 1891 data
1343 1837 1485 1895 sit...
1509 1855 1655 1910 quae
1682 1839 1989 1895 adventum
2018 1840 2152 1896 Filii

652 1911 752 1967 Dei
785 1916 1217 1981 praevenerat...
1265 1918 1399 1965 tunc
1439 1912 1701 1967 floreat...

727 1987 857 2037 1021
891 1983 956 2037 A.
989 1980 1209 2036 fructus
1241 1987 1417 2034 terrae
1444 1983 1710 2037 sublimis
1737 1982 1870 2039 Cod.
1903 1983 2013 2038 A...

725 2053 783 2108 B.
830 2054 887 2109 in
929 2052 1068 2122 ipsis
1106 2051 1587 2119 glorificabitur...
1625 2060 1797 2124 atque
1834 2053 2148 2121 magnifica-

650 2124 818 2185 bunt,
851 2124 948 2179 ubi
978 2124 1150 2178 etiam
1179 2139 1305 2176 eum
1335 2124 1393 2177 in
1422 2125 1598 2194 gloria
1628 2127 1694 2180 ad
1731 2140 1818 2180 me
1848 2126 2151 2181 rediisse...

719 2195 1203 2320 ChAntichristus
1227 2201 1417 2250 autem
1449 2196 1628 2251 viride
1658 2197 1876 2266 lignum
1902 2213 2013 2253 non
2045 2203 2153 2261 est.

649 2284 762 2323 ‹uo
2132 2324 2139 2329 .

670 2285 683 2337 ι
720 2340 779 2393 D.
818 2358 921 2394 om.
954 2342 1010 2392 et
1049 2338 1105 2391 iu
1145 2336 1358 2407 quibus
1399 2340 1620 2394 nullum
1666 2339 1928 2395 timorem
1971 2338 2152 2394 futuri

647 2409 856 2480 judicii
900 2407 1196 2463 novissimi
1232 2411 1501 2492 temporis
1536 2412 1884 2475 metuebant,
1905 2414 2158 2467 additur:

651 2482 872 2536 aridum
907 2496 1037 2535 vero
1066 2479 1283 2548 lignum
1313 2481 1434 2537 dies
1465 2482 1548 2537 illi
1584 2497 1713 2539 cum
1743 2483 2079 2538 discessio..

726 2557 861 2607 1022
891 2553 951 2606 A.
981 2551 1140 2606 Tuiic
1167 2551 1453 2625 principes
1481 2569 1608 2609 cum
1641 2555 1928 2626 reliquo...

725 2623 784 2678 B.
817 2629 875 2678 et
902 2622 1088 2678 omnia
1129 2638 1279 2677 arma
1307 2639 1452 2694 quae
1479 2625 1545 2679 ad
1576 2641 1767 2681 necem
1811 2624 2081 2681 hominis,
2117 2668 2153 2680 ..

651 2695 992 2749 ferramenta
1034 2694 1347 2751 retinentes
1387 2702 1698 2762 (servantes
1730 2698 1864 2761 B)...
1895 2713 2032 2752 usus
2061 2697 2154 2750 ho-

654 2765 894 2821 minis..
942 2764 1279 2836 projicietur
1307 2768 1595 2839 (ejicietur
1620 2767 1686 2833 B)
1714 2776 1772 2824 et
1800 2776 1936 2824 tunc
1977 2769 2157 2822 nubes

644 2837 959 2909 jucundam
986 2841 1044 2890 et
1072 2852 1368 2894 suavem...
1402 2839 1559 2893 velut
1585 2839 1756 2895 etiam
1796 2841 1854 2896 in
1883 2841 2152 2911 hyeme...

719 2909 777 3035 (ξ).
812 2908 1063 2963 nondum
1103 2913 1508 2980 apparuerat...
1552 2910 1778 2968 ordines
1815 2911 1874 2966 in
1916 2910 2158 2965 veritate

646 2985 730 3033 sta
781 2983 950 3035 unt...

721 3053 785 3109 D.
817 3050 1010 3107 adesse
1041 3049 1395 3109 timebunt...
1428 3051 1496 3107 ad
1524 3053 1766 3124 patriam
1790 3070 1946 3109 suam
1974 3052 2158 3109 inten-

647 3125 861 3179 dunt...
895 3138 1006 3177 non
1037 3122 1380 3179 habentes...

728 3198 864 3249 1023
887 3194 952 3250 A.
980 3193 1259 3265 baptizati
1287 3193 1646 3252 Christum...
1677 3197 1904 3253 ludaeis
1929 3210 2157 3266 quoque

647 3272 705 3320 et
745 3266 1050 3321 haereticis
1086 3265 1377 3321 dicetur...
1423 3266 1763 3324 insidiantes
1799 3268 1867 3322 ad
1908 3268 2154 3323 interne·

649 3338 870 3394 cionem
900 3341 1390 3408 persequuntur...

722 3409 780 3464 Β.
815 3409 876 3464 in
917 3408 1036 3463 ictu
1075 3408 1228 3463 oculi
1268 3423 1381 3463 non
1409 3409 1723 3466 venisset...
1768 3410 1867 3480 qui
1911 3412 2157 3466 latenter

651 3480 1026 3536 adveniens..
1485 3539 1491 3546 ,

720 3551 779 3607 C.
813 3552 1048 3607 stabunt
1079 3553 1238 3613 tunc.
1267 3550 1361 3606 sed
1389 3550 1493 3608 hac
1524 3552 1723 3609 illac...

731 3627 864 3676 1024
892 3625 956 3678 A.
991 3621 1049 3677 in
1080 3620 1269 3677 surore
1294 3623 1684 3680 animorum...

650 3701 853 3750 suut...

721 3765 778 3820 B.
811 3764 1004 3819 eodem
1037 3763 1200 3818 modo
1226 3765 1483 3834 polluent
1515 3770 1573 3820 et
1612 3763 2151 3824 contaminabunt...

648 3842 704 3890 et
736 3836 866 3891 inde
894 3851 1006 3889 non
1034 3840 1393 3892 saturatur...

722 3907 779 3963 C.
811 3914 869 3962 et
897 3907 964 3961 ad
991 3905 1312 3963 litteram...
1356 3906 1734 3963 averterint...
1765 3907 2152 3977 redegerint...

651 3985 712 4032 ut
742 3995 835 4034 eos
861 3977 1093 4034 omnino
1160 3983 1513 4034 ervertant...

723 4051 782 4106 D.
817 4056 873 4105 et
910 4051 1035 4105 ideo
1074 4067 1100 4103 a
1180 4048 1565 4106 defensionem
1606 4065 1784 4106 meam
1826 4055 1884 4107 et
1924 4049 2153 4105 illorum

644 4121 986 4191 quantocius
1018 4122 1299 4177 inclina...

727 4197 860 4247 ¹025
901 4194 961 4249 B.
1004 4198 1062 4247 et
1106 4194 1164 4248 in
1203 4190 1580 4247 desectionem
1621 4191 1703 4247 ire
1740 4190 1973 4253 debuit,
2013 4206 2139 4261 quo-

647 4265 799 4318 niam
833 4264 890 4317 in
923 4270 975 4320 te
1004 4263 1182 4321 suit...
1217 4263 1335 4319 suis
1365 4263 1618 4333 perirent
1644 4270 1700 4318 et
1727 4263 2030 4319 omnine...

718 4336 776 4391 C.
815 4335 867 4389 id
897 4343 983 4391 est
1013 4342 1315 4406 antequam
1348 4335 1659 4390 mundus...

721 4411 854 4461 1026
882 4406 946 4461 A.
978 4406 1223 4462 Michacl
1255 4407 1626 4472 archangelus
1653 4405 1720 4459 ad
1759 4403 2147 4460 defensionem

641 4477 1094 4532 Christianorum
1128 4477 1428 4550 pugnabit,
1450 4477 1525 4531 ita
1551 4483 1613 4532 ut
1638 4475 1742 4531 filii
1768 4475 1937 4532 Dei...
1967 4476 2149 4547 ipsius

646 4549 701 4603 in
731 4565 825 4605 eos
855 4548 1142 4606 irruant...
1177 4549 1455 4604 fortitudo
1483 4555 1674 4603 nostra
1709 4546 1889 4617 ipsius
1915 4553 2070 4605 est...

715 4621 772 4676 Β.
805 4620 1165 4677 eredinms...
1197 4625 1475 4688 exurgent
1502 4627 1763 4686 gentes...

711 4692 770 4747 C.
802 4692 1116 4747 Romanum
1150 4695 1727 4758 regnumtenucrunt
1755 4689 1865 4755 ¹)...
1907 4690 2147 4746 honora-

639 4763 685 4818 ri
723 4763 998 4819 vellent...
1032 4763 1085 4819 ei
1117 4763 1571 4835 subjicientur...

1728 3632 1785 3679 et
1813 3623 1935 3679 sine
1962 3623 2154 3679 labore.

711 4958 751 5014 ¹l
778 4956 886 5012 Vir
915 4956 1158 5026 insignis
1185 4957 1392 5014 Giirres
1420 4956 1572 5011 hunc
1604 4957 1787 5011 locum
1831 4956 2057 5019 retulit,
2088 4963 2153 5011 ut

639 5027 977 5084 vaticinium
1011 5030 1131 5083 aevi
1164 5028 1498 5097 praesentis.
1533 5027 1626 5082 sed
1659 5028 1835 5081 multa
1867 5029 1984 5097 ipse
2015 5044 2151 5082 usus

642 5100 1060 5170 interpretandi
1118 5100 1371 5162 licentia.
1424 5098 1534 5153 nisi
1592 5100 1736 5154 male
1802 5099 2155 5153 intellexerit

643 5171 882 5240 gallicus
923 5173 1222 5241 interpres»,
1253 5178 1351 5226 aut
1379 5171 1652 5241 peculiari
1678 5170 1871 5226 codice
1898 5170 2152 5225 Gebeno·

647 5244 758 5306 nis,
791 5242 940 5299 inter
968 5245 1160 5318 plures
1187 5244 1287 5316 qui
1316 5247 1545 5300 exstant
1574 5241 1630 5297 in
1661 5240 2013 5297 bibliotheca
2038 5243 2152 5297 Μο-

1890 508 1939 556 S.
1993 511 2535 561 HILDRGARDIS

2322 634 2383 687 D.
2418 645 2787 701 unaquaeqne
2813 631 3103 702 provincia
3131 636 3187 688 et
3213 632 3545 715 quisquis...
3591 628 3745 688 oneri

2249 705 2407 773 prius
2439 702 2614 758 suerit
2640 716 2807 772 quani
2838 702 3107 761 honori...
3149 720 3262 760 non
3297 712 3564 760 minuent
3606 705 3740 771 (mel.

2246 777 2364 830 edd.
2401 779 2538 829 tunc
2567 774 3003 831 imminuent)...

2323 850 2458 900 1027
2486 848 2550 900 A.
2584 851 2640 899 et
2672 851 2733 900 ut
2758 846 3008 915 quilibet
3035 846 3566 927 archiepiscopus...

2320 917 2378 971 B.
2413 931 2705 984 assurgere
2742 917 3055 981 tentabit...
3100 919 3250 974 sicut
3289 918 3514 988 antiqui
3561 932 3748 987 proce·

2248 1003 2333 1042 res
2363 988 2686 1043 fecerunt...

2323 1064 2457 1114 1028
2480 1059 2545 1114 A.
2565 1064 2846 1128 quatenus
2871 1059 2928 1113 in
2954 1064 3232 1130 potestate
3252 1065 3310 1115 et
3332 1059 3632 1112 voluntate
3650 1057 3748 1112 Dei

2246 1131 2390 1188 sit...
2407 1131 2547 1200 quia
2575 1130 2821 1185 mundus
2839 1136 2896 1184 et
2918 1147 3047 1186 ea...
3069 1137 3128 1185 et
3150 1132 3216 1185 ad
3239 1131 3421 1186 filium
3442 1147 3498 1185 se
3514 1143 3747 1184 conver-

2251 1208 2439 1259 tent...
2467 1201 2867 1274 perturbans...
2919 1201 3006 1256 illi
3031 1201 3431 1258 resistentibus
3459 1202 3746 1268 ingeret...

2315 1272 2373 1329 B.
2406 1273 2632 1343 quando
2663 1274 2935 1341 antiquus
2963 1288 3258 1344 serpens..

2313 1344 2369 1400 C.
2404 1345 2449 1398 si
2479 1345 2759 1400 catholica
2789 1343 2898 1398 fide
2925 1345 3104 1399 erit...

2318 1417 2377 1471 D.
2411 1416 2478 1469 ad
2509 1415 2850 1471 contrariam
2888 1420 3103 1485 partem
3145 1414 3429 1485 aperiat...
3475 1412 3545 1466 ad
3588 1412 3752 1482 pedes

2242 1487 2494 1557 ejusdem
2529 1487 2867 1543 descendere
2908 1486 3112 1542 fecit...
3159 1491 3280 1541 rota
3322 1493 3459 1540 tunc
3495 1484 3747 1555 primum

2248 1558 2642 1614 movebitur...

2322 1634 2455 1684 1029
2501 1632 2566 1685 A.
2621 1628 2949 1684 inconvulsa
2992 1634 3412 1700 permaneret...
3457 1625 3756 1681 mortifero

2245 1716 2480 1757 cursu...

2317 1773 2373 1827 Β.
2411 1777 2623 1825 terrore
2650 1771 3131 1827 concutiamini...
3159 1773 3393 1825 verbosa
3415 1767 3756 1839 deceptione

2244 1845 2330 1898 vel
2362 1842 2759 1898 seductione...
2790 1849 2910 1912 (per
2939 1842 3194 1897 illusoria
3229 1841 3393 1895 verba
3422 1841 3563 1901 A)...

2313 1915 2370 1969 C.
2406 1914 2554 1969 unde
2581 1928 2837 1969 summus
2863 1914 3139 1969 existet...
3167 1912 3319 1984 quod
3350 1917 3576 1966 totus...

2318 1987 2379 2041 D.
2412 2002 2580 2055 super
2605 1999 2827 2039 omnem
2860 1991 3246 2041 ereaturam...

2321 2061 2456 2112 1030
2482 2058 2549 2112 A.
2575 2058 2693 2128 jam
2725 2057 3088 2112 incurvata...

2246 2198 2271 2252 s
2312 2128 2371 2182 C.
2406 2129 2572 2184 homo
2596 2130 2981 2187 committeret
3007 2128 3150 2198 quin
3178 2140 3404 2182 carnem
3425 2138 3590 2179 suam
3612 2123 3753 2177 eale·

2270 2205 2521 2256 aceret...

2315 2271 2378 2325 D.
2414 2270 2496 2326 sie
2536 2268 2725 2324 vivere
2767 2284 2863 2323 vos
2885 2269 3128 2340 jussit...
3170 2268 3306 2340 quia
3335 2269 3381 2324 si
3423 2266 3536 2323 tilii
3572 2263 3753 2321 homi-

2245 2357 2379 2396 num
2409 2343 2490 2398 sic
2522 2357 2630 2396 non
2659 2347 3055 2396 crearentur...

2322 2418 2452 2468 1031
2479 2413 2545 2469 A.
2572 2418 2629 2467 et
2652 2413 2801 2482 quod
2825 2412 2977 2475 sitis.
3005 2410 3380 2481 cognoscatis.
3405 2410 3747 2480 quoniam...

2245 2500 2314 2538 ne
2343 2484 2625 2539 eastitatis
2653 2483 2879 2537 modum
2911 2482 3376 2538 transcendant...

2317 2554 2373 2609 C.
2410 2555 2570 2629 proni
2603 2561 2791 2610 mente
2819 2556 2876 2608 in
2906 2570 3139 2626 corpore
3166 2553 3555 2609 adorabunt...

2319 2627 2382 2682 D.
2413 2633 2483 2752 et¹
2509 2626 2855 2709 quicumque
2895 2626 3106 2698 scripta
3147 2624 3442 2681 Diaboli...
3475 2640 3506 2678 a
3537 2640 3598 2678 se
3641 2622 3755 2693 ipso

2246 2716 2366 2754 esse
2396 2716 2462 2751 vo
2491 2705 2645 2753 uit...

2323 2775 2459 2824 1032
2486 2770 2550 2824 A.
2581 2783 2709 2824 cum
2740 2767 3082 2823 Sadducaeis
3113 2768 3169 2821 in
3197 2766 3263 2822 N.
3291 2766 3355 2822 Τ.
3387 2762 3757 2819 resurrectio-

2246 2856 2372 2896 nem
2398 2839 2663 2912 justitiae
2691 2841 3175 2906 abnegaverunt...

2319 2912 2377 2967 B.
2410 2909 2724 2983 praefatum
2754 2916 2924 2980 caput
2960 2908 3278 2982 leopardi...

2320 2984 2383 3039 D.
2417 2990 2474 3038 et
2511 2982 2698 3037 omnis
2738 2980 2990 3036 hominis
3028 2980 3386 3036 anhelitus...

2247 3054 2360 3110 fine
2386 3062 2442 3109 et
2469 3054 2591 3110 sine
2620 3052 2792 3110 initio
2818 3058 2970 3108 est...

2320 3130 2455 3181 1033
2494 3126 2560 3181 A.
2607 3125 2866 3182 infideles
2904 3124 3164 3179 homines
3202 3123 3309 3178 hoc
3349 3121 3590 3177 modo...
3628 3133 3755 3176 cum

2244 3203 2473 3253 auctore
2506 3212 2607 3251 sno
2634 3198 2979 3251 destituet...

2314 3268 2372 3325 C.
2405 3269 2774 3338 corporaliter
2800 3265 3045 3338 separati
3076 3266 3291 3336 sint...‚

2317 3341 2379 3395 D.
2416 3348 2479 3394 ut
2508 3340 2565 3393 in
2594 3341 2772 3395 altum
2806 3338 3136 3395 ascendet...

2320 3414 2457 3466 1034
2494 3411 2559 3466 A.
2604 3410 2847 3480 Sanguis
2893 3423 3087 3465 eorum
3133 3405 3460 3464 effundetur
3498 3411 3568 3460 ut
3615 3404 3753 3487 fluat

2246 3488 2510 3552 tanquam
2552 3482 2776 3537 rivus...
2807 3481 2907 3551 qui
2942 3481 2999 3536 in
3029 3480 3316 3550 primaeva
3347 3477 3661 3535 ecelesia...
3694 3491 3751 3530 in

2244 3553 2556 3610 novissimo
2583 3570 2770 3608 errore
2796 3552 3195 3608 occidentur...

2316 3626 2377 3681 B.
2410 3626 2544 3681 Nam
2578 3643 2663 3680 ine
2704 3624 2906 3693 fatigat
2931 3624 3082 3694 quod
3111 3621 3474 3702 ordinatione
3517 3625 3641 3698 tua.
3666 3632 3755 3741 pa·

2248 3703 2399 3753 ter...
2448 3713 2597 3753 nunc
2643 3714 2673 3751 a
2723 3712 2810 3751 mc
2860 3694 3200 3750 recedunt...
3254 3692 3573 3748 diabolicae
3625 3689 3665 3743 ιΙ
3697 3705 3753 3742 u·

2245 3784 2489 3825 sionis..

2321 3843 2457 3895 1035
2486 3840 2551 3895 A.
2582 3839 2654 3893 ab
2681 3837 2834 3894 omni
2866 3837 3013 3893 malo
3040 3837 3268 3893 liberet.
3301 3834 3503 3890 Amen.

2318 3910 2377 3965 B.
2413 3916 2647 3965 mortem
2693 3910 3055 3981 temporalem
3098 3907 3405 3969 subierint.
3454 3906 3756 3982 sequentes

2247 3981 2471 4038 illius...
2504 3998 2597 4036 eos
2626 3982 2684 4037 in
2713 3981 2890 4034 nubes
2917 3979 3259 4035 extulerit...
3290 3994 3435 4049 quae
3462 3977 3577 4030 Deo
3604 3978 3756 4044 opti·

2243 4070 2331 4109 me
2362 4053 2609 4124 placet...
2636 4069 2735 4123 per
2763 4051 3208 4106 misericordiam
3238 4055 3569 4106 movetur...

2310 4124 2367 4180 C.
2404 4140 2553 4180 nunc
2582 4124 2716 4179 huie
2744 4122 3097 4178 voluntati...
3131 4138 3243 4177 non
3274 4119 3560 4176 valebit...

2316 4199 2452 4250 1036
2481 4195 2546 4251 A.
2581 4195 2839 4250 Salvator
2868 4200 2925 4248 et
2951 4194 3250 4249 damnator
3273 4192 3372 4264 qui
3402 4187 3756 4258 (dominator

2241 4264 2375 4327 A)...
2412 4267 2626 4322 virtute
2651 4265 2987 4336 ejicietur...
3535 4330 3547 4342 ·
3665 4329 3679 4341 ο

2311 4337 2375 4392 D.
2428 4337 2585 4392 salsis
2631 4335 3160 4406 suggestionibus..
3213 4348 3391 4406 quum
3442 4331 3581 4386 ssliis
3625 4344 3750 4400 ejus

2237 4423 2364 4462 eum
2405 4408 2613 4478 dejecit
2640 4415 2698 4463 et
2735 4425 2863 4466 curn
2893 4423 2991 4479 per
3031 4407 3216 4479 ipsum
3259 4406 3423 4461 illum
3462 4401 3746 4459 confudit.

2237 4478 2310 4532 Et
2336 4481 2434 4548 qni
2466 4482 2717 4536 Deum...
3634 4544 3646 4556 ·

2314 4555 2449 4605 1037
2489 4551 2553 4607 A.
2599 4550 2822 4607 scilicet
2861 4554 3140 4620 martyres
3177 4547 3278 4619 qui
3307 4563 3555 4618 usque...
3599 4549 3752 4599 sicut

3436 2979 3602 3034 solus
3641 2975 3760 3033 sine

2236 4620 2408 4676 etiam
2440 4622 2647 4679 Abel...
2695 4627 2759 4677 ut
2800 4620 3197 4678 testimonium
3237 4619 3385 4675 Filio
3425 4615 3526 4671 Dei
3562 4614 3750 4687 perhi·
3822 4664 3846 4686 ,

2240 4693 2507 4750 herent...

2307 4764 2364 4820 C.
2398 4771 2453 4820 et
2484 4780 2647 4820 verus
2678 4769 2765 4819 est
2792 4765 3030 4821 homo...

2244 4958 2497 5022 nacensi,
2547 4959 2616 5012 cl.
2663 4961 2859 5011 auctor
2898 4957 3136 5011 sortasse
3175 4970 3311 5020 usus
3352 4952 3547 5008 suerit.
3590 4950 3748 5005 ct'.1a

2243 5029 2521 5102 Mystique
2558 5029 2749 5084 dit-inc
2789 5035 2827 5084 t.
2864 5035 2915 5090 1.
2940 5044 2993 5097 p.
3025 5032 3153 5090 ⁴68,
3193 5030 3317 5080 469.
3362 5025 3439 5079 De
3466 5024 3522 5079 S.
3557 5023 3748 5078 Hilde-

2244 5101 2412 5166 garde
2434 5107 2687 5169 agentes,
2707 5100 2856 5154 hunc
2885 5100 3095 5154 librum
3121 5098 3369 5151 nondum
3392 5095 3611 5150 editum
3627 5094 3748 5150 Bol-

2245 5172 2523 5227 landistae
2566 5187 2676 5226 non
2718 5172 3056 5236 attigerunt.
3087 5171 3244 5238 Quae
3284 5182 3417 5223 sane
3457 5182 3571 5221 non
3616 5166 3750 5220 adeo

2244 5243 2540 5316 perspicua
2571 5249 2726 5304 sunt,
2756 5243 2896 5313 quin
2930 5248 3053 5298 tuto
3085 5239 3504 5309 intelligantur.
