<?xml version="1.0" encoding="UTF-8"?>
<!DOCTYPE html PUBLIC "-//W3C//DTD XHTML 1.0 Transitional//EN"
    "http://www.w3.org/TR/xhtml1/DTD/xhtml1-transitional.dtd">
<html xmlns="http://www.w3.org/1999/xhtml" xml:lang="en" lang="en">
 <head>
  <title>
</title>
<meta http-equiv="Content-Type" content="text/html;charset=utf-8" />
  <meta name='ocr-system' content='tesseract 3.04.00' />
  <meta name='ocr-capabilities' content='ocr_page ocr_carea ocr_par ocr_line ocrx_word'/>
</head>
<body>
  <div class='ocr_page' id='page_1' title='image "analectasacrasp05pitrgoog_0265.png"; bbox 0 0 4036 6117; ppageno 0'>
   <div class='ocr_carea' id='block_1_1' title="bbox 1225 482 3327 549">
    <p class='ocr_par' dir='ltr' id='par_1_1' title="bbox 1225 482 3327 549">
     <span class='ocr_line' id='line_1_1' title="bbox 1225 482 3327 549; baseline -0.002 -3"><span class='ocrx_word' id='word_1_1' title='bbox 1225 499 1457 549; x_wconf 67' lang='lat' dir='ltr'>menn</span> <span class='ocrx_word' id='word_1_2' title='bbox 1505 500 1703 547; x_wconf 53' lang='lat' dir='ltr'>virm:</span> <span class='ocrx_word' id='word_1_3' title='bbox 1751 498 2232 547; x_wconf 64' lang='lat' dir='ltr'>nemromm.</span> <span class='ocrx_word' id='word_1_4' title='bbox 2282 499 2341 544; x_wconf 78' lang='grc' dir='ltr'>Ρ.</span> <span class='ocrx_word' id='word_1_5' title='bbox 2389 498 2479 542; x_wconf 75' lang='lat' dir='ltr'>w.</span> <span class='ocrx_word' id='word_1_6' title='bbox 3199 482 3327 544; x_wconf 78' lang='lat'>229</span> 
     </span>
    </p>
   </div>
   <div class='ocr_carea' id='block_1_2' title="bbox 1759 759 1950 821">
    <p class='ocr_par' dir='ltr' id='par_1_2' title="bbox 1759 759 1950 821">
     <span class='ocr_line' id='line_1_2' title="bbox 1759 759 1950 821; baseline -0.005 0"><span class='ocrx_word' id='word_1_7' title='bbox 1759 759 1950 821; x_wconf 88' lang='lat' dir='ltr'><strong>XXII.</strong></span> 
     </span>
    </p>
   </div>
   <div class='ocr_carea' id='block_1_3' title="bbox 1417 967 2285 1047">
    <p class='ocr_par' dir='ltr' id='par_1_3' title="bbox 1417 967 2285 1047">
     <span class='ocr_line' id='line_1_3' title="bbox 1417 967 2285 1047; baseline 0.001 -18"><span class='ocrx_word' id='word_1_8' title='bbox 1417 970 1511 1030; x_wconf 85' lang='lat' dir='ltr'>De</span> <span class='ocrx_word' id='word_1_9' title='bbox 1561 988 1737 1047; x_wconf 81' lang='lat' dir='ltr'>aqua</span> <span class='ocrx_word' id='word_1_10' title='bbox 1785 974 1849 1028; x_wconf 82' lang='lat' dir='ltr'>et</span> <span class='ocrx_word' id='word_1_11' title='bbox 1908 967 2285 1031; x_wconf 78' lang='lat' dir='ltr'>virtutibus.</span> 
     </span>
    </p>
   </div>
   <div class='ocr_carea' id='block_1_4' title="bbox 277 1175 3393 2927">
    <p class='ocr_par' dir='ltr' id='par_1_4' title="bbox 277 1175 3393 2927">
     <span class='ocr_line' id='line_1_4' title="bbox 386 1175 3392 1254; baseline -0 -16"><span class='ocrx_word' id='word_1_12' title='bbox 386 1178 495 1238; x_wconf 81' lang='lat'>23.</span> <span class='ocrx_word' id='word_1_13' title='bbox 533 1176 657 1237; x_wconf 85' lang='lat' dir='ltr'>Sed</span> <span class='ocrx_word' id='word_1_14' title='bbox 690 1183 758 1238; x_wconf 89' lang='lat' dir='ltr'>et</span> <span class='ocrx_word' id='word_1_15' title='bbox 791 1194 965 1254; x_wconf 86' lang='lat' dir='ltr'>aqua</span> <span class='ocrx_word' id='word_1_16' title='bbox 1000 1177 1066 1237; x_wconf 92' lang='lat' dir='ltr'>in</span> <span class='ocrx_word' id='word_1_17' title='bbox 1100 1177 1585 1253; x_wconf 88' lang='lat' dir='ltr'>multiplicibus</span> <span class='ocrx_word' id='word_1_18' title='bbox 1619 1178 1883 1238; x_wconf 87' lang='lat' dir='ltr'>viribus</span> <span class='ocrx_word' id='word_1_19' title='bbox 1920 1179 2066 1238; x_wconf 91' lang='lat' dir='ltr'>suis</span> <span class='ocrx_word' id='word_1_20' title='bbox 2099 1177 2440 1238; x_wconf 88' lang='lat' dir='ltr'>hominem</span> <span class='ocrx_word' id='word_1_21' title='bbox 2473 1176 2639 1238; x_wconf 90' lang='lat' dir='ltr'>vitia</span> <span class='ocrx_word' id='word_1_22' title='bbox 2671 1177 3005 1253; x_wconf 90' lang='lat' dir='ltr'>deserere,</span> <span class='ocrx_word' id='word_1_23' title='bbox 3042 1181 3111 1237; x_wconf 91' lang='lat' dir='ltr'>et</span> <span class='ocrx_word' id='word_1_24' title='bbox 3143 1177 3226 1237; x_wconf 91' lang='lat' dir='ltr'>ad</span> <span class='ocrx_word' id='word_1_25' title='bbox 3256 1175 3392 1238; x_wconf 87' lang='lat' dir='ltr'>vir-</span> 
     </span>
     <span class='ocr_line' id='line_1_5' title="bbox 290 1280 3393 1358; baseline -0 -18"><span class='ocrx_word' id='word_1_26' title='bbox 290 1286 483 1342; x_wconf 86' lang='lat' dir='ltr'>tutes</span> <span class='ocrx_word' id='word_1_27' title='bbox 518 1281 833 1342; x_wconf 88' lang='lat' dir='ltr'>anhelare</span> <span class='ocrx_word' id='word_1_28' title='bbox 864 1282 1300 1342; x_wconf 89' lang='lat' dir='ltr'>demonstrat.</span> <span class='ocrx_word' id='word_1_29' title='bbox 1338 1280 1620 1342; x_wconf 90' lang='lat' dir='ltr'>Sanctus</span> <span class='ocrx_word' id='word_1_30' title='bbox 1655 1297 1940 1358; x_wconf 88' lang='lat' dir='ltr'>namque</span> <span class='ocrx_word' id='word_1_31' title='bbox 1975 1281 2265 1358; x_wconf 87' lang='lat' dir='ltr'>Spiritus</span> <span class='ocrx_word' id='word_1_32' title='bbox 2298 1282 2520 1341; x_wconf 89' lang='lat' dir='ltr'>omnia</span> <span class='ocrx_word' id='word_1_33' title='bbox 2562 1281 2831 1357; x_wconf 76' lang='lat' dir='ltr'>indigna</span> <span class='ocrx_word' id='word_1_34' title='bbox 2856 1297 2976 1357; x_wconf 92' lang='lat' dir='ltr'>per</span> <span class='ocrx_word' id='word_1_35' title='bbox 3007 1296 3252 1356; x_wconf 88' lang='lat' dir='ltr'>aquam</span> <span class='ocrx_word' id='word_1_36' title='bbox 3285 1295 3393 1340; x_wconf 89' lang='lat' dir='ltr'>su-</span> 
     </span>
     <span class='ocr_line' id='line_1_6' title="bbox 283 1383 3392 1463; baseline -0.001 -16"><span class='ocrx_word' id='word_1_37' title='bbox 283 1392 513 1463; x_wconf 89' lang='lat' dir='ltr'>perat,</span> <span class='ocrx_word' id='word_1_38' title='bbox 550 1394 618 1447; x_wconf 91' lang='lat' dir='ltr'>et</span> <span class='ocrx_word' id='word_1_39' title='bbox 650 1387 856 1447; x_wconf 90' lang='lat' dir='ltr'>etiam</span> <span class='ocrx_word' id='word_1_40' title='bbox 888 1385 1060 1447; x_wconf 91' lang='lat' dir='ltr'>dona</span> <span class='ocrx_word' id='word_1_41' title='bbox 1094 1403 1217 1447; x_wconf 92' lang='lat' dir='ltr'>sua</span> <span class='ocrx_word' id='word_1_42' title='bbox 1249 1401 1369 1462; x_wconf 90' lang='lat' dir='ltr'>per</span> <span class='ocrx_word' id='word_1_43' title='bbox 1402 1401 1644 1463; x_wconf 89' lang='lat' dir='ltr'>aquam</span> <span class='ocrx_word' id='word_1_44' title='bbox 1679 1386 1958 1462; x_wconf 83' lang='lat' dir='ltr'>perficit.</span> <span class='ocrx_word' id='word_1_45' title='bbox 1989 1387 2155 1446; x_wconf 90' lang='lat' dir='ltr'>Nam</span> <span class='ocrx_word' id='word_1_46' title='bbox 2179 1388 2364 1447; x_wconf 84' lang='lat' dir='ltr'>velut</span> <span class='ocrx_word' id='word_1_47' title='bbox 2401 1387 2717 1462; x_wconf 88' lang='lat' dir='ltr'>calorem,</span> <span class='ocrx_word' id='word_1_48' title='bbox 2747 1384 3168 1462; x_wconf 83' lang='lat' dir='ltr'>prophetiam</span> <span class='ocrx_word' id='word_1_49' title='bbox 3199 1383 3392 1456; x_wconf 83' lang='lat' dir='ltr'>emit-</span> 
     </span>
     <span class='ocr_line' id='line_1_7' title="bbox 284 1492 3385 1572; baseline 0 -20"><span class='ocrx_word' id='word_1_50' title='bbox 284 1494 400 1570; x_wconf 87' lang='lat' dir='ltr'>tit,</span> <span class='ocrx_word' id='word_1_51' title='bbox 439 1510 560 1569; x_wconf 89' lang='lat' dir='ltr'>per</span> <span class='ocrx_word' id='word_1_52' title='bbox 590 1510 791 1572; x_wconf 90' lang='lat' dir='ltr'>quam</span> <span class='ocrx_word' id='word_1_53' title='bbox 826 1495 1360 1571; x_wconf 80' lang='lat' dir='ltr'>coagulationem</span> <span class='ocrx_word' id='word_1_54' title='bbox 1395 1499 1825 1570; x_wconf 88' lang='lat' dir='ltr'>peccatorum</span> <span class='ocrx_word' id='word_1_55' title='bbox 1870 1495 2207 1571; x_wconf 83' lang='lat' dir='ltr'>dissolvit3</span> <span class='ocrx_word' id='word_1_56' title='bbox 2245 1500 2312 1554; x_wconf 90' lang='lat' dir='ltr'>et</span> <span class='ocrx_word' id='word_1_57' title='bbox 2338 1494 2531 1571; x_wconf 86' lang='lat' dir='ltr'>quasi</span> <span class='ocrx_word' id='word_1_58' title='bbox 2557 1509 2803 1569; x_wconf 84' lang='lat' dir='ltr'>aerem,</span> <span class='ocrx_word' id='word_1_59' title='bbox 2834 1508 2955 1570; x_wconf 93' lang='lat' dir='ltr'>per</span> <span class='ocrx_word' id='word_1_60' title='bbox 2987 1492 3385 1569; x_wconf 83' lang='lat' dir='ltr'>sapientiam</span> 
     </span>
     <span class='ocr_line' id='line_1_8' title="bbox 280 1594 3387 1678; baseline 0.001 -22"><span class='ocrx_word' id='word_1_61' title='bbox 280 1597 807 1659; x_wconf 81' lang='lat' dir='ltr'>delectationem</span> <span class='ocrx_word' id='word_1_62' title='bbox 832 1614 1065 1660; x_wconf 90' lang='lat' dir='ltr'>eorum</span> <span class='ocrx_word' id='word_1_63' title='bbox 1089 1599 1438 1675; x_wconf 80' lang='lat' dir='ltr'>extinguit,</span> <span class='ocrx_word' id='word_1_64' title='bbox 1470 1598 1562 1658; x_wconf 90' lang='lat' dir='ltr'>ita</span> <span class='ocrx_word' id='word_1_65' title='bbox 1587 1603 1662 1659; x_wconf 93' lang='lat' dir='ltr'>ut</span> <span class='ocrx_word' id='word_1_66' title='bbox 1694 1599 1892 1659; x_wconf 93' lang='lat' dir='ltr'>homo</span> <span class='ocrx_word' id='word_1_67' title='bbox 1919 1594 1963 1678; x_wconf 90' lang='lat'>¹)</span> <span class='ocrx_word' id='word_1_68' title='bbox 2003 1599 2071 1659; x_wconf 92' lang='lat' dir='ltr'>in</span> <span class='ocrx_word' id='word_1_69' title='bbox 2103 1599 2385 1661; x_wconf 88' lang='lat' dir='ltr'>humore</span> <span class='ocrx_word' id='word_1_70' title='bbox 2414 1599 2722 1675; x_wconf 77' lang='lat' dir='ltr'>Justitiae</span> <span class='ocrx_word' id='word_1_71' title='bbox 2756 1600 3175 1676; x_wconf 84' lang='lat' dir='ltr'>pinguescat,</span> <span class='ocrx_word' id='word_1_72' title='bbox 3212 1603 3281 1659; x_wconf 91' lang='lat' dir='ltr'>et</span> <span class='ocrx_word' id='word_1_73' title='bbox 3314 1602 3387 1658; x_wconf 89' lang='lat' dir='ltr'>ut</span> 
     </span>
     <span class='ocr_line' id='line_1_9' title="bbox 279 1701 3385 1780; baseline 0 -19"><span class='ocrx_word' id='word_1_74' title='bbox 279 1701 728 1762; x_wconf 88' lang='lat' dir='ltr'>inundatione</span> <span class='ocrx_word' id='word_1_75' title='bbox 774 1703 1085 1764; x_wconf 85' lang='lat' dir='ltr'>veritatis</span> <span class='ocrx_word' id='word_1_76' title='bbox 1132 1703 1215 1764; x_wconf 90' lang='lat' dir='ltr'>ad</span> <span class='ocrx_word' id='word_1_77' title='bbox 1264 1703 1594 1780; x_wconf 87' lang='lat' dir='ltr'>spiritalia</span> <span class='ocrx_word' id='word_1_78' title='bbox 1644 1719 1913 1779; x_wconf 87' lang='lat' dir='ltr'>semper</span> <span class='ocrx_word' id='word_1_79' title='bbox 1960 1704 2144 1764; x_wconf 87' lang='lat' dir='ltr'>fluat.</span> <span class='ocrx_word' id='word_1_80' title='bbox 2181 1705 2331 1780; x_wconf 87' lang='lat' dir='ltr'>Ipse</span> <span class='ocrx_word' id='word_1_81' title='bbox 2379 1705 2583 1764; x_wconf 89' lang='lat' dir='ltr'>etiam</span> <span class='ocrx_word' id='word_1_82' title='bbox 2626 1704 2692 1763; x_wconf 94' lang='lat' dir='ltr'>in</span> <span class='ocrx_word' id='word_1_83' title='bbox 2737 1704 3096 1765; x_wconf 85' lang='lat' dir='ltr'>velocitate</span> <span class='ocrx_word' id='word_1_84' title='bbox 3143 1702 3385 1778; x_wconf 81' lang='lat' dir='ltr'>legalia</span> 
     </span>
     <span class='ocr_line' id='line_1_10' title="bbox 277 1807 3383 1886; baseline 0 -20"><span class='ocrx_word' id='word_1_85' title='bbox 277 1813 652 1884; x_wconf 88' lang='lat' dir='ltr'>praecepta</span> <span class='ocrx_word' id='word_1_86' title='bbox 700 1823 971 1868; x_wconf 88' lang='lat' dir='ltr'>currere</span> <span class='ocrx_word' id='word_1_87' title='bbox 1009 1807 1189 1884; x_wconf 88' lang='lat' dir='ltr'>facit,</span> <span class='ocrx_word' id='word_1_88' title='bbox 1228 1810 1341 1869; x_wconf 90' lang='lat' dir='ltr'>ubi</span> <span class='ocrx_word' id='word_1_89' title='bbox 1376 1826 1495 1886; x_wconf 90' lang='lat' dir='ltr'>per</span> <span class='ocrx_word' id='word_1_90' title='bbox 1529 1808 1754 1870; x_wconf 89' lang='lat' dir='ltr'>fucum</span> <span class='ocrx_word' id='word_1_91' title='bbox 1789 1810 2145 1884; x_wconf 77' lang='lat' dir='ltr'>castitatiS,</span> <span class='ocrx_word' id='word_1_92' title='bbox 2199 1809 2422 1869; x_wconf 82' lang='lat' dir='ltr'>fucum</span> <span class='ocrx_word' id='word_1_93' title='bbox 2457 1809 2901 1870; x_wconf 89' lang='lat' dir='ltr'>medullarum</span> <span class='ocrx_word' id='word_1_94' title='bbox 2944 1808 3239 1870; x_wconf 91' lang='lat' dir='ltr'>hominis</span> <span class='ocrx_word' id='word_1_95' title='bbox 3274 1824 3383 1867; x_wconf 87' lang='lat' dir='ltr'>ex-</span> 
     </span>
     <span class='ocr_line' id='line_1_11' title="bbox 277 1909 3389 1991; baseline 0.002 -24"><span class='ocrx_word' id='word_1_96' title='bbox 277 1909 561 1986; x_wconf 81' lang='lat' dir='ltr'>tinguit,</span> <span class='ocrx_word' id='word_1_97' title='bbox 596 1917 665 1971; x_wconf 87' lang='lat' dir='ltr'>et</span> <span class='ocrx_word' id='word_1_98' title='bbox 700 1913 815 1972; x_wconf 92' lang='lat' dir='ltr'>ubi</span> <span class='ocrx_word' id='word_1_99' title='bbox 846 1928 967 1989; x_wconf 88' lang='lat' dir='ltr'>per</span> <span class='ocrx_word' id='word_1_100' title='bbox 997 1920 1270 1989; x_wconf 86' lang='lat' dir='ltr'>gustum</span> <span class='ocrx_word' id='word_1_101' title='bbox 1305 1913 1776 1983; x_wconf 78' lang='lat' dir='ltr'>abstinentiae,</span> <span class='ocrx_word' id='word_1_102' title='bbox 1818 1914 2258 1974; x_wconf 85' lang='lat' dir='ltr'>immoderata</span> <span class='ocrx_word' id='word_1_103' title='bbox 2293 1919 2568 1990; x_wconf 89' lang='lat' dir='ltr'>peccata</span> <span class='ocrx_word' id='word_1_104' title='bbox 2600 1915 2908 1990; x_wconf 90' lang='lat' dir='ltr'>conterit,</span> <span class='ocrx_word' id='word_1_105' title='bbox 2938 1915 3037 1975; x_wconf 92' lang='lat' dir='ltr'>sic</span> <span class='ocrx_word' id='word_1_106' title='bbox 3072 1930 3193 1991; x_wconf 90' lang='lat' dir='ltr'>per</span> <span class='ocrx_word' id='word_1_107' title='bbox 3222 1914 3389 1974; x_wconf 86' lang='lat' dir='ltr'>viri·-</span> 
     </span>
     <span class='ocr_line' id='line_1_12' title="bbox 280 2012 3389 2092; baseline 0.001 -21"><span class='ocrx_word' id='word_1_108' title='bbox 280 2012 575 2075; x_wconf 91' lang='lat' dir='ltr'>ditatem</span> <span class='ocrx_word' id='word_1_109' title='bbox 625 2012 1013 2075; x_wconf 89' lang='lat' dir='ltr'>intimorum</span> <span class='ocrx_word' id='word_1_110' title='bbox 1061 2015 1533 2092; x_wconf 89' lang='lat' dir='ltr'>suspiriorum,</span> <span class='ocrx_word' id='word_1_111' title='bbox 1585 2016 1932 2075; x_wconf 88' lang='lat' dir='ltr'>humorem</span> <span class='ocrx_word' id='word_1_112' title='bbox 1981 2016 2515 2092; x_wconf 84' lang='lat' dir='ltr'>compunctionis</span> <span class='ocrx_word' id='word_1_113' title='bbox 2562 2014 2753 2076; x_wconf 90' lang='lat' dir='ltr'>duris</span> <span class='ocrx_word' id='word_1_114' title='bbox 2795 2016 3132 2077; x_wconf 89' lang='lat' dir='ltr'>mentibus</span> <span class='ocrx_word' id='word_1_115' title='bbox 3175 2015 3389 2075; x_wconf 89' lang='lat' dir='ltr'>homi-</span> 
     </span>
     <span class='ocr_line' id='line_1_13' title="bbox 281 2114 3384 2198; baseline 0.001 -21"><span class='ocrx_word' id='word_1_116' title='bbox 281 2134 450 2178; x_wconf 88' lang='lat' dir='ltr'>num</span> <span class='ocrx_word' id='word_1_117' title='bbox 467 2114 519 2198; x_wconf 83' lang='lat'>²)</span> <span class='ocrx_word' id='word_1_118' title='bbox 557 2117 933 2195; x_wconf 87' lang='lat' dir='ltr'>infundens,</span> <span class='ocrx_word' id='word_1_119' title='bbox 961 2123 1289 2196; x_wconf 90' lang='lat' dir='ltr'>quatenus</span> <span class='ocrx_word' id='word_1_120' title='bbox 1316 2122 1664 2181; x_wconf 87' lang='lat' dir='ltr'>madentes</span> <span class='ocrx_word' id='word_1_121' title='bbox 1690 2121 1758 2180; x_wconf 91' lang='lat' dir='ltr'>in</span> <span class='ocrx_word' id='word_1_122' title='bbox 1782 2119 2277 2180; x_wconf 85' lang='lat' dir='ltr'>humectatione</span> <span class='ocrx_word' id='word_1_123' title='bbox 2306 2120 2653 2196; x_wconf 89' lang='lat' dir='ltr'>virtutum,</span> <span class='ocrx_word' id='word_1_124' title='bbox 2679 2119 2907 2181; x_wconf 90' lang='lat' dir='ltr'>mundi</span> <span class='ocrx_word' id='word_1_125' title='bbox 2933 2124 3384 2196; x_wconf 88' lang='lat' dir='ltr'>contemptum</span> 
     </span>
     <span class='ocr_line' id='line_1_14' title="bbox 286 2220 3387 2300; baseline 0 -19"><span class='ocrx_word' id='word_1_126' title='bbox 286 2220 644 2296; x_wconf 88' lang='lat' dir='ltr'>arripiant,</span> <span class='ocrx_word' id='word_1_127' title='bbox 695 2223 762 2281; x_wconf 92' lang='lat' dir='ltr'>et</span> <span class='ocrx_word' id='word_1_128' title='bbox 808 2237 1039 2283; x_wconf 89' lang='lat' dir='ltr'>omnes</span> <span class='ocrx_word' id='word_1_129' title='bbox 1085 2223 1324 2283; x_wconf 90' lang='lat' dir='ltr'>sordes</span> <span class='ocrx_word' id='word_1_130' title='bbox 1371 2223 1517 2300; x_wconf 91' lang='lat' dir='ltr'>ejus</span> <span class='ocrx_word' id='word_1_131' title='bbox 1551 2223 1631 2283; x_wconf 92' lang='lat' dir='ltr'>de</span> <span class='ocrx_word' id='word_1_132' title='bbox 1666 2239 1739 2284; x_wconf 90' lang='lat' dir='ltr'>se</span> <span class='ocrx_word' id='word_1_133' title='bbox 1771 2224 2148 2300; x_wconf 88' lang='lat' dir='ltr'>projiciant.</span> <span class='ocrx_word' id='word_1_134' title='bbox 2181 2223 2263 2284; x_wconf 89' lang='lat' dir='ltr'>Et</span> <span class='ocrx_word' id='word_1_135' title='bbox 2295 2224 2393 2283; x_wconf 92' lang='lat' dir='ltr'>sic</span> <span class='ocrx_word' id='word_1_136' title='bbox 2426 2224 2622 2300; x_wconf 86' lang='lat' dir='ltr'>quasi</span> <span class='ocrx_word' id='word_1_137' title='bbox 2667 2222 2991 2299; x_wconf 88' lang='lat' dir='ltr'>volatilia,</span> <span class='ocrx_word' id='word_1_138' title='bbox 3029 2222 3257 2283; x_wconf 86' lang='lat' dir='ltr'>fideles</span> <span class='ocrx_word' id='word_1_139' title='bbox 3303 2221 3387 2282; x_wconf 93' lang='lat' dir='ltr'>de</span> 
     </span>
     <span class='ocr_line' id='line_1_15' title="bbox 286 2324 3383 2403; baseline 0 -19"><span class='ocrx_word' id='word_1_140' title='bbox 286 2324 548 2385; x_wconf 79' lang='lat' dir='ltr'>virtute</span> <span class='ocrx_word' id='word_1_141' title='bbox 583 2326 651 2385; x_wconf 91' lang='lat' dir='ltr'>in</span> <span class='ocrx_word' id='word_1_142' title='bbox 696 2326 1014 2387; x_wconf 84' lang='lat' dir='ltr'>virtutem</span> <span class='ocrx_word' id='word_1_143' title='bbox 1065 2326 1426 2387; x_wconf 88' lang='lat' dir='ltr'>ascendere</span> <span class='ocrx_word' id='word_1_144' title='bbox 1462 2327 1643 2403; x_wconf 81' lang='lat' dir='ltr'>facit3</span> <span class='ocrx_word' id='word_1_145' title='bbox 1695 2342 1773 2386; x_wconf 89' lang='lat' dir='ltr'>ac</span> <span class='ocrx_word' id='word_1_146' title='bbox 1804 2342 1919 2387; x_wconf 91' lang='lat' dir='ltr'>eos</span> <span class='ocrx_word' id='word_1_147' title='bbox 1967 2328 2151 2388; x_wconf 90' lang='lat' dir='ltr'>velut</span> <span class='ocrx_word' id='word_1_148' title='bbox 2197 2328 2441 2403; x_wconf 88' lang='lat' dir='ltr'>pisces,</span> <span class='ocrx_word' id='word_1_149' title='bbox 2481 2328 2545 2386; x_wconf 89' lang='lat' dir='ltr'>in</span> <span class='ocrx_word' id='word_1_150' title='bbox 2594 2327 2788 2403; x_wconf 89' lang='lat' dir='ltr'>aquis</span> <span class='ocrx_word' id='word_1_151' title='bbox 2821 2325 2974 2387; x_wconf 89' lang='lat' dir='ltr'>fidei</span> <span class='ocrx_word' id='word_1_152' title='bbox 3021 2331 3383 2399; x_wconf 79' lang='lat' dir='ltr'>moranteS,</span> 
     </span>
     <span class='ocr_line' id='line_1_16' title="bbox 287 2429 3391 2511; baseline 0 -22"><span class='ocrx_word' id='word_1_153' title='bbox 287 2430 446 2491; x_wconf 88' lang='lat' dir='ltr'>cibo</span> <span class='ocrx_word' id='word_1_154' title='bbox 479 2430 659 2490; x_wconf 88' lang='lat' dir='ltr'>vitae</span> <span class='ocrx_word' id='word_1_155' title='bbox 692 2446 812 2506; x_wconf 89' lang='lat' dir='ltr'>per</span> <span class='ocrx_word' id='word_1_156' title='bbox 844 2431 1317 2491; x_wconf 85' lang='lat' dir='ltr'>abstinentiam</span> <span class='ocrx_word' id='word_1_157' title='bbox 1350 2437 1776 2507; x_wconf 88' lang='lat' dir='ltr'>peccatorum</span> <span class='ocrx_word' id='word_1_158' title='bbox 1810 2432 2052 2511; x_wconf 89' lang='lat' dir='ltr'>pascit,</span> <span class='ocrx_word' id='word_1_159' title='bbox 2090 2447 2243 2491; x_wconf 94' lang='lat' dir='ltr'>cum</span> <span class='ocrx_word' id='word_1_160' title='bbox 2276 2447 2395 2492; x_wconf 91' lang='lat' dir='ltr'>eos</span> <span class='ocrx_word' id='word_1_161' title='bbox 2427 2431 2653 2506; x_wconf 91' lang='lat' dir='ltr'>etiam,</span> <span class='ocrx_word' id='word_1_162' title='bbox 2680 2431 2869 2492; x_wconf 85' lang='lat' dir='ltr'>velut</span> <span class='ocrx_word' id='word_1_163' title='bbox 2899 2429 3178 2505; x_wconf 86' lang='lat' dir='ltr'>bestias,</span> <span class='ocrx_word' id='word_1_164' title='bbox 3212 2429 3391 2489; x_wconf 90' lang='lat' dir='ltr'>calo·</span> 
     </span>
     <span class='ocr_line' id='line_1_17' title="bbox 287 2532 3387 2611; baseline -0.001 -19"><span class='ocrx_word' id='word_1_165' title='bbox 287 2548 363 2594; x_wconf 88' lang='lat' dir='ltr'>re</span> <span class='ocrx_word' id='word_1_166' title='bbox 399 2548 520 2593; x_wconf 91' lang='lat' dir='ltr'>suo</span> <span class='ocrx_word' id='word_1_167' title='bbox 557 2533 650 2593; x_wconf 88' lang='lat' dir='ltr'>ita</span> <span class='ocrx_word' id='word_1_168' title='bbox 683 2532 1044 2609; x_wconf 90' lang='lat' dir='ltr'>perfundit,</span> <span class='ocrx_word' id='word_1_169' title='bbox 1095 2533 1271 2610; x_wconf 91' lang='lat' dir='ltr'>quod</span> <span class='ocrx_word' id='word_1_170' title='bbox 1306 2534 1373 2593; x_wconf 89' lang='lat' dir='ltr'>in</span> <span class='ocrx_word' id='word_1_171' title='bbox 1422 2535 1638 2595; x_wconf 89' lang='lat' dir='ltr'>aliena</span> <span class='ocrx_word' id='word_1_172' title='bbox 1670 2536 1811 2595; x_wconf 86' lang='lat' dir='ltr'>vita</span> <span class='ocrx_word' id='word_1_173' title='bbox 1858 2542 2135 2611; x_wconf 90' lang='lat' dir='ltr'>propter</span> <span class='ocrx_word' id='word_1_174' title='bbox 2168 2550 2465 2595; x_wconf 91' lang='lat' dir='ltr'>amorem</span> <span class='ocrx_word' id='word_1_175' title='bbox 2497 2535 2811 2595; x_wconf 89' lang='lat' dir='ltr'>coelestis</span> <span class='ocrx_word' id='word_1_176' title='bbox 2856 2535 3044 2610; x_wconf 79' lang='lat' dir='ltr'>regni</span> <span class='ocrx_word' id='word_1_177' title='bbox 3082 2533 3387 2593; x_wconf 87' lang='lat' dir='ltr'>districte</span> 
     </span>
     <span class='ocr_line' id='line_1_18' title="bbox 282 2635 3389 2716; baseline -0.001 -19"><span class='ocrx_word' id='word_1_178' title='bbox 282 2636 548 2697; x_wconf 79' lang='lat' dir='ltr'>vivunt.</span> <span class='ocrx_word' id='word_1_179' title='bbox 585 2635 708 2697; x_wconf 89' lang='lat' dir='ltr'>Sed</span> <span class='ocrx_word' id='word_1_180' title='bbox 740 2643 809 2697; x_wconf 92' lang='lat' dir='ltr'>et</span> <span class='ocrx_word' id='word_1_181' title='bbox 842 2637 1261 2715; x_wconf 87' lang='lat' dir='ltr'>reptantibus</span> <span class='ocrx_word' id='word_1_182' title='bbox 1313 2638 1379 2697; x_wconf 89' lang='lat' dir='ltr'>in</span> <span class='ocrx_word' id='word_1_183' title='bbox 1410 2639 1718 2715; x_wconf 83' lang='lat' dir='ltr'>vestigiis</span> <span class='ocrx_word' id='word_1_184' title='bbox 1752 2639 2154 2699; x_wconf 87' lang='lat' dir='ltr'>humilitatis</span> <span class='ocrx_word' id='word_1_185' title='bbox 2197 2654 2575 2716; x_wconf 91' lang='lat' dir='ltr'>spummam</span> <span class='ocrx_word' id='word_1_186' title='bbox 2622 2637 3087 2699; x_wconf 87' lang='lat' dir='ltr'>delectationis</span> <span class='ocrx_word' id='word_1_187' title='bbox 3123 2651 3201 2696; x_wconf 90' lang='lat' dir='ltr'>ac</span> <span class='ocrx_word' id='word_1_188' title='bbox 3233 2651 3389 2694; x_wconf 89' lang='lat' dir='ltr'>con-</span> 
     </span>
     <span class='ocr_line' id='line_1_19' title="bbox 286 2738 3387 2819; baseline -0.001 -20"><span class='ocrx_word' id='word_1_189' title='bbox 286 2738 717 2800; x_wconf 87' lang='lat' dir='ltr'>suetudinem</span> <span class='ocrx_word' id='word_1_190' title='bbox 747 2741 1068 2801; x_wconf 86' lang='lat' dir='ltr'>vitiorum</span> <span class='ocrx_word' id='word_1_191' title='bbox 1116 2740 1358 2816; x_wconf 80' lang='lat' dir='ltr'>aufert,</span> <span class='ocrx_word' id='word_1_192' title='bbox 1394 2748 1461 2802; x_wconf 91' lang='lat' dir='ltr'>et</span> <span class='ocrx_word' id='word_1_193' title='bbox 1508 2743 1693 2819; x_wconf 91' lang='lat' dir='ltr'>ipsos</span> <span class='ocrx_word' id='word_1_194' title='bbox 1724 2743 1820 2803; x_wconf 90' lang='lat' dir='ltr'>ita</span> <span class='ocrx_word' id='word_1_195' title='bbox 1870 2744 1937 2803; x_wconf 92' lang='lat' dir='ltr'>in</span> <span class='ocrx_word' id='word_1_196' title='bbox 1969 2742 2280 2803; x_wconf 93' lang='lat' dir='ltr'>omnibus</span> <span class='ocrx_word' id='word_1_197' title='bbox 2328 2742 2696 2802; x_wconf 88' lang='lat' dir='ltr'>virtutibus</span> <span class='ocrx_word' id='word_1_198' title='bbox 2731 2743 2994 2815; x_wconf 90' lang='lat' dir='ltr'>retinet,</span> <span class='ocrx_word' id='word_1_199' title='bbox 3030 2754 3110 2799; x_wconf 91' lang='lat' dir='ltr'>ac</span> <span class='ocrx_word' id='word_1_200' title='bbox 3140 2754 3257 2798; x_wconf 90' lang='lat' dir='ltr'>eos</span> <span class='ocrx_word' id='word_1_201' title='bbox 3292 2738 3387 2797; x_wconf 86' lang='lat' dir='ltr'>ita</span> 
     </span>
     <span class='ocr_line' id='line_1_20' title="bbox 287 2840 3386 2927; baseline -0.002 -23"><span class='ocrx_word' id='word_1_202' title='bbox 287 2844 358 2905; x_wconf 90' lang='lat' dir='ltr'>in</span> <span class='ocrx_word' id='word_1_203' title='bbox 393 2847 881 2907; x_wconf 87' lang='lat' dir='ltr'>sustentatione</span> <span class='ocrx_word' id='word_1_204' title='bbox 926 2845 1360 2922; x_wconf 81' lang='lat' dir='ltr'>perfectionis</span> <span class='ocrx_word' id='word_1_205' title='bbox 1409 2847 1804 2922; x_wconf 89' lang='lat' dir='ltr'>consolidat,</span> <span class='ocrx_word' id='word_1_206' title='bbox 1830 2841 1881 2927; x_wconf 76' lang='lat'>³)</span> <span class='ocrx_word' id='word_1_207' title='bbox 1932 2847 2110 2923; x_wconf 91' lang='lat' dir='ltr'>quod</span> <span class='ocrx_word' id='word_1_208' title='bbox 2145 2847 2571 2909; x_wconf 90' lang='lat' dir='ltr'>dilectionem</span> <span class='ocrx_word' id='word_1_209' title='bbox 2617 2845 2734 2907; x_wconf 89' lang='lat' dir='ltr'>Dei</span> <span class='ocrx_word' id='word_1_210' title='bbox 2784 2846 2851 2906; x_wconf 88' lang='lat' dir='ltr'>in</span> <span class='ocrx_word' id='word_1_211' title='bbox 2897 2843 3205 2906; x_wconf 89' lang='lat' dir='ltr'>omnibus</span> <span class='ocrx_word' id='word_1_212' title='bbox 3253 2840 3386 2900; x_wconf 90' lang='lat' dir='ltr'>sibi</span> 
     </span>
    </p>
   </div>
   <div class='ocr_carea' id='block_1_5' title="bbox 289 2956 1946 3120">
    <p class='ocr_par' dir='ltr' id='par_1_5' title="bbox 289 2956 1946 3120">
     <span class='ocr_line' id='line_1_21' title="bbox 289 2956 693 3028; baseline 0.002 -17"><span class='ocrx_word' id='word_1_213' title='bbox 289 2956 693 3028; x_wconf 87' lang='lat' dir='ltr'>proponunt.</span> 
     </span>
     <span class='ocr_line' id='line_1_22' title="bbox 1725 3057 1946 3120; baseline -0.009 0"><span class='ocrx_word' id='word_1_214' title='bbox 1725 3057 1946 3120; x_wconf 90' lang='lat' dir='ltr'>XXIII.</span> 
     </span>
    </p>
   </div>
   <div class='ocr_carea' id='block_1_6' title="bbox 1410 3266 2268 3328">
    <p class='ocr_par' dir='ltr' id='par_1_6' title="bbox 1410 3266 2268 3328">
     <span class='ocr_line' id='line_1_23' title="bbox 1410 3266 2268 3328; baseline -0.001 0"><span class='ocrx_word' id='word_1_215' title='bbox 1410 3267 1504 3328; x_wconf 77' lang='lat' dir='ltr'>De</span> <span class='ocrx_word' id='word_1_216' title='bbox 1554 3273 1738 3328; x_wconf 81' lang='lat' dir='ltr'>terra</span> <span class='ocrx_word' id='word_1_217' title='bbox 1783 3272 1846 3327; x_wconf 79' lang='lat' dir='ltr'>et</span> <span class='ocrx_word' id='word_1_218' title='bbox 1894 3266 2268 3328; x_wconf 77' lang='lat' dir='ltr'>virtutibus.</span> 
     </span>
    </p>
   </div>
   <div class='ocr_carea' id='block_1_7' title="bbox 291 3472 3392 4914">
    <p class='ocr_par' dir='ltr' id='par_1_7' title="bbox 291 3472 3392 4914">
     <span class='ocr_line' id='line_1_24' title="bbox 385 3472 3383 3547; baseline -0.002 -10"><span class='ocrx_word' id='word_1_219' title='bbox 385 3475 492 3537; x_wconf 81' lang='lat'>24.</span> <span class='ocrx_word' id='word_1_220' title='bbox 541 3476 745 3536; x_wconf 88' lang='lat' dir='ltr'>Terra</span> <span class='ocrx_word' id='word_1_221' title='bbox 780 3476 847 3535; x_wconf 92' lang='lat' dir='ltr'>in</span> <span class='ocrx_word' id='word_1_222' title='bbox 892 3475 1440 3536; x_wconf 89' lang='lat' dir='ltr'>convenientibus</span> <span class='ocrx_word' id='word_1_223' title='bbox 1488 3476 1749 3537; x_wconf 86' lang='lat' dir='ltr'>viribus</span> <span class='ocrx_word' id='word_1_224' title='bbox 1784 3476 1923 3537; x_wconf 87' lang='lat' dir='ltr'>suis</span> <span class='ocrx_word' id='word_1_225' title='bbox 1975 3476 2318 3538; x_wconf 89' lang='lat' dir='ltr'>hominem</span> <span class='ocrx_word' id='word_1_226' title='bbox 2350 3477 2647 3537; x_wconf 88' lang='lat' dir='ltr'>carnalia</span> <span class='ocrx_word' id='word_1_227' title='bbox 2694 3491 2818 3536; x_wconf 92' lang='lat' dir='ltr'>sua</span> <span class='ocrx_word' id='word_1_228' title='bbox 2846 3473 2980 3535; x_wconf 90' lang='lat' dir='ltr'>Deo</span> <span class='ocrx_word' id='word_1_229' title='bbox 3014 3472 3277 3547; x_wconf 80' lang='lat' dir='ltr'>offerre,</span> <span class='ocrx_word' id='word_1_230' title='bbox 3312 3475 3383 3532; x_wconf 86' lang='lat' dir='ltr'>et</span> 
     </span>
     <span class='ocr_line' id='line_1_25' title="bbox 295 3578 3383 3659; baseline -0.001 -18"><span class='ocrx_word' id='word_1_231' title='bbox 295 3581 475 3642; x_wconf 88' lang='lat' dir='ltr'>intra</span> <span class='ocrx_word' id='word_1_232' title='bbox 522 3597 596 3641; x_wconf 90' lang='lat' dir='ltr'>se</span> <span class='ocrx_word' id='word_1_233' title='bbox 629 3596 888 3641; x_wconf 89' lang='lat' dir='ltr'>omnem</span> <span class='ocrx_word' id='word_1_234' title='bbox 938 3598 1249 3658; x_wconf 87' lang='lat' dir='ltr'>pompam</span> <span class='ocrx_word' id='word_1_235' title='bbox 1283 3581 1535 3641; x_wconf 90' lang='lat' dir='ltr'>saeculi</span> <span class='ocrx_word' id='word_1_236' title='bbox 1567 3580 1769 3657; x_wconf 74' lang='lat' dir='ltr'>huJus</span> <span class='ocrx_word' id='word_1_237' title='bbox 1803 3582 2184 3659; x_wconf 88' lang='lat' dir='ltr'>relinquere</span> <span class='ocrx_word' id='word_1_238' title='bbox 2217 3581 2532 3643; x_wconf 88' lang='lat' dir='ltr'>ostendit.</span> <span class='ocrx_word' id='word_1_239' title='bbox 2566 3580 2816 3643; x_wconf 87' lang='lat' dir='ltr'>Fidelis</span> <span class='ocrx_word' id='word_1_240' title='bbox 2848 3580 3049 3655; x_wconf 90' lang='lat' dir='ltr'>enim,</span> <span class='ocrx_word' id='word_1_241' title='bbox 3086 3578 3282 3656; x_wconf 90' lang='lat' dir='ltr'>quasi</span> <span class='ocrx_word' id='word_1_242' title='bbox 3314 3579 3383 3638; x_wconf 89' lang='lat' dir='ltr'>in</span> 
     </span>
     <span class='ocr_line' id='line_1_26' title="bbox 296 3682 3385 3764; baseline -0.002 -17"><span class='ocrx_word' id='word_1_243' title='bbox 296 3690 581 3762; x_wconf 87' lang='lat' dir='ltr'>aestate,</span> <span class='ocrx_word' id='word_1_244' title='bbox 620 3685 937 3762; x_wconf 83' lang='lat' dir='ltr'>frigidum</span> <span class='ocrx_word' id='word_1_245' title='bbox 971 3703 1045 3748; x_wconf 90' lang='lat' dir='ltr'>se</span> <span class='ocrx_word' id='word_1_246' title='bbox 1076 3686 1516 3762; x_wconf 88' lang='lat' dir='ltr'>demonstrat,</span> <span class='ocrx_word' id='word_1_247' title='bbox 1554 3701 1708 3746; x_wconf 91' lang='lat' dir='ltr'>cum</span> <span class='ocrx_word' id='word_1_248' title='bbox 1743 3703 1816 3747; x_wconf 92' lang='lat' dir='ltr'>se</span> <span class='ocrx_word' id='word_1_249' title='bbox 1851 3686 2304 3748; x_wconf 89' lang='lat' dir='ltr'>humillimum</span> <span class='ocrx_word' id='word_1_250' title='bbox 2336 3686 2699 3763; x_wconf 87' lang='lat' dir='ltr'>existimat;</span> <span class='ocrx_word' id='word_1_251' title='bbox 2727 3691 2797 3747; x_wconf 90' lang='lat' dir='ltr'>et</span> <span class='ocrx_word' id='word_1_252' title='bbox 2829 3683 3027 3764; x_wconf 88' lang='lat' dir='ltr'>quasi</span> <span class='ocrx_word' id='word_1_253' title='bbox 3051 3684 3118 3744; x_wconf 93' lang='lat' dir='ltr'>in</span> <span class='ocrx_word' id='word_1_254' title='bbox 3142 3682 3385 3757; x_wconf 90' lang='lat' dir='ltr'>hieme,</span> 
     </span>
     <span class='ocr_line' id='line_1_27' title="bbox 296 3786 3392 3865; baseline -0.001 -15"><span class='ocrx_word' id='word_1_255' title='bbox 296 3804 377 3850; x_wconf 88' lang='lat' dir='ltr'>se</span> <span class='ocrx_word' id='word_1_256' title='bbox 407 3788 701 3850; x_wconf 86' lang='lat' dir='ltr'>calidum</span> <span class='ocrx_word' id='word_1_257' title='bbox 731 3789 1101 3865; x_wconf 89' lang='lat' dir='ltr'>denuntiat,</span> <span class='ocrx_word' id='word_1_258' title='bbox 1138 3805 1292 3849; x_wconf 92' lang='lat' dir='ltr'>cum</span> <span class='ocrx_word' id='word_1_259' title='bbox 1324 3790 1622 3850; x_wconf 83' lang='lat' dir='ltr'>carnalia</span> <span class='ocrx_word' id='word_1_260' title='bbox 1652 3789 1986 3852; x_wconf 87' lang='lat' dir='ltr'>desideria</span> <span class='ocrx_word' id='word_1_261' title='bbox 2021 3792 2089 3852; x_wconf 91' lang='lat' dir='ltr'>in</span> <span class='ocrx_word' id='word_1_262' title='bbox 2121 3792 2362 3852; x_wconf 87' lang='lat' dir='ltr'>ardore</span> <span class='ocrx_word' id='word_1_263' title='bbox 2392 3792 2721 3852; x_wconf 85' lang='lat' dir='ltr'>virtutum</span> <span class='ocrx_word' id='word_1_264' title='bbox 2754 3787 3158 3864; x_wconf 89' lang='lat' dir='ltr'>sibimetipsi</span> <span class='ocrx_word' id='word_1_265' title='bbox 3188 3786 3392 3847; x_wconf 81' lang='lat' dir='ltr'>abne-</span> 
     </span>
     <span class='ocr_line' id='line_1_28' title="bbox 291 3890 3385 3973; baseline -0.001 -19"><span class='ocrx_word' id='word_1_266' title='bbox 291 3899 431 3970; x_wconf 75' lang='lat' dir='ltr'>gat.</span> <span class='ocrx_word' id='word_1_267' title='bbox 465 3892 592 3955; x_wconf 89' lang='lat' dir='ltr'>Sed</span> <span class='ocrx_word' id='word_1_268' title='bbox 626 3899 694 3954; x_wconf 91' lang='lat' dir='ltr'>et</span> <span class='ocrx_word' id='word_1_269' title='bbox 723 3893 1069 3955; x_wconf 83' lang='lat' dir='ltr'>viriditate</span> <span class='ocrx_word' id='word_1_270' title='bbox 1113 3894 1506 3954; x_wconf 89' lang='lat' dir='ltr'>coelestium</span> <span class='ocrx_word' id='word_1_271' title='bbox 1554 3894 1882 3955; x_wconf 88' lang='lat' dir='ltr'>virtutum</span> <span class='ocrx_word' id='word_1_272' title='bbox 1917 3912 1989 3955; x_wconf 91' lang='lat' dir='ltr'>se</span> <span class='ocrx_word' id='word_1_273' title='bbox 2037 3897 2279 3973; x_wconf 91' lang='lat' dir='ltr'>pascit,</span> <span class='ocrx_word' id='word_1_274' title='bbox 2316 3911 2464 3956; x_wconf 90' lang='lat' dir='ltr'>cum</span> <span class='ocrx_word' id='word_1_275' title='bbox 2517 3896 2584 3956; x_wconf 90' lang='lat' dir='ltr'>in</span> <span class='ocrx_word' id='word_1_276' title='bbox 2618 3895 2996 3955; x_wconf 88' lang='lat' dir='ltr'>ariditatem</span> <span class='ocrx_word' id='word_1_277' title='bbox 3048 3890 3385 3952; x_wconf 85' lang='lat' dir='ltr'>incentiva</span> 
     </span>
     <span class='ocr_line' id='line_1_29' title="bbox 295 3995 3383 4078; baseline -0.001 -20"><span class='ocrx_word' id='word_1_278' title='bbox 295 3998 527 4058; x_wconf 83' lang='lat' dir='ltr'>carnis</span> <span class='ocrx_word' id='word_1_279' title='bbox 575 4014 740 4058; x_wconf 90' lang='lat' dir='ltr'>suae</span> <span class='ocrx_word' id='word_1_280' title='bbox 787 3998 1028 4074; x_wconf 88' lang='lat' dir='ltr'>vertit,</span> <span class='ocrx_word' id='word_1_281' title='bbox 1080 3998 1195 4058; x_wconf 92' lang='lat' dir='ltr'>ubi</span> <span class='ocrx_word' id='word_1_282' title='bbox 1240 4002 1309 4057; x_wconf 91' lang='lat' dir='ltr'>et</span> <span class='ocrx_word' id='word_1_283' title='bbox 1355 3998 1658 4074; x_wconf 83' lang='lat' dir='ltr'>germina</span> <span class='ocrx_word' id='word_1_284' title='bbox 1706 3999 2034 4061; x_wconf 91' lang='lat' dir='ltr'>bonorum</span> <span class='ocrx_word' id='word_1_285' title='bbox 2081 4016 2357 4078; x_wconf 91' lang='lat' dir='ltr'>operum</span> <span class='ocrx_word' id='word_1_286' title='bbox 2404 4000 2682 4077; x_wconf 87' lang='lat' dir='ltr'>profert,</span> <span class='ocrx_word' id='word_1_287' title='bbox 2733 4015 2853 4077; x_wconf 89' lang='lat' dir='ltr'>per</span> <span class='ocrx_word' id='word_1_288' title='bbox 2883 4012 3054 4075; x_wconf 88' lang='lat' dir='ltr'>quae</span> <span class='ocrx_word' id='word_1_289' title='bbox 3090 3995 3383 4057; x_wconf 87' lang='lat' dir='ltr'>fructum</span> 
     </span>
     <span class='ocr_line' id='line_1_30' title="bbox 297 4098 3384 4181; baseline -0 -20"><span class='ocrx_word' id='word_1_290' title='bbox 297 4102 682 4162; x_wconf 85' lang='lat' dir='ltr'>sanctitatis</span> <span class='ocrx_word' id='word_1_291' title='bbox 730 4098 1398 4179; x_wconf 69' lang='lat' dir='ltr'>apprehendit.&#39;Deus</span> <span class='ocrx_word' id='word_1_292' title='bbox 1428 4103 1607 4162; x_wconf 91' lang='lat' dir='ltr'>enim</span> <span class='ocrx_word' id='word_1_293' title='bbox 1653 4103 1990 4165; x_wconf 88' lang='lat' dir='ltr'>hominem</span> <span class='ocrx_word' id='word_1_294' title='bbox 2038 4104 2316 4181; x_wconf 89' lang='lat' dir='ltr'>creavit,</span> <span class='ocrx_word' id='word_1_295' title='bbox 2360 4111 2693 4181; x_wconf 89' lang='lat' dir='ltr'>quatenus</span> <span class='ocrx_word' id='word_1_296' title='bbox 2727 4105 2838 4164; x_wconf 91' lang='lat' dir='ltr'>ille</span> <span class='ocrx_word' id='word_1_297' title='bbox 2872 4101 3193 4163; x_wconf 87' lang='lat' dir='ltr'>coelestia</span> <span class='ocrx_word' id='word_1_298' title='bbox 3224 4114 3384 4177; x_wconf 88' lang='lat' dir='ltr'>ope-</span> 
     </span>
     <span class='ocr_line' id='line_1_31' title="bbox 295 4206 3381 4282; baseline -0.001 -13"><span class='ocrx_word' id='word_1_299' title='bbox 295 4207 505 4269; x_wconf 85' lang='lat' dir='ltr'>rando</span> <span class='ocrx_word' id='word_1_300' title='bbox 537 4213 803 4269; x_wconf 86' lang='lat' dir='ltr'>terrena</span> <span class='ocrx_word' id='word_1_301' title='bbox 835 4212 1159 4282; x_wconf 88' lang='lat' dir='ltr'>vinceret,</span> <span class='ocrx_word' id='word_1_302' title='bbox 1205 4214 1272 4268; x_wconf 90' lang='lat' dir='ltr'>et</span> <span class='ocrx_word' id='word_1_303' title='bbox 1304 4214 1379 4269; x_wconf 91' lang='lat' dir='ltr'>ut</span> <span class='ocrx_word' id='word_1_304' title='bbox 1410 4209 1614 4270; x_wconf 89' lang='lat' dir='ltr'>etiam</span> <span class='ocrx_word' id='word_1_305' title='bbox 1659 4207 1838 4271; x_wconf 90' lang='lat' dir='ltr'>Deus</span> <span class='ocrx_word' id='word_1_306' title='bbox 1889 4210 1954 4270; x_wconf 92' lang='lat' dir='ltr'>in</span> <span class='ocrx_word' id='word_1_307' title='bbox 2000 4211 2267 4272; x_wconf 88' lang='lat' dir='ltr'>homine</span> <span class='ocrx_word' id='word_1_308' title='bbox 2314 4210 2751 4271; x_wconf 89' lang='lat' dir='ltr'>calliditatem</span> <span class='ocrx_word' id='word_1_309' title='bbox 2794 4206 3058 4269; x_wconf 91' lang='lat' dir='ltr'>Diaboli</span> <span class='ocrx_word' id='word_1_310' title='bbox 3104 4218 3381 4280; x_wconf 87' lang='lat' dir='ltr'>supera-</span> 
     </span>
     <span class='ocr_line' id='line_1_32' title="bbox 299 4311 3377 4389; baseline -0.001 -17"><span class='ocrx_word' id='word_1_311' title='bbox 299 4316 425 4386; x_wconf 91' lang='lat' dir='ltr'>ret,</span> <span class='ocrx_word' id='word_1_312' title='bbox 488 4311 583 4372; x_wconf 88' lang='lat' dir='ltr'>ita</span> <span class='ocrx_word' id='word_1_313' title='bbox 629 4318 703 4372; x_wconf 93' lang='lat' dir='ltr'>ut</span> <span class='ocrx_word' id='word_1_314' title='bbox 749 4318 817 4373; x_wconf 91' lang='lat' dir='ltr'>et</span> <span class='ocrx_word' id='word_1_315' title='bbox 863 4312 1062 4373; x_wconf 89' lang='lat' dir='ltr'>homo</span> <span class='ocrx_word' id='word_1_316' title='bbox 1109 4313 1425 4373; x_wconf 86' lang='lat' dir='ltr'>vexillum</span> <span class='ocrx_word' id='word_1_317' title='bbox 1470 4311 1855 4374; x_wconf 89' lang='lat' dir='ltr'>Divinitatis</span> <span class='ocrx_word' id='word_1_318' title='bbox 1904 4315 2004 4374; x_wconf 91' lang='lat' dir='ltr'>sic</span> <span class='ocrx_word' id='word_1_319' title='bbox 2049 4321 2252 4376; x_wconf 90' lang='lat' dir='ltr'>esset.</span> <span class='ocrx_word' id='word_1_320' title='bbox 2303 4314 2468 4376; x_wconf 84' lang='lat' dir='ltr'>Nam</span> <span class='ocrx_word' id='word_1_321' title='bbox 2513 4314 2686 4374; x_wconf 89' lang='lat' dir='ltr'>Deus</span> <span class='ocrx_word' id='word_1_322' title='bbox 2733 4313 3023 4389; x_wconf 89' lang='lat' dir='ltr'>primum</span> <span class='ocrx_word' id='word_1_323' title='bbox 3066 4311 3377 4386; x_wconf 84' lang='lat' dir='ltr'>angelum</span> 
     </span>
     <span class='ocr_line' id='line_1_33' title="bbox 292 4413 3381 4493; baseline 0 -20"><span class='ocrx_word' id='word_1_324' title='bbox 292 4414 552 4474; x_wconf 89' lang='lat' dir='ltr'>clarum</span> <span class='ocrx_word' id='word_1_325' title='bbox 603 4413 797 4489; x_wconf 87' lang='lat' dir='ltr'>fecit,</span> <span class='ocrx_word' id='word_1_326' title='bbox 852 4423 923 4475; x_wconf 92' lang='lat' dir='ltr'>ut</span> <span class='ocrx_word' id='word_1_327' title='bbox 971 4431 1212 4475; x_wconf 88' lang='lat' dir='ltr'>arcana</span> <span class='ocrx_word' id='word_1_328' title='bbox 1259 4416 1646 4476; x_wconf 89' lang='lat' dir='ltr'>Divinitatis</span> <span class='ocrx_word' id='word_1_329' title='bbox 1692 4417 2097 4493; x_wconf 79' lang='lat' dir='ltr'>ostenderet,</span> <span class='ocrx_word' id='word_1_330' title='bbox 2142 4418 2260 4479; x_wconf 91' lang='lat' dir='ltr'>sed</span> <span class='ocrx_word' id='word_1_331' title='bbox 2295 4419 2407 4479; x_wconf 89' lang='lat' dir='ltr'>ille</span> <span class='ocrx_word' id='word_1_332' title='bbox 2441 4419 2509 4478; x_wconf 93' lang='lat' dir='ltr'>in</span> <span class='ocrx_word' id='word_1_333' title='bbox 2541 4416 3008 4478; x_wconf 85' lang='lat' dir='ltr'>aestimatione</span> <span class='ocrx_word' id='word_1_334' title='bbox 3055 4430 3178 4475; x_wconf 89' lang='lat' dir='ltr'>sua</span> <span class='ocrx_word' id='word_1_335' title='bbox 3225 4429 3381 4473; x_wconf 91' lang='lat' dir='ltr'>con-</span> 
     </span>
     <span class='ocr_line' id='line_1_34' title="bbox 295 4515 3379 4599; baseline -0 -22"><span class='ocrx_word' id='word_1_336' title='bbox 295 4522 403 4579; x_wconf 86' lang='lat' dir='ltr'>tra</span> <span class='ocrx_word' id='word_1_337' title='bbox 448 4518 658 4578; x_wconf 91' lang='lat' dir='ltr'>Deum</span> <span class='ocrx_word' id='word_1_338' title='bbox 705 4533 780 4579; x_wconf 88' lang='lat' dir='ltr'>se</span> <span class='ocrx_word' id='word_1_339' title='bbox 825 4520 1175 4596; x_wconf 85' lang='lat' dir='ltr'>exaltavit,</span> <span class='ocrx_word' id='word_1_340' title='bbox 1227 4527 1295 4580; x_wconf 90' lang='lat' dir='ltr'>et</span> <span class='ocrx_word' id='word_1_341' title='bbox 1326 4538 1365 4580; x_wconf 90' lang='lat' dir='ltr'>a</span> <span class='ocrx_word' id='word_1_342' title='bbox 1399 4519 1595 4580; x_wconf 86' lang='lat' dir='ltr'>laude</span> <span class='ocrx_word' id='word_1_343' title='bbox 1641 4520 1757 4581; x_wconf 89' lang='lat' dir='ltr'>Dei</span> <span class='ocrx_word' id='word_1_344' title='bbox 1791 4523 2109 4598; x_wconf 87' lang='lat' dir='ltr'>cessavit,</span> <span class='ocrx_word' id='word_1_345' title='bbox 2145 4521 2319 4582; x_wconf 90' lang='lat' dir='ltr'>unde</span> <span class='ocrx_word' id='word_1_346' title='bbox 2352 4528 2422 4583; x_wconf 90' lang='lat' dir='ltr'>et</span> <span class='ocrx_word' id='word_1_347' title='bbox 2453 4541 2492 4583; x_wconf 90' lang='lat' dir='ltr'>a</span> <span class='ocrx_word' id='word_1_348' title='bbox 2523 4522 2737 4599; x_wconf 80' lang='lat' dir='ltr'>gloria</span> <span class='ocrx_word' id='word_1_349' title='bbox 2769 4536 2893 4581; x_wconf 88' lang='lat' dir='ltr'>sua</span> <span class='ocrx_word' id='word_1_350' title='bbox 2923 4517 3215 4580; x_wconf 87' lang='lat' dir='ltr'>evanuit.</span> <span class='ocrx_word' id='word_1_351' title='bbox 3251 4515 3379 4577; x_wconf 88' lang='lat' dir='ltr'>Sed</span> 
     </span>
     <span class='ocr_line' id='line_1_35' title="bbox 291 4617 3373 4703; baseline 0 -23"><span class='ocrx_word' id='word_1_352' title='bbox 291 4617 471 4681; x_wconf 91' lang='lat' dir='ltr'>Deus</span> <span class='ocrx_word' id='word_1_353' title='bbox 518 4621 854 4682; x_wconf 88' lang='lat' dir='ltr'>hominem</span> <span class='ocrx_word' id='word_1_354' title='bbox 890 4622 1067 4698; x_wconf 87' lang='lat' dir='ltr'>fecit,</span> <span class='ocrx_word' id='word_1_355' title='bbox 1105 4629 1433 4700; x_wconf 83' lang='lat' dir='ltr'>quatenus</span> <span class='ocrx_word' id='word_1_356' title='bbox 1481 4623 1608 4684; x_wconf 91' lang='lat' dir='ltr'>hoc</span> <span class='ocrx_word' id='word_1_357' title='bbox 1657 4625 1835 4702; x_wconf 91' lang='lat' dir='ltr'>quod</span> <span class='ocrx_word' id='word_1_358' title='bbox 1883 4625 2164 4687; x_wconf 81' lang='lat' dir='ltr'>inferius</span> <span class='ocrx_word' id='word_1_359' title='bbox 2213 4631 2379 4703; x_wconf 89' lang='lat' dir='ltr'>erat,</span> <span class='ocrx_word' id='word_1_360' title='bbox 2432 4626 2557 4687; x_wconf 86' lang='lat' dir='ltr'>hoc</span> <span class='ocrx_word' id='word_1_361' title='bbox 2590 4624 2767 4703; x_wconf 92' lang='lat' dir='ltr'>quod</span> <span class='ocrx_word' id='word_1_362' title='bbox 2803 4623 3117 4701; x_wconf 84' lang='lat' dir='ltr'>superius</span> <span class='ocrx_word' id='word_1_363' title='bbox 3151 4621 3373 4682; x_wconf 87' lang='lat' dir='ltr'>fuerat</span> 
     </span>
     <span class='ocr_line' id='line_1_36' title="bbox 295 4726 3377 4809; baseline 0.001 -25"><span class='ocrx_word' id='word_1_364' title='bbox 295 4732 666 4802; x_wconf 88' lang='lat' dir='ltr'>superaret.</span> <span class='ocrx_word' id='word_1_365' title='bbox 706 4727 782 4788; x_wconf 91' lang='lat' dir='ltr'>In</span> <span class='ocrx_word' id='word_1_366' title='bbox 815 4726 1079 4789; x_wconf 86' lang='lat' dir='ltr'>homine</span> <span class='ocrx_word' id='word_1_367' title='bbox 1112 4745 1400 4805; x_wconf 84' lang='lat' dir='ltr'>namque</span> <span class='ocrx_word' id='word_1_368' title='bbox 1443 4729 1622 4789; x_wconf 89' lang='lat' dir='ltr'>Deus</span> <span class='ocrx_word' id='word_1_369' title='bbox 1669 4731 1892 4791; x_wconf 90' lang='lat' dir='ltr'>omnia</span> <span class='ocrx_word' id='word_1_370' title='bbox 1939 4747 2144 4807; x_wconf 85' lang='lat' dir='ltr'>opera</span> <span class='ocrx_word' id='word_1_371' title='bbox 2191 4749 2315 4793; x_wconf 88' lang='lat' dir='ltr'>sua</span> <span class='ocrx_word' id='word_1_372' title='bbox 2364 4731 2664 4809; x_wconf 87' lang='lat' dir='ltr'>perfecit.</span> <span class='ocrx_word' id='word_1_373' title='bbox 2714 4731 2840 4804; x_wconf 85' lang='lat' dir='ltr'>Qui</span> <span class='ocrx_word' id='word_1_374' title='bbox 2885 4735 2962 4791; x_wconf 88' lang='lat' dir='ltr'>ut</span> <span class='ocrx_word' id='word_1_375' title='bbox 3008 4734 3189 4790; x_wconf 88' lang='lat' dir='ltr'>terra</span> <span class='ocrx_word' id='word_1_376' title='bbox 3236 4727 3377 4788; x_wconf 86' lang='lat' dir='ltr'>ani-</span> 
     </span>
     <span class='ocr_line' id='line_1_37' title="bbox 298 4829 3381 4914; baseline 0.001 -25"><span class='ocrx_word' id='word_1_377' title='bbox 298 4829 501 4891; x_wconf 87' lang='lat' dir='ltr'>malia</span> <span class='ocrx_word' id='word_1_378' title='bbox 548 4832 859 4908; x_wconf 88' lang='lat' dir='ltr'>sustinet,</span> <span class='ocrx_word' id='word_1_379' title='bbox 898 4833 962 4892; x_wconf 91' lang='lat' dir='ltr'>in</span> <span class='ocrx_word' id='word_1_380' title='bbox 994 4848 1193 4894; x_wconf 90' lang='lat' dir='ltr'>carne</span> <span class='ocrx_word' id='word_1_381' title='bbox 1243 4851 1364 4894; x_wconf 88' lang='lat' dir='ltr'>sua</span> <span class='ocrx_word' id='word_1_382' title='bbox 1398 4836 1646 4894; x_wconf 88' lang='lat' dir='ltr'>multas</span> <span class='ocrx_word' id='word_1_383' title='bbox 1681 4835 2088 4897; x_wconf 88' lang='lat' dir='ltr'>tentationes</span> <span class='ocrx_word' id='word_1_384' title='bbox 2119 4837 2394 4914; x_wconf 90' lang='lat' dir='ltr'>patitur;</span> <span class='ocrx_word' id='word_1_385' title='bbox 2431 4844 2498 4898; x_wconf 91' lang='lat' dir='ltr'>et</span> <span class='ocrx_word' id='word_1_386' title='bbox 2532 4854 2684 4898; x_wconf 92' lang='lat' dir='ltr'>cum</span> <span class='ocrx_word' id='word_1_387' title='bbox 2716 4856 2755 4898; x_wconf 86' lang='lat' dir='ltr'>a</span> <span class='ocrx_word' id='word_1_388' title='bbox 2788 4836 3142 4897; x_wconf 91' lang='lat' dir='ltr'>mundanis</span> <span class='ocrx_word' id='word_1_389' title='bbox 3175 4833 3381 4894; x_wconf 87' lang='lat' dir='ltr'>decli-</span> 
     </span>
    </p>
   </div>
   <div class='ocr_carea' id='block_1_8' title="bbox 303 4933 3491 5019">
    <p class='ocr_par' dir='ltr' id='par_1_8' title="bbox 303 4933 3491 5019">
     <span class='ocr_line' id='line_1_38' title="bbox 303 4933 3491 5019; baseline 0 -26"><span class='ocrx_word' id='word_1_390' title='bbox 303 4939 452 5010; x_wconf 85' lang='lat' dir='ltr'>nat,</span> <span class='ocrx_word' id='word_1_391' title='bbox 505 4933 667 4996; x_wconf 86' lang='lat' dir='ltr'>facit</span> <span class='ocrx_word' id='word_1_392' title='bbox 713 4935 1270 5014; x_wconf 86' lang='lat' dir='ltr'>quemadmodum</span> <span class='ocrx_word' id='word_1_393' title='bbox 1318 4937 1564 4999; x_wconf 84' lang='lat' dir='ltr'>animal</span> <span class='ocrx_word' id='word_1_394' title='bbox 1612 4939 1789 5017; x_wconf 90' lang='lat' dir='ltr'>quod</span> <span class='ocrx_word' id='word_1_395' title='bbox 1838 4939 2173 5003; x_wconf 88' lang='lat' dir='ltr'>hominem</span> <span class='ocrx_word' id='word_1_396' title='bbox 2225 4942 2428 5019; x_wconf 83' lang='lat' dir='ltr'>fugit;</span> <span class='ocrx_word' id='word_1_397' title='bbox 2479 4947 2547 5003; x_wconf 87' lang='lat' dir='ltr'>et</span> <span class='ocrx_word' id='word_1_398' title='bbox 2578 4957 2729 5003; x_wconf 89' lang='lat' dir='ltr'>cum</span> <span class='ocrx_word' id='word_1_399' title='bbox 2764 4940 2846 5002; x_wconf 85' lang='lat' dir='ltr'>ad</span> <span class='ocrx_word' id='word_1_400' title='bbox 2882 4938 3251 5016; x_wconf 88' lang='lat' dir='ltr'>spiritalem</span> <span class='ocrx_word' id='word_1_401' title='bbox 3284 4934 3383 4995; x_wconf 88' lang='lat' dir='ltr'>vi-</span> <span class='ocrx_word' id='word_1_402' title='bbox 3486 4967 3491 4974; x_wconf 89' lang='lat'><strong>·</strong></span> 
     </span>
    </p>
   </div>
   <div class='ocr_carea' id='block_1_9' title="bbox 375 5186 2042 5263">
    <p class='ocr_par' dir='ltr' id='par_1_9' title="bbox 375 5186 2042 5263">
     <span class='ocr_line' id='line_1_39' title="bbox 375 5186 2042 5263; baseline 0.007 -21"><span class='ocrx_word' id='word_1_403' title='bbox 375 5186 417 5256; x_wconf 79' lang='lat'>¹)</span> <span class='ocrx_word' id='word_1_404' title='bbox 443 5195 503 5243; x_wconf 77' lang='grc' dir='ltr'>ιιι</span> <span class='ocrx_word' id='word_1_405' title='bbox 532 5193 608 5246; x_wconf 78' lang='lat' dir='ltr'>ita</span> <span class='ocrx_word' id='word_1_406' title='bbox 635 5191 788 5248; x_wconf 77' lang='lat' dir='ltr'>homo</span> <span class='ocrx_word' id='word_1_407' title='bbox 813 5191 904 5248; x_wconf 89' lang='lat' dir='ltr'>W.</span> <span class='ocrx_word' id='word_1_408' title='bbox 937 5224 1003 5233; x_wconf 79' lang='lat'>-·</span> <span class='ocrx_word' id='word_1_409' title='bbox 1027 5193 1072 5260; x_wconf 87' lang='lat'>2)</span> <span class='ocrx_word' id='word_1_410' title='bbox 1099 5193 1308 5250; x_wconf 73' lang='lat' dir='ltr'>homini</span> <span class='ocrx_word' id='word_1_411' title='bbox 1329 5191 1395 5249; x_wconf 84' lang='grc' dir='ltr'>Α.</span> <span class='ocrx_word' id='word_1_412' title='bbox 1429 5226 1494 5234; x_wconf 89' lang='lat'>--</span> <span class='ocrx_word' id='word_1_413' title='bbox 1518 5193 1563 5263; x_wconf 80' lang='lat'>³)</span> <span class='ocrx_word' id='word_1_414' title='bbox 1587 5195 1925 5253; x_wconf 73' lang='lat' dir='ltr'>consolidant</span> <span class='ocrx_word' id='word_1_415' title='bbox 1951 5195 2042 5253; x_wconf 90' lang='lat' dir='ltr'>W.</span> 
     </span>
    </p>
   </div>
  </div>
 </body>
</html>
