4036 6117
747 482 876 543 232
1857 497 1907 543 s.
1963 494 2514 545 nttnscannts

678 617 1082 690 duebantur;
1134 630 1305 693 quae
1354 616 1587 691 purior
1633 616 1997 691 purissimo
2047 618 2319 701 aethere
2366 616 2762 693 apparebat,
2822 622 2889 677 et
2947 632 3119 693 quae
3168 619 3443 694 propter
3488 617 3755 694 diligen-

676 707 837 767 tiam
883 705 1273 766 eorumdem
1327 709 1863 781 praeceptorum,
1901 722 2073 782 quae
2122 714 2480 783 praecepta
2513 706 2812 782 ejusdem
2850 706 3018 781 legis
3048 707 3407 783 diligenter
3451 707 3759 767 observa-

668 814 927 884 verant,
963 808 1151 868 velut
1183 823 1348 868 auro
1385 808 1635 868 intexta
1673 807 1991 884 fulgebat.
2043 804 2088 888 ¹)

759 911 867 973 31.
895 910 1023 971 Sed
1045 914 1113 971 et
1137 916 1413 987 propter
1435 911 1859 986 perspicuam
1888 913 2388 987 poenitentiam,
2427 929 2559 988 qua
2597 911 3115 988 unumquodque
3139 916 3487 988 peccatum
3524 910 3591 969 in
3621 924 3761 970 cor-

665 1015 867 1076 dibus
900 1016 1044 1075 suis
1078 1029 1231 1075 cum
1263 1029 1431 1089 pura
1457 1015 1740 1075 scientia
1765 1016 2177 1090 planxerant,
2217 1019 2681 1076 ornamentum
2708 1015 2951 1092 capitis
2976 1030 3231 1089 eorum,
3262 1015 3527 1075 scilicet
3549 1013 3759 1073 circu-

671 1122 800 1197 lus,
837 1137 1037 1199 quem
1072 1120 1140 1180 in
1186 1121 1404 1196 capite
1453 1120 1810 1197 habebant,
1860 1123 2056 1197 quasi
2105 1139 2182 1182 ex
2217 1122 2465 1181 electro
2492 1126 2639 1181 erat
2661 1119 2746 1200 ²),
2781 1126 2851 1180 et
2884 1127 3159 1198 propter
3192 1122 3430 1180 itinera
3465 1120 3759 1179 saecula-

671 1225 845 1284 rium
877 1222 1365 1298 mandatorum,
1402 1238 1573 1298 quae
1607 1224 1675 1284 in
1708 1224 1853 1299 lege
1885 1224 2003 1283 Dei
2038 1225 2480 1285 saeculariter
2512 1224 2892 1285 viventibus
2919 1225 3283 1284 constituta
3309 1229 3488 1298 sunt,
3522 1223 3589 1281 in
3621 1223 3761 1298 qui-

670 1328 797 1388 bus
831 1333 1012 1388 recte
1046 1332 1115 1386 et
1145 1342 1311 1402 pure
1345 1328 1780 1402 incesserant,
1818 1328 2271 1389 calceamenta
2322 1330 2622 1405 ipsorum
2672 1329 3066 1404 crystallina
3110 1328 3546 1401 videbantur,
3584 1326 3759 1403 puri-

662 1437 877 1492 tatem
926 1446 1129 1507 super
1174 1432 1542 1505 puritatem
1594 1431 2220 1507 limpidissimarum
2270 1448 2595 1508 aquarum
2645 1448 2726 1491 ex
2775 1448 2848 1492 se
2884 1432 3248 1493 reddentia.
3281 1433 3360 1492 Et
3391 1433 3477 1492 ob
3513 1432 3760 1491 dulcis-

666 1536 992 1595 simarum
1041 1533 1423 1608 largitatem
1469 1534 2056 1611 eleemosinarum,
2094 1551 2229 1612 qua
2260 1536 2621 1612 unicuique
2660 1536 2973 1596 miseriae
3023 1535 3533 1595 lacrimabiliter
3567 1533 3759 1594 mise-

667 1638 1028 1699 ricordiam
1077 1637 1558 1713 impenderant,
1594 1643 1661 1697 et
1695 1637 1822 1697 hoc
1869 1640 2076 1699 etiam
2111 1639 2179 1698 in
2213 1639 2543 1715 legalibus
2578 1639 2979 1715 praeceptis,
3018 1639 3194 1699 sicut
3224 1638 3400 1698 Deus
3434 1639 3575 1698 illis
3609 1654 3759 1698 con-

666 1744 1007 1817 stituerat,
1048 1740 1364 1816 fecerant,
1400 1742 1516 1801 ubi
1562 1740 1777 1802 nudos
1825 1742 2227 1815 vestierant,
2281 1743 2658 1802 esurientes
2706 1748 2772 1801 et
2828 1742 3135 1802 sitientes
3192 1742 3754 1815 refocillaverant,

672 1848 968 1909 infirmos
1016 1851 1085 1907 et
1130 1846 1434 1922 captivos
1482 1846 1960 1919 visitaverant,
2011 1854 2080 1906 et
2129 1847 2377 1906 similia
2425 1846 2597 1906 bona
2645 1862 2848 1921 opera
2900 1846 3224 1920 fecerant,
3277 1864 3315 1906 a
3350 1845 3758 1906 suavissimo

666 1953 886 2026 vento,
938 1950 1023 2010 ab
1056 1966 1299 2010 arcano
1332 1949 1716 2009 Divinitatis
1762 1950 2185 2026 procedente,
2236 1957 2304 2010 et
2352 1949 2623 2010 odorem
2674 1950 2973 2011 omniurn
3006 1948 3366 2009 herbarum
3417 1954 3485 2008 et
3518 1949 3757 2009 florum

664 2055 971 2129 habente,
1015 2054 1347 2115 interdum
1385 2054 1850 2130 tangebantur3
1910 2059 1979 2115 et
2010 2055 2097 2113 ob
2129 2054 2553 2114 devotionem
2602 2071 2735 2130 qua
2782 2070 2947 2115 voce
2994 2056 3063 2115 et
3108 2070 3312 2130 opera
3360 2054 3574 2114 bonos
3626 2052 3758 2113 fru-

664 2165 816 2219 ctus
865 2175 1015 2219 cum
1049 2158 1501 2235 profunditate
1549 2158 1993 2233 suspiriorum
2028 2162 2096 2219 et
2136 2158 2526 2233 irrigatione
2563 2159 2993 2219 lacrimarum
3028 2159 3470 2234 protulerant,
3518 2172 3757 2218 sonum

662 2263 1099 2325 dulcissimae
1133 2263 1568 2340 symphoniae
1605 2263 2071 2340 proferebant,
2123 2271 2191 2324 et
2236 2281 2439 2325 voces
2487 2281 2717 2325 eorum
2769 2271 2843 2325 ut
2889 2281 3092 2325 voces
3142 2280 3469 2341 aquarum
3519 2264 3759 2323 multa-

663 2385 813 2428 rum
863 2369 1283 2429 resonabant.
1336 2369 1456 2428 Isti
1491 2370 1711 2430 autem
1761 2369 1918 2428 dum
1970 2371 2036 2428 in
2085 2370 2354 2430 saeculo
2402 2370 2800 2446 corporibus
2849 2371 2990 2430 suis
3040 2370 3254 2431 induti
3301 2372 3643 2443 viverent,
3691 2370 3759 2429 in

661 2471 997 2531 saeculari
1044 2470 1276 2531 habitu
1310 2473 1378 2531 et
1408 2472 1573 2547 vita,
1622 2488 1902 2548 corpore
1951 2476 2208 2533 tantum
2243 2479 2309 2533 et
2349 2489 2479 2533 non
2514 2475 2756 2550 spiritu
2790 2474 3132 2549 degenteS,
3186 2475 3252 2533 in
3284 2475 3526 2534 timore
3561 2474 3755 2534 Crea-

662 2572 826 2631 toris
875 2573 1001 2644 sui,
1041 2573 1254 2648 legem
1282 2574 1588 2649 justitiae
1630 2575 1832 2651 justis
1880 2576 2198 2651 operibus
2247 2577 2762 2652 compleverant.
2825 2577 3103 2636 Caetera
3154 2592 3313 2636 vero
3361 2582 3750 2637 ernamenta

662 2675 948 2734 istorum
981 2682 1047 2736 et
1081 2677 1605 2752 significationes
1653 2694 1881 2738 eorum
1916 2680 2097 2739 visui
2130 2683 2196 2740 et
2233 2680 2601 2741 intellectui
2639 2696 2782 2739 meo
2815 2682 3151 2740 occultata
3186 2686 3360 2741 sunt.

2089 2890 2333 2952 XXVII.

1538 3082 1632 3143 De
1681 3081 2061 3143 coelestibus
2110 3081 2554 3143 obedientium
2599 3084 2880 3160 qaudiis.

742 3277 855 3340 32.
905 3275 1091 3339 Alios
1138 3291 1405 3354 quoque
1454 3275 1523 3334 in
1567 3273 1799 3335 eadem
1846 3275 2153 3335 claritate
2203 3275 2406 3335 simili
2450 3276 2644 3335 modo
2680 3275 2874 3352 quasi
2909 3291 3029 3351 per
3063 3274 3409 3350 speculum
3446 3276 3743 3337 conside-

654 3385 912 3458 rabam,
947 3383 1064 3460 qui
1096 3384 1292 3459 quasi
1326 3388 1514 3441 veste
1546 3382 1928 3457 pulchriore
1963 3397 2207 3440 aurora
2255 3387 2322 3440 et
2357 3381 2643 3440 clariore
2679 3381 3029 3456 splendore
3065 3382 3252 3456 solis,
3292 3398 3370 3441 ac
3403 3382 3740 3443 nobilissi-

659 3490 791 3548 mis
839 3487 1122 3564 gemmis
1156 3494 1415 3560 ornata,
1455 3486 1942 3559 vestiebantur;
1995 3501 2166 3562 quae
2215 3485 2419 3545 etiam
2470 3485 2537 3545 in
2584 3486 2859 3547 lenitate
2910 3487 3472 3547 suavissimorum
3506 3489 3740 3550 florum

655 3591 1139 3652 suavissimum
1174 3605 1419 3663 aerem,
1458 3590 1640 3649 velut
1669 3587 1737 3647 in
1780 3588 1984 3648 odore
2027 3589 2311 3648 balsami
2346 3595 2413 3648 et
2445 3589 2741 3649 omnium
2777 3590 3296 3665 pigmentorum,
3334 3589 3415 3650 de
3448 3607 3520 3651 se
3553 3591 3741 3651 emit-

659 3693 863 3754 tebat.
924 3692 1005 3752 Hi
1056 3693 1123 3752 in
1172 3693 1507 3768 capitibus
1556 3692 1696 3751 suis
1745 3707 2028 3751 coronas
2077 3693 2261 3752 velut
2310 3692 2731 3752 nobilissimo
2780 3692 3092 3768 hyacinto
3141 3692 3491 3755 decoratas
3547 3694 3744 3755 habe-

654 3795 836 3871 hant,
865 3797 933 3855 et
956 3795 1449 3867 calceamentiS,
1486 3795 1803 3870 pretiosis
1838 3794 2228 3868 margaritis
2262 3795 2576 3856 distincte
2610 3796 2890 3871 ornatiS‚
2930 3795 3394 3857 induebantur.
3423 3798 3560 3858 Vox
3586 3814 3744 3874 quo·

654 3916 785 3979 que
816 3916 1048 3960 eorum
1083 3916 1320 3960 sonum
1352 3901 1570 3960 omnis
1604 3899 1869 3975 generis
1904 3899 2316 3959 musicorum
2352 3901 2673 3974 habebat,
2727 3916 2804 3960 ac
2853 3899 2998 3959 sine
3048 3900 3270 3959 taedio
3322 3901 3583 3960 cantica
3630 3917 3744 3959 no-

655 4022 743 4067 va
790 4022 1055 4081 semper
1102 4004 1479 4065 cantabant.
1546 4002 1670 4064 Sed
1716 4010 1784 4065 et
1832 4004 2213 4064 clarissima
2247 4011 2315 4065 et
2348 4006 2715 4081 purissima
2757 4005 2928 4078 luce,
2966 4004 3049 4064 ab
3084 4019 3327 4064 arcano
3360 4003 3741 4064 Divinitatis

653 4109 983 4182 veniente,
1035 4107 1364 4168 interdum
1418 4107 1950 4182 illustrabantur;
1988 4123 2160 4184 quae
2196 4113 2331 4167 tam
2371 4124 2607 4183 magna
2651 4112 2719 4166 et
2753 4112 2891 4166 tam
2926 4106 3147 4167 lucida
3180 4113 3347 4180 erat,
3384 4105 3560 4184 quod
3592 4121 3738 4165 eam

656 4229 780 4274 nec
810 4214 1047 4273 oculus
1076 4212 1327 4287 videre,
1364 4227 1486 4271 nec
1521 4211 1706 4272 auris
1740 4212 1997 4287 audire,
2037 4227 2157 4271 nec
2191 4226 2308 4272 cor
2341 4211 2632 4271 hominis
2665 4211 3047 4285 excogitare
3081 4211 3343 4285 poterit.

741 4317 848 4376 33.
881 4316 1163 4376 Caetera
1197 4321 1419 4375 autem
1454 4318 1843 4376 ornamenta
1875 4333 2131 4391 eorum,
2169 4331 2341 4392 quae
2374 4315 2660 4391 plurima
2698 4314 2985 4389 fuerunt,
3024 4314 3365 4372 intendere
3398 4329 3528 4372 non
3564 4314 3739 4373 vale-

651 4421 825 4481 bam.
876 4419 1039 4479 Nam
1088 4421 1154 4479 et
1202 4419 1317 4478 isti
1365 4425 1640 4494 propter
1687 4419 1841 4480 fidei
1873 4420 2296 4480 devotionem
2330 4421 2398 4478 et
2430 4423 2704 4495 propter
2748 4417 3232 4478 indeficientem
3284 4414 3738 4476 fortitudinem

650 4526 978 4585 bonorum
1012 4539 1310 4600 operum,
1350 4525 1415 4583 in
1449 4523 1793 4598 praefatae
1828 4525 2164 4585 claritatis
2198 4524 2564 4597 consortie,
2601 4528 2668 4581 et
2704 4522 2770 4582 in
2818 4521 3212 4598 gaudiorum
3263 4521 3409 4598 ejus
3456 4519 3742 4581 delecta-

648 4628 895 4688 bilibus
944 4627 1206 4687 deliciis
1255 4627 1658 4702 gaudebant.
1696 4627 1776 4687 Et
1808 4629 2120 4705 quoniam
2160 4627 2418 4687 initium
2456 4626 2667 4687 bonae
2706 4626 3073 4686 voluntatis
3109 4641 3293 4700 suae,
3332 4641 3483 4684 cum
3518 4624 3736 4684 studio

650 4737 990 4793 rectorum
1023 4747 1323 4807 operum,
1359 4729 1806 4807 perfecerant,
1860 4732 1974 4793 ubi
2021 4731 2358 4808 propriam
2410 4732 2831 4790 voluntatem
2880 4745 3072 4789 suam
3122 4743 3270 4788 cum
3324 4728 3606 4789 sudante
3648 4729 3738 4788 la·-

649 4853 812 4898 vore
846 4836 1278 4913 reliquerant,
1317 4842 1504 4896 veste
1537 4835 1919 4911 pulchriore
1969 4851 2215 4895 aurora
2263 4840 2330 4894 et
2379 4835 2668 4894 clariore
2704 4833 3059 4910 splendore
3093 4833 3256 4893 solis
3292 4849 3369 4892 ac
3404 4832 3739 4893 nobilissi-

647 4942 778 5001 mis
812 4940 1094 5016 gemmis
1127 4946 1364 5000 ornata
1398 4938 1889 5014 vestiebantur,
1927 4945 1994 4998 et
2028 4938 2342 5014 quoniam
2378 4939 2442 4997 in
2476 4937 2890 5014 subjectione
2923 4936 3363 5010 obedientiae,
3401 4951 3573 5012 quae
3616 4937 3734 4996 flos

646 5045 856 5105 totius
905 5045 1284 5105 sanctitatis
1316 5050 1444 5117 est,
1483 5044 1956 5105 abstinentiam
2004 5043 2374 5103 carnalium
2424 5042 2915 5103 desideriorum
2967 5042 3358 5116 habuerant,
3412 5042 3526 5102 ubi
3583 5042 3736 5102 odo-

714 5196 758 5264 ι)
783 5198 1068 5271 sumebant
1093 5199 1167 5262 A.
1194 5198 1285 5254 W.
1322 5231 1338 5239 -
1372 5231 1384 5239 ·
1419 5201 1464 5266 ²)
1493 5202 1657 5272 quasi
1680 5198 1868 5254 electro
1893 5203 2010 5254 erat
2048 5197 2114 5252 Α,
