4036 6117
712 462 797 522 46
1878 481 1930 524 S.
1982 477 2525 527 fflLDEGARmS

2030 704 2352 764 LXXXVI.

1590 912 1932 973 Fortitudo
1979 915 2350 971 sanctitatis
2397 911 2800 991 indeficiens.

734 1114 887 1177 100.
922 1116 1087 1177 Nam
1121 1132 1314 1194 reges
1360 1123 1427 1178 et
1459 1118 1821 1196 principeS,
1859 1120 1975 1196 qui
2012 1120 2079 1180 in
2114 1120 2233 1179 tali
2268 1119 2517 1181 honore
2551 1125 2764 1195 erant,
2804 1119 2982 1197 quod
3018 1119 3280 1181 coelum
3312 1119 3758 1181 nominaban-

641 1224 777 1295 tur,
828 1220 1341 1298 praeterierunt3
1378 1228 1446 1281 et
1479 1223 1593 1299 qui
1630 1223 1887 1283 minimi
1924 1224 2181 1284 ordinis
2219 1225 2284 1283 in
2317 1239 2558 1299 genere
2597 1240 2719 1284 suo
2758 1223 3046 1299 fuerunt,
3084 1229 3149 1284 et
3186 1224 3301 1301 qui
3335 1223 3596 1284 divitiis
3633 1240 3747 1283 ca-

649 1330 951 1399 ruerunt,
1002 1324 1083 1386 de
1129 1327 1466 1402 parvitate
1514 1333 1582 1387 et
1628 1327 1709 1386 de
1755 1333 2058 1403 egestate
2108 1328 2223 1387 illa
2255 1329 2440 1388 velut
2476 1329 2542 1388 in
2576 1328 2928 1404 Olympum
2961 1328 3354 1403 ascendunt,
3391 1333 3460 1388 et
3494 1328 3749 1388 iterum

643 1428 979 1491 deficiunt.
1030 1430 1376 1490 Fortitudo
1419 1436 1643 1491 autem
1678 1433 2084 1507 sanctitatiS,
2121 1432 2203 1492 de
2236 1449 2368 1509 qua
2406 1433 2629 1492 omnia
2662 1432 2834 1492 bona
2867 1432 3259 1508 procedunt,
3295 1437 3363 1491 et
3396 1447 3570 1508 quae
3602 1447 3751 1491 om-

643 1533 754 1609 nia
801 1533 974 1595 bona
1023 1541 1270 1611 portat,
1322 1552 1453 1595 non
1484 1536 1772 1612 deficiet,
1810 1536 1926 1597 sed
1963 1537 2029 1595 in
2063 1538 2461 1597 aeternitate
2494 1538 2677 1597 vitae
2708 1536 3150 1613 permanebit.
3185 1536 3366 1597 Haec
3400 1541 3627 1597 autem
3662 1535 3748 1595 de

643 1640 1129 1717 poenitentium
1177 1643 1528 1703 animabus
1574 1643 1941 1719 purgandis
1990 1650 2058 1703 et
2103 1645 2445 1704 salvandis
2479 1644 2659 1705 dicta
2692 1649 2871 1719 sunt,
2908 1651 2976 1705 et
3009 1643 3230 1704 fidelia
3265 1650 3445 1717 sunt;
3480 1649 3548 1703 et
3585 1643 3748 1703 fide-

650 1743 737 1804 lis
772 1742 879 1804 his
913 1745 1236 1820 attendat,
1274 1753 1340 1805 et
1372 1762 1450 1805 ea
1487 1747 1553 1805 in
1586 1748 1979 1807 memoriam
2012 1747 2226 1808 bonae
2262 1749 2585 1808 scientiae
2619 1753 2994 1823 componat.

743 1848 893 1908 101.
943 1848 1023 1909 Et
1054 1850 1191 1910 vidi
1224 1851 1608 1926 praedictae
1651 1851 2102 1913 multitudinis
2136 1853 2305 1912 alios
2342 1854 2649 1929 spirituS,
2685 1869 2855 1929 quos
2890 1852 3098 1912 etiam
3130 1849 3306 1928 quod
3342 1849 3607 1910 Lucifer
3643 1867 3745 1909 sa·

650 1951 791 2011 lute
838 1957 905 2012 et
953 1953 1203 2014 honore
1236 1956 1563 2016 virtutum
1597 1956 1839 2033 dignus
1873 1961 2078 2031 esset,
2123 1956 2575 2017 vociferantes
2609 1957 2855 2019 audivi.
2890 1957 2970 2017 Et
3003 1956 3072 2016 hi
3108 1955 3554 2016 inenarrabile
3585 1971 3746 2015 can-

655 2056 863 2116 ticum
910 2056 1262 2119 beatorum
1304 2060 1689 2137 spirituum,
1730 2061 1906 2138 quod
1939 2067 2045 2121 est
2077 2067 2230 2122 ante
2262 2067 2532 2121 tronum
2561 2060 2704 2137 Dei,
2742 2076 2815 2121 se
2852 2062 3028 2121 scire
3062 2060 3491 2135 simulabant3
3528 2066 3595 2120 et
3627 2059 3749 2120 ho·-

654 2158 946 2220 minibus
980 2167 1053 2222 ut
1085 2161 1288 2222 dictis
1320 2170 1389 2224 et
1425 2163 1622 2225 factis
1653 2165 2055 2241 joculatorie
2088 2166 2373 2226 vanitati
2413 2166 2752 2240 insistant,
2788 2164 3217 2241 persuadent.

2028 2372 2380 2434 LXXXVII.

1777 2582 1871 2643 De
1914 2584 2146 2662 poenis
2176 2578 2648 2657 joculatorum.

646 2852 651 2855 .
746 2785 897 2847 102.
946 2786 1027 2846 Et
1074 2785 1212 2847 vidi
1261 2788 1574 2851 nebulam
1623 2788 1907 2874 nigram,
1960 2790 2027 2850 in
2074 2806 2208 2866 qua
2256 2790 2587 2850 maximus
2638 2788 2813 2865 ignis
2847 2790 3015 2863 erat,
3054 2788 3168 2865 qui
3207 2787 3461 2849 fumum
3492 2786 3752 2863 emisit;

658 2897 846 2957 velut
878 2895 1100 2956 fumus
1137 2896 1248 2956 ille
1281 2903 1386 2956 est
1420 2897 1531 2957 ubi
1566 2912 1722 2957 aera
1754 2898 2238 2958 examinantur.
2268 2897 2341 2957 In
2374 2898 2525 2972 igne
2559 2897 2689 2958 isto
2723 2901 2791 2955 et
2824 2896 2893 2956 in
2921 2894 3102 2956 sumo
3139 2910 3218 2954 ac
3251 2894 3319 2954 in
3349 2893 3595 2954 nebula
3621 2892 3755 2953 hac

659 3000 923 3063 animae
973 3001 1128 3062 illae
1163 3002 1630 3080 puniebantur,
1668 3018 1839 3080 quae
1874 3003 2033 3065 dum
2069 3003 2136 3064 in
2165 3003 2436 3064 saeculo
2474 3001 2783 3078 fuissent,
2821 3001 2985 3062 vitio
3017 3000 3460 3077 joculatoriae
3493 2999 3761 3060 vanita-

588 3107 592 3111 ”
661 3109 752 3169 tis
796 3104 844 3189 ¹)
899 3109 1396 3173 insudaverant.
1447 3111 1612 3172 Nam
1661 3113 1881 3189 ignem
1923 3117 2200 3189 propter
2232 3111 2745 3171 delectationem
2777 3109 3079 3186 ejusdem
3113 3108 3262 3170 vitii
3296 3108 3754 3184 patiebantur,

663 3210 922 3272 fumum
969 3218 1215 3290 autem,
1266 3221 1542 3292 propter
1588 3217 1888 3277 studium
1934 3215 2113 3293 quod
2163 3215 2246 3274 ad
2296 3215 2459 3275 illud
2509 3213 2866 3289 habebant;
2905 3213 3219 3274 nebulam
3251 3228 3438 3286 vero,
3476 3216 3762 3288 propter

661 3316 1058 3377 varietatem
1111 3335 1394 3396 morum,
1436 3336 1605 3397 quos
1641 3320 1707 3381 in
1738 3321 1972 3382 eodem
2003 3319 2172 3380 vitio
2208 3318 2479 3396 saepius
2513 3317 2886 3379 variabant.
2921 3317 3002 3377 Et
3033 3332 3155 3394 per
3187 3316 3523 3376 viventem
3560 3314 3762 3391 spiri-

665 3424 808 3480 tum
844 3420 1005 3497 vidi,
1041 3426 1109 3482 et
1143 3423 1438 3483 intellexi
1472 3422 1658 3484 haec.

2024 3631 2405 3693 LXXXVIII.

1751 3843 2179 3903 Poenitentia
2206 3839 2676 3917 joculatorum.

761 4053 911 4117 103.
944 4054 1028 4116 Et
1050 4068 1283 4114 vocem
1307 4053 1390 4114 de
1422 4051 1728 4132 praefata
1759 4053 2028 4113 vivente
2064 4053 2211 4112 luce
2250 4050 2494 4111 iterum
2526 4049 2692 4109 mihi
2726 4049 3059 4108 dicentem
3092 4047 3338 4108 audivi:
3375 4046 3555 4108 Haec
3587 4063 3762 4125 quae

665 4160 881 4236 vides,
932 4176 1094 4220 vera
1142 4164 1320 4234 sunt,
1371 4164 1438 4218 et
1486 4163 1559 4218 ut
1599 4174 1678 4218 ea
1710 4157 1923 4231 vides,
1964 4156 2058 4216 ita
2092 4162 2266 4216 sunt.
2305 4154 2430 4215 Sed
2464 4155 2577 4231 qui
2614 4155 2681 4214 in
2714 4153 2985 4214 saeculo
3021 4152 3179 4218 huic
3209 4153 3376 4213 vitio
3413 4151 3762 4227 insistunt,

669 4265 732 4325 si
780 4267 1164 4327 suasionem
1200 4264 1399 4342 hujus
1434 4263 1807 4325 diabolicae
1849 4262 2018 4321 artis
2052 4259 2486 4336 neglexerint,
2525 4264 2593 4318 et
2627 4257 2685 4317 si
2718 4273 2969 4334 poenas
3002 4256 3305 4333 ejusdem
3337 4255 3486 4315 vitii
3522 4254 3774 4315 abhor··

672 4368 954 4444 ruerint,
1006 4384 1273 4429 carnem
1323 4384 1536 4444 suam,
1590 4366 1955 4427 secundum
2004 4365 2400 4443 qualitatem
2448 4367 2516 4423 et
2563 4368 2862 4422 tenorem
2911 4360 3298 4421 eorumdem
3333 4364 3767 4436 peccatorum

674 4490 974 4549 suorum,
1020 4473 1293 4550 jeiuniis
1343 4473 1665 4549 affligant,
1718 4473 1784 4531 in
1833 4471 2080 4547 quibus
2127 4470 2331 4529 etiam
2366 4467 2739 4545 pretiosum
2781 4465 3006 4543 potius
3039 4465 3360 4541 devitent,
3397 4462 3769 4523 secundum

677 4583 937 4639 rectum
966 4577 1293 4654 judicium
1319 4576 1621 4655 judicum
1657 4591 1953 4638 suorum.

753 4812 795 4880 ¹)
829 4815 1067 4868 vanitati
1098 4811 1190 4868 W.
