4036 6117
615 446 745 509 262
1772 466 1824 512 s.
1877 464 2416 513 nrnnsoanms

541 580 742 642 homo
792 582 1024 659 incipit
1059 582 1267 642 Deum
1317 598 1746 659 cognoscere,
1797 590 2036 661 postea
2084 584 2332 646 bonum
2372 560 2713 662 operatur,
2765 591 2833 645 et
2866 585 3103 647 deinde
3135 586 3343 647 Deum
3394 588 3460 670 in
3492 587 3645 663 lege

543 688 991 765 amplectitur.
1031 688 1111 749 Et
1150 689 1478 761 tulerunt,
1517 704 1669 747 cum
1702 689 1943 748 bonam
1981 687 2226 748 famam
2260 688 2527 749 dabant.

638 791 714 854 Ut
739 799 963 854 autem
995 795 1279 871 qustavit
1308 792 1736 867 intelligendo
1766 794 2287 868 arcliitriclinu3‚
2312 795 2573 853 scilicet
2599 799 2793 855 vetus
2820 795 3343 869 Testamentum,
3372 813 3635 872 aquam,

539 895 856 957 videlicet
888 894 1298 972 Sapientiam
1332 894 1576 969 PatriS,
1615 897 1846 955 vinum
1887 898 2159 973 factam,
2213 896 2326 956 ubi
2361 897 2649 956 Verbum
2699 912 2857 958 caro
2910 895 3162 957 factum
3209 903 3341 970 est,
3392 902 3455 955 et
3501 914 3634 955 non

544 999 780 1062 sciebat
814 1001 993 1061 unde
1029 1008 1219 1075 esset,
1256 1002 1414 1076 quia
1459 1000 1801 1060 nesciebat
1849 1002 2181 1077 quomodo
2216 1001 2425 1060 Filius
2458 1000 2575 1061 Dei
2616 1003 3005 1062 incarnatus
3054 1008 3262 1077 esset,
3314 1003 3631 1078 quoniam

541 1101 774 1165 ludaei
806 1104 1120 1164 nolebant
1165 1101 1437 1163 credere
1470 1102 1646 1179 quod
1680 1101 1857 1162 Deus
1892 1102 2090 1163 homo
2124 1110 2328 1178 esset3
2382 1106 2676 1164 ministri
2711 1111 2958 1179 autem,
3012 1104 3078 1164 id
3112 1106 3217 1165 est
3249 1105 3636 1165 observato-

544 1224 655 1269 res
710 1206 929 1284 Legis,
981 1207 1289 1282 sciebant,
1349 1208 1610 1267 scilicet
1667 1207 2159 1283 intellexerunt,
2216 1212 2331 1286 qui
2381 1212 2768 1285 hauserant,
2819 1210 3132 1271 videlicet
3185 1210 3304 1287 qui
3356 1207 3635 1269 scrutati

538 1316 751 1387 erant,
787 1328 1051 1389 aquam,
1092 1309 1156 1370 id
1191 1317 1295 1370 est
1329 1309 1738 1387 Sapientiam
1771 1311 1992 1371 Patris
2026 1328 2147 1388 per
2177 1312 2415 1387 Legem
2449 1312 2787 1373 videbant.

643 1415 830 1476 Vocat
878 1414 1291 1490 obstupendo
1341 1432 1676 1492 sponsum,
1729 1415 1991 1475 scilicet
2037 1414 2248 1477 Adam
2298 1420 2366 1477 et
2396 1416 2626 1492 Evam,
2677 1417 2896 1495 quiin
2939 1416 3175 1492 primis
3225 1417 3481 1493 nuptiis
3513 1416 3629 1476 hu·-

549 1533 783 1580 manae
816 1519 1175 1578 creationis
1215 1519 1504 1594 fuerunt,
1556 1520 2084 1591 architriclinus,
2136 1520 2449 1580 videlicet
2481 1528 2678 1581 vetus
2728 1522 3253 1596 Testamentum,
3291 1522 3622 1581 admirans

545 1622 722 1701 quod
770 1621 1059 1682 Verbum
1106 1622 1326 1683 Patris
1361 1638 1517 1682 caro
1569 1622 1819 1683 factum
1853 1629 1983 1697 est,
2034 1630 2098 1682 et
2132 1624 2290 1684 dicit
2326 1628 2388 1683 ei
2437 1625 2504 1683 in
2537 1630 2832 1700 stupore:
2885 1623 3112 1685 Omnis
3161 1629 3376 1695 homo,
3431 1624 3495 1684 id
3528 1631 3630 1684 est

550 1735 830 1790 cunctae
878 1732 1204 1806 nationes,
1250 1734 1571 1809 primurn,
1613 1734 1870 1793 scilicet
1901 1734 1968 1793 in
2011 1733 2363 1810 juventute
2414 1750 2560 1808 sua,
2612 1732 2855 1794 bonum
2897 1736 3153 1805 vinum,
3205 1734 3630 1794 floriditatem

552 1853 743 1897 suam
790 1844 858 1897 et
889 1838 1273 1914 praeclaras
1321 1840 1609 1899 virtutes
1637 1841 1851 1916 ponit,
1905 1839 2218 1899 videlicet
2258 1839 2639 1914 ostendunt;
2690 1848 2753 1899 et
2797 1859 2950 1901 cum
2996 1838 3309 1900 inebriati
3354 1841 3630 1917 fuerint,

552 1941 616 2000 id
651 1947 755 2001 est
788 1957 936 2002 cum
974 1942 1040 2001 in
1088 1941 1432 2003 laboribus
1466 1943 1830 2017 senuerint,
1884 1949 2045 2003 tunc
2075 1944 2147 2003 id
2192 1945 2363 2021 quod
2397 1943 2692 2004 deterius
2725 1949 2846 2019 est,
2900 1944 3059 2021 quia
3092 1949 3250 2003 tunc
3295 1943 3620 2004 deficient.

551 2043 719 2105 Nam
751 2046 938 2120 Abel,
987 2045 1325 2107 Abraham
1372 2052 1440 2105 et
1471 2047 1731 2121 Moyses
1769 2047 1978 2107 multa
2012 2048 2184 2108 bona
2233 2049 2298 2107 in
2331 2048 2503 2123 Lege
2551 2048 2994 2125 protulerunt;
3047 2048 3166 2108 sed
3195 2047 3335 2124 jam
3386 2046 3522 2106 fere
3570 2047 3630 2106 in

550 2147 659 2208 his
694 2149 1002 2210 omnibus
1035 2149 1339 2211 defectus
1381 2157 1506 2211 est.
1551 2153 1648 2212 Tu
1679 2157 1904 2212 autem
1937 2155 2213 2213 servasti
2264 2154 2330 2212 in
2364 2168 2606 2228 genere
2654 2159 2769 2213 tuo
2802 2155 3033 2214 vinum
3065 2151 3327 2228 bonum,
3380 2152 3636 2212 scilicet

554 2252 877 2329 majorem
909 2254 1253 2329 virtutem,
1284 2274 1488 2334 usque
1522 2257 1758 2331 adhuc,
1793 2262 1945 2333 post
1976 2256 2216 2333 Legem
2252 2255 2335 2317 ad
2367 2257 2738 2318 novissima
2770 2265 3094 2335 tempora,
3133 2257 3228 2317 ita
3260 2256 3435 2333 quod
3468 2256 3634 2316 Deus

560 2355 809 2417 dicitur
841 2356 1064 2434 hom0,
1101 2375 1234 2435 quo
1265 2359 1432 2419 nihil
1465 2360 1880 2436 praeclarius
1913 2365 2041 2421 est.

646 2461 778 2523 Hoc
822 2465 980 2541 fecit
1040 2466 1313 2524 initium
1370 2465 1746 2541 siquorum,
1806 2463 1871 2524 id
1935 2469 2042 2523 est
2099 2463 2581 2542 redemptionis
2640 2465 2915 2526 humani
2972 2465 3272 2542 generiS,
3334 2463 3525 2527 Jesus
3571 2468 3638 2525 in

561 2568 807 2643 Chana,
844 2568 1103 2629 scilicet
1137 2569 1203 2628 in
1236 2569 1511 2645 ultione,
1551 2568 1911 2645 Galilaeae,
1949 2585 2101 2630 cum
2136 2568 2347 2629 Adam
2394 2570 2477 2630 de
2513 2569 2836 2630 Paradiso
2882 2571 3205 2647 expulsus
3237 2575 3362 2643 est,
3413 2574 3477 2629 et
3510 2588 3641 2628 ma-

556 2672 898 2749 nifestavit
948 2672 1307 2748 aperiendo
1353 2672 1633 2750 qloriam
1664 2691 1875 2749 suam,
1928 2674 2244 2733 videlicet
2277 2675 2435 2750 quia
2472 2680 2757 2734 mortem
2802 2674 2982 2734 Adae
3019 2675 3084 2733 in
3133 2675 3340 2733 vitam
3374 2689 3642 2733 conver·

562 2771 669 2846 tit,
705 2777 774 2831 et
820 2772 1061 2848 Legem
1095 2788 1215 2848 per
1247 2775 1686 2851 semetipsum
1737 2775 1802 2834 in
1834 2775 2290 2851 Evangelium.
2344 2776 2425 2836 Et
2491 2777 2920 2836 crediderunt
2971 2779 3045 2837 in
3095 2794 3247 2835 eum
3292 2791 3413 2852 per
3454 2775 3643 2835 fidem

561 2875 875 2954 discipuli
909 2874 1073 2952 ejus,
1110 2890 1341 2938 omnes
1377 2878 1491 2953 qui
1528 2879 2053 2938 incarnationem
2088 2879 2234 2956 eJus
2269 2879 2754 2955 glorificabant.

2071 3126 2147 3185 11.

1811 3337 1978 3397 Item
2025 3338 2158 3397 alio
2204 3338 2410 3396 moda.

657 3562 945 3641 Nuptiae
978 3565 1194 3641 factae
1231 3569 1409 3638 sunt,
1452 3563 1517 3623 in
1548 3563 1791 3639 gaudio
1841 3580 2054 3623 novae
2095 3562 2374 3637 soboliS,
2427 3563 2691 3640 quando
2728 3561 2925 3624 homo
2959 3580 3035 3625 se
3085 3564 3302 3641 ipsum
3340 3575 3650 3640 recogno·-

563 3667 695 3727 scit
740 3673 810 3727 et
855 3669 1154 3742 corripit:
1205 3670 1281 3727 in
1332 3668 1575 3743 chana,
1630 3669 1891 3727 scilicet
1938 3671 2012 3728 ut
2052 3669 2230 3728 mala
2278 3684 2402 3728 sua
2450 3666 2726 3727 zelando
2775 3668 3119 3745 dijudicet,
3158 3668 3524 3742 Galilaeae,
3573 3671 3638 3725 et

564 3776 842 3846 peccata
889 3787 1012 3831 sua
1060 3771 1443 3831 transiendo
1491 3771 1806 3846 dimittat,
1859 3778 1921 3830 et
1954 3778 2097 3831 erat
2145 3778 2380 3847 mater,
2422 3772 2486 3831 id
2521 3778 2627 3831 est
2674 3772 2921 3832 bonum
2968 3774 3343 3848 exemplum
3377 3771 3648 3847 genitri-

568 3877 669 3938 cis
701 3875 842 3952 Dei,
879 3875 1039 3939 Iesu
1072 3877 1462 3954 Salvatoris,
1498 3877 1585 3938 ibi
1622 3878 1686 3936 in
1719 3876 1961 3952 gaudio
1996 3893 2210 3937 novae
2245 3877 2513 3937 sobolis

668 3981 936 4043 Vocatus
970 3989 1065 4042 est
1115 3990 1338 4042 autem
1375 3998 1496 4058 per
1543 3982 1784 4042 bonam
1835 3982 2270 4042 intentionem
2303 3987 2366 4041 et
2404 3982 2618 4056 JesuS,
2671 3981 2753 4042 ad
2789 3981 3110 4042 auxilium
3145 3997 3266 4058 per
3311 3982 3448 4040 vim
3479 3980 3655 4040 Divi·-

577 4086 836 4160 nitatiS,
887 4093 963 4147 ut
995 4085 1238 4147 bonum
1289 4103 1457 4163 opus
1491 4086 1900 4162 perficiatur,
1937 4092 2000 4145 et
2035 4086 2354 4163 discipuli
2388 4082 2558 4159 ejus,
2612 4086 2677 4145 id
2710 4091 2814 4146 est
2838 4086 3127 4160 vestigia
3173 4085 3255 4144 de
3301 4085 3413 4144 illo
3464 4084 3660 4143 semi·-

567 4192 748 4265 nata,
798 4189 886 4250 ad
931 4193 1223 4268 nuptias,
1260 4191 1374 4251 ubi
1423 4190 1620 4250 homo
1655 4206 1726 4250 se
1775 4192 2218 4266 recognoscit.
2270 4192 2353 4251 Et
2403 4191 2745 4270 deficiente
2798 4190 2865 4248 in
2899 4189 3164 4249 homine
3211 4191 3385 4262 vin0,
3439 4189 3505 4249 id
3552 4189 3655 4248 est

570 4295 821 4355 virtute
865 4293 1318 4370 perfectionis,
1371 4297 1528 4356 dicit
1582 4296 1646 4355 in
1702 4296 2101 4371 requirendo
2149 4306 2365 4355 mater
2416 4292 2706 4372 (scilicet
2753 4294 2924 4354 bona
2972 4294 3302 4371 exempla)
3355 4294 3516 4354 Jesu
3576 4293 3659 4352 ad

571 4418 754 4459 eum:
799 4399 1060 4474 Vinum,
1097 4400 1162 4459 id
1187 4405 1301 4474 est
1332 4401 1648 4460 virtutem
1684 4398 2117 4475 perfectionis
2150 4417 2282 4460 non
2314 4398 2573 4473 habent,
2611 4399 2742 4457 nisi
2777 4404 2849 4457 tu
2880 4398 3058 4458 Deus
3101 4398 3368 4457 dederis
3401 4398 3524 4457 eis,

666 4503 968 4569 Ewdiaeit
1004 4506 1099 4564 eis
1145 4504 1316 4564 bono
1365 4504 1667 4579 exemplo
1717 4504 1934 4564 Jesus:
1991 4505 2164 4577 Quid
2210 4506 2376 4564 mihi
2412 4503 2477 4563 in
2524 4503 2765 4577 dand0,
2816 4508 2877 4562 et
2914 4502 3032 4562 tibi
3073 4510 3169 4562 est
3221 4499 3657 4579 requirendo?

576 4607 755 4685 quod
804 4606 1069 4667 dicitur:
1119 4623 1242 4683 ego
1277 4607 1448 4668 dabo
1496 4615 1564 4669 et
1595 4615 1668 4668 tu
1717 4610 2046 4685 requireS,
2097 4609 2365 4683 mulier,
2416 4607 2675 4668 scilicet
2708 4623 2888 4682 car03
2924 4608 3223 4668 nondum
3267 4609 3450 4667 venit
3500 4609 3660 4667 hora

574 4732 746 4788 mea,
787 4712 851 4771 id
883 4713 989 4771 est
1035 4710 1490 4788 perfectioniS,
1538 4718 1616 4772 ut
1649 4712 1929 4788 perfecti
1977 4729 2127 4773 esse
2159 4714 2458 4788 possitis,
2496 4715 2851 4787 antequam
2890 4712 2956 4771 in
3003 4712 3401 4772 aeternitate
3435 4724 3664 4786 perve-

577 4818 802 4880 niatiS.

670 4923 843 4984 Dicit
878 4921 1289 4981 consiliando
1324 4928 1536 4981 mater
1584 4919 1726 4995 ejus
1757 4923 2111 4995 ministri-5,
2150 4920 2214 4980 id
2250 4926 2352 4980 est
2385 4920 2772 4980 virtutibus:
2814 4919 3275 4997 Quodcumque
3321 4918 3389 4977 in
3421 4916 3664 4976 divinis

575 5026 998 5104 jussionibus
1029 5026 1286 5086 dixerit
1313 5024 1504 5101 vobis,
1538 5027 1761 5103 facile.
1798 5023 2067 5084 Scilicet
2101 5025 2370 5099 implete
2404 5029 2762 5101 praecepta
2794 5039 2968 5101 quae
3008 5022 3202 5083 vobis
3233 5021 3391 5081 data
3424 5025 3596 5080 sunt.

674 5130 878 5190 Erant
914 5136 1135 5189 (netem
1162 5130 1247 5189 ibi
1284 5131 1348 5189 in
1383 5129 1621 5205 gaudio
1658 5144 1866 5188 novae
1903 5128 2153 5188 sobolis
2189 5128 2488 5204 lapideae
2523 5128 2821 5205 hydriae,
2861 5127 3119 5186 scilicet
3151 5124 3401 5184 duritia
3435 5124 3502 5183 in
3538 5121 3665 5182 for-
