4036 6117
652 457 744 522 44
1801 474 1854 522 s.
1906 470 2440 524 nlcnncanms

592 594 860 672 habeat,
898 592 1229 673 quatenus
1263 611 1415 658 eum
1452 595 1691 671 salvet,
1728 603 1796 656 et
1827 598 2032 657 etiam
2068 598 2334 659 studeat
2366 598 2733 675 promereri
2768 603 2839 657 ut
2867 599 3191 674 salvetur,
3220 603 3289 659 et
3314 591 3441 659 hoc
3473 595 3538 660 in
3573 593 3723 660 fide

597 702 825 777 faciat,
879 704 945 761 in
980 718 1109 778 qua
1162 702 1492 777 sapientia
1541 702 1931 778 completur.
1970 702 2184 761 Homo
2217 704 2394 761 enim
2431 704 2495 762 in
2527 704 2825 779 peccatis
2875 709 3223 764 tortuosus
3271 706 3397 778 est,
3434 711 3502 764 et
3549 705 3724 765 ideo

594 820 749 865 cum
785 806 1115 882 sapientia
1148 811 1416 880 tractet,
1455 806 1786 881 quomodo
1822 811 2096 881 peccata
2129 806 2210 865 dc
2246 822 2320 865 se
2351 807 2684 883 projiciat,
2723 812 2790 865 et
2823 806 3155 882 quomodo
3199 807 3720 869 tortuositatem

594 911 939 985 vitiorum,
976 928 1178 987 quarn
1215 912 1280 970 in
1315 912 1489 986 visu,
1527 910 1781 983 auditu,
1820 917 2044 986 gustu,
2084 911 2366 971 odoratu
2399 917 2466 970 et
2501 917 2684 971 tactu
2718 911 2941 986 habet,
2975 911 3060 970 de
3090 928 3164 971 se
3198 910 3479 986 auferat3
3517 912 3724 971 velut

598 1014 787 1075 faber
825 1012 1074 1076 formas
1111 1032 1269 1075 suas
1313 1016 1524 1086 limat,
1565 1020 1636 1074 ut
1667 1031 1783 1075 eas
1819 1017 1885 1075 in
1919 1021 2101 1075 recta
2138 1022 2360 1075 statua
2393 1015 2712 1092 pulchras
2750 1015 2969 1076 faciat.
3006 1015 3058 1074 O
3092 1031 3292 1091 quam
3327 1030 3566 1089 magna
3603 1029 3723 1073 sa-

599 1121 854 1196 pientia
902 1126 1029 1195 est,
1068 1120 1243 1197 quod
1294 1120 1490 1179 homo
1525 1136 1644 1196 per
1692 1122 2002 1179 timorem
2039 1121 2408 1196 sapientiae
2458 1121 2690 1195 incipit
2724 1125 2956 1178 contra
3004 1119 3228 1179 carnis
3258 1118 3411 1194 jura
3456 1117 3716 1192 facere;

597 1219 693 1283 ita
726 1224 903 1300 quod
951 1239 1027 1282 ea
1063 1230 1337 1300 peccata
1384 1223 1663 1282 dimittit
1697 1239 1866 1299 quae
1919 1222 2138 1281 facere
2171 1224 2426 1299 posset!
2468 1223 2546 1282 Et
2581 1224 2679 1282 sic
2713 1238 2866 1282 cum
2900 1222 3217 1298 operibus
3262 1222 3412 1280 istis
3445 1232 3569 1295 per
3600 1234 3725 1279 sa-

600 1328 924 1403 pientiam
974 1328 1177 1387 timor
1222 1327 1482 1386 Domini
1534 1328 1600 1386 in
1648 1326 1773 1385 fide
1812 1333 2200 1387 sanctorum
2233 1333 2590 1385 concretus
2624 1333 2750 1400 est3
2789 1328 2964 1385 sicut
2997 1326 3203 1384 etiam
3237 1325 3304 1382 in
3333 1328 3488 1383 ortu
3520 1334 3726 1382 crea-

602 1438 907 1492 turarum
945 1434 1275 1509 sapientia
1308 1434 1530 1492 omnia
1564 1450 1765 1509 opera
1801 1450 1923 1492 sua
1958 1434 2124 1492 bene
2158 1434 2539 1509 complevit.
2569 1432 2693 1491 Sed
2720 1439 2785 1492 et
2822 1433 2965 1509 ipse
2997 1449 3150 1492 cum
3184 1432 3422 1491 electis
3454 1431 3522 1490 in
3557 1446 3726 1491 san-

599 1537 835 1596 ctitate
873 1536 1135 1596 feminis
1172 1536 1453 1609 habitat,
1490 1538 1805 1613 quoniam
1831 1536 2007 1595 Deus
2038 1537 2352 1596 feminam
2378 1538 2472 1596 ita
2497 1537 2871 1610 constituit,
2902 1540 2975 1595 ut
3004 1536 3314 1595 timorem
3341 1534 3422 1593 ad
3451 1534 3717 1609 ipsum,

600 1640 914 1700 timorem
947 1642 1151 1701 etiam
1186 1642 1268 1701 ad
1303 1643 1521 1701 virum
1559 1658 1754 1701 suum
1792 1642 2055 1701 habeat.
2091 1642 2271 1701 Unde
2300 1642 2558 1717 Justum
2591 1648 2697 1701 est
2731 1642 2909 1718 quod
2945 1641 3186 1701 mulier
3227 1655 3495 1716 semper
3530 1641 3725 1699 timi-

577 1736 681 1805 ‘da
738 1746 848 1805 sit.
901 1745 1054 1821 Ipsa
1102 1747 1279 1805 enim
1328 1746 1521 1822 quasi
1569 1746 1811 1805 domus
1860 1748 2232 1823 sapientiae
2280 1754 2408 1821 est,
2447 1747 2763 1823 quoniam
2799 1748 3149 1807 terrestria
3182 1751 3249 1805 et
3283 1745 3608 1805 coelestia
3646 1746 3721 1805 in

590 1849 743 1927 ipsa
779 1851 1237 1928 perficiuntur.
1282 1854 1447 1912 Nam
1483 1854 1549 1913 in
1583 1854 1795 1913 altera
1828 1861 2020 1930 parte
2056 1854 2253 1913 homo
2288 1871 2409 1931 per
2441 1871 2590 1913 eam
2624 1855 2949 1931 procedit,
2988 1855 3056 1913 in
3091 1854 3302 1913 altera
3337 1858 3565 1912 autem
3599 1851 3729 1912 bo-

600 1970 688 2015 na
738 1972 940 2033 opera
984 1973 1135 2016 cum
1167 1959 1569 2018 verecundia
1603 1960 1945 2019 castitatis
1979 1959 2045 2018 in
2080 1960 2226 2035 ipsa
2259 1965 2602 2035 apparent.
2638 1959 2825 2031 Quod
2860 1960 2919 2018 si
2953 1960 3264 2019 timorem
3298 1975 3428 2018 non
3462 1956 3730 2018 habue-

605 2064 716 2139 rit,
754 2065 1225 2124 verecundiam
1260 2067 1597 2126 castitatis
1632 2067 1851 2125 colere
1885 2083 2015 2125 non
2048 2063 2319 2141 poterit,
2349 2067 2528 2142 quia,
2560 2062 2734 2125 sicut
2765 2059 2810 2144 ¹)
2847 2066 3193 2141 vipereum
3226 2080 3463 2140 genuS‚
3491 2063 3726 2123 omnia

610 2184 783 2248 quae
832 2176 1085 2247 potest,
1139 2172 1611 2232 transmordet.
1665 2172 2004 2231 Timorata
2056 2176 2280 2231 autem
2329 2172 2571 2231 mulier
2618 2182 2848 2231 omnes
2896 2170 3170 2229 divitias
3203 2169 3532 2229 bonorum
3565 2180 3732 2244 ope·-

601 2290 750 2336 rum
800 2282 1321 2352 sanctarumque
1369 2277 1698 2335 virtutum
1748 2276 1813 2334 in
1863 2276 2083 2334 sinum
2134 2292 2330 2335 suum
2381 2276 2660 2351 colligit,
2710 2291 2833 2334 nec
2881 2288 3176 2351 unquam
3214 2279 3463 2347 cessat,
3500 2270 3721 2333 donec

609 2383 900 2459 plurima
949 2381 1122 2441 bona
1173 2382 1524 2457 compleat.
1576 2379 1681 2439 Sic
1725 2380 1928 2439 timor
1959 2380 2223 2440 Domini
2257 2397 2408 2439 cum
2442 2382 2676 2440 electis
2714 2380 3002 2454 feminiS,
3046 2395 3219 2455 quae
3255 2379 3319 2438 in
3354 2374 3727 2437 sanctitate

612 2489 681 2542 et
725 2483 991 2559 justitia
1039 2483 1292 2540 electae
1342 2489 1519 2557 sunt,
1574 2498 1725 2541 esse
1775 2482 2095 2556 creditur,
2143 2483 2256 2542 ubi
2291 2483 2578 2542 virtute-s
2614 2485 2678 2542 in
2715 2484 2880 2559 ipsis
2914 2487 3304 2558 operantur,
3336 2486 3402 2540 et
3436 2495 3590 2539 cum
3620 2478 3736 2554 ju-

616 2588 766 2661 stiS,
817 2587 930 2663 qui
966 2587 1182 2661 legem
1214 2593 1281 2645 et
1312 2576 1668 2663 praecept'a
1700 2586 1817 2647 Dei
1854 2588 1920 2646 in
1954 2587 2265 2647 omnibus
2300 2589 2656 2664 complent,
2694 2594 2762 2647 et
2795 2603 2945 2646 cum
2979 2588 3288 2647 fidelibus
3321 2586 3435 2663 qui
3470 2600 3735 2661 corpus

618 2705 815 2748 suum
863 2695 931 2748 et
965 2689 1308 2748 saeculum
1343 2696 1618 2766 propter
1649 2689 1857 2749 Deum
1894 2692 2302 2766 relinquunt,
2344 2692 2409 2749 in
2442 2692 2702 2765 magnis
2739 2691 3085 2749 miraculis
3119 2689 3531 2765 agnoscitur,
3568 2702 3731 2747 cum

615 2794 789 2854 bona
822 2799 891 2853 et
922 2801 1156 2854 sancta
1189 2811 1391 2870 opera
1424 2811 1656 2853 eorum
1691 2795 1756 2853 in
1792 2800 1931 2855 toto
1972 2796 2244 2870 mundo,
2279 2797 2465 2855 velut
2500 2797 2626 2871 sol,
2668 2796 3039 2855 fulminant.
3075 2795 3256 2855 Haec
3289 2799 3514 2854 autem
3545 2792 3731 2853 bona

621 2897 765 2955 sine
816 2898 1056 2956 timore
1104 2897 1366 2956 Domini
1414 2897 1557 2956 fieri
1606 2915 1737 2957 non
1778 2904 2087 2974 possunt,
2123 2898 2240 2958 sed
2273 2915 2394 2975 per
2425 2916 2578 2958 eum
2611 2899 2896 2959 fideliter
2928 2899 3366 2975 complentur.
3403 2896 3524 2957 His
3555 2910 3731 2956 vero

618 2996 936 3075 operibus
984 2999 1250 3060 timoris
1302 3000 1561 3060 Domini
1611 3018 1801 3061 amor
1842 3003 2096 3063 saeculi
2128 3008 2334 3064 caret.
2371 3003 2550 3064 Haec
2584 3009 2807 3064 autem
2840 3003 2922 3063 de
2954 3001 3436 3080 poenitentium
3470 3001 3737 3060 anima·-

615 3107 742 3165 bus
790 3106 1156 3182 purgandis
1204 3112 1272 3165 et
1313 3106 1654 3166 salvandis
1687 3107 1867 3167 dicta
1902 3113 2081 3182 sunt,
2118 3114 2185 3167 et
2217 3109 2437 3169 fidelia
2473 3115 2653 3183 sunt;
2687 3116 2756 3169 et
2788 3108 3007 3169 fidelis
3039 3107 3150 3167 his
3179 3106 3505 3181 attendat,
3539 3111 3611 3166 et
3641 3120 3733 3166 et

611 3212 677 3269 in
711 3210 1103 3270 memoriam
1135 3210 1348 3270 bonae
1382 3210 1704 3270 scientiae
1738 3217 2119 3287 componat.

2004 3417 2333 3483 LXXXIII.

1817 3630 2042 3692 Poena
2079 3633 2555 3710 petulantium.

712 3832 820 3897 97.
870 3837 1118 3896 Deinde
1150 3836 1321 3895 alios
1354 3836 1696 3912 praefatae
1731 3838 2180 3899 multitudinis
2216 3840 2497 3914 spiritus
2531 3841 2692 3915 vidi,
2730 3841 2844 3917 qui
2880 3856 3118 3916 magno
3152 3841 3445 3901 clamore
3479 3836 3730 3902 saltan-

627 3946 716 4004 tis
766 3943 971 4003 animi
1020 3940 1423 4016 clamabant,
1475 3942 1652 4018 quod
1688 3943 1953 4003 Lucifer
1985 3944 2228 4019 dignus
2264 3944 2515 4004 honore
2549 3945 2663 4004 illo
2692 3951 2875 4004 esset
2908 3961 3106 4021 quem
3141 3945 3270 4005 sibi
3306 3951 3732 4021 usurpasset.

624 4047 708 4107 Hi
742 4052 965 4106 autem
1000 4045 1082 4105 ad
1117 4045 1557 4121 petulantiam
1591 4048 1832 4106 mentis
1868 4047 2173 4107 homines
2209 4049 2595 4124 specialiter
2627 4049 2899 4123 ducunt,
2937 4054 3005 4107 et
3037 4055 3111 4108 ut
3143 4049 3585 4124 petulantiam
3619 4067 3737 4128 ap-

626 4152 1064 4230 prehendant,
1116 4149 1573 4211 exhortantur.
1623 4151 1704 4211 Et
1751 4169 2067 4228 magnum
2101 4169 2179 4212 ac
2214 4153 2656 4213 rubicundum
2693 4154 2911 4228 ignem
2943 4153 3105 4228 vidi,
3143 4154 3257 4230 qui
3291 4158 3478 4214 tanta
3511 4153 3739 4214 densi-

633 4265 772 4319 tate
818 4255 869 4333 2)
921 4256 1486 4332 circumdabatur,
1539 4259 1713 4334 quod
1764 4259 2070 4320 flammae
2125 4260 2272 4335 ejus
2314 4276 2435 4335 pro
2469 4260 2803 4320 densitate
2834 4258 3134 4335 ejusdem
3169 4262 3348 4321 aeris
3379 4273 3737 4337 erumpere

631 4383 764 4426 non
809 4365 1144 4425 valebant.
1186 4364 1266 4422 Et
1300 4364 1364 4423 in
1402 4364 1552 4440 igne
1587 4364 1717 4424 isto
1752 4365 2025 4441 plurimi
2059 4371 2127 4425 et
2160 4365 2336 4441 ignei
2369 4365 2722 4426 vermiculi
2756 4370 2970 4440 erant,
3007 4363 3123 4442 qui
3156 4365 3224 4425 i'n
3256 4379 3335 4425 eo
3370 4365 3736 4425 maximum

627 4471 984 4546 strepitum
1031 4475 1099 4529 et
1149 4484 1312 4528 sono
1359 4474 1426 4528 et
1477 4474 1659 4528 motu
1711 4486 1833 4529 suo
1886 4468 2240 4530 faciebant.
2278 4469 2554 4530 Animae
2591 4476 2813 4531 autern
2849 4481 3021 4548 quae
3056 4469 3123 4529 in
3155 4467 3553 4545 corporibus
3586 4468 3735 4529 suis

634 4575 699 4633 in
747 4572 1117 4650 petulantia
1165 4577 1629 4648 peccaverant,
1684 4573 1749 4631 in
1797 4572 1923 4632 hoc
1971 4573 2299 4632 acerrimo
2353 4573 2501 4649 igne
2543 4574 3050 4650 torquebantur,
3088 4573 3181 4633 ita
3215 4571 3392 4649 quod
3425 4572 3629 4631 etiam
3662 4571 3733 4632 in

629 4691 708 4735 eo
760 4675 1170 4751 spiraculum
1217 4675 1329 4733 vix
1378 4673 1625 4734 habere
1672 4680 1986 4751 poterunt
2030 4668 2106 4755 ⁸),
2159 4673 2474 4753 quoniam
2526 4677 2699 4737 idem
2750 4677 2923 4753 ignis
2972 4679 3158 4737 tanta
3188 4675 3522 4736 densitate
3555 4676 3737 4735 aeris

633 4778 1179 4852 concludebatur,
1231 4778 1409 4855 quod
1458 4780 1714 4839 nullum
1760 4781 2013 4840 aditum
2051 4783 2370 4857 spiraculi
2410 4782 2717 4857 habebat3
2755 4788 2823 4843 et
2853 4782 3057 4842 etiam
3091 4781 3174 4841 ab
3207 4780 3460 4840 eisdem
3494 4779 3738 4840 vermi-

636 4883 809 4943 culis
836 4884 1047 4942 latera
1073 4891 1140 4944 et
1165 4885 1368 4961 pedes
1395 4900 1624 4944 eorum
1660 4885 2022 4962 plurimum
2061 4886 2533 4961 fatigabantur.
2563 4886 2725 4946 Nam
2754 4885 2933 4963 quia,
2961 4884 3118 4944 dum
3154 4884 3220 4943 in
3256 4883 3524 4943 saeculo
3547 4883 3740 4950 ‚vixe—

711 5143 752 5208 ί)
782 5143 1065 5198 secundnm
1097 5139 1160 5195 A.
1222 5171 1259 5177 -
1285 5140 1329 5202 ²)
1360 5145 1465 5192 tam
1494 5140 1650 5193 den-so
1677 5155 1801 5192 aere
1825 5131 1889 5191 Α.
1924 5169 1981 5175 -
2016 5137 2059 5200 ³)
2087 5143 2375 5209 potuerant.
2400 5136 2465 5192 A.
