4036 6117
1366 488 1795 538 EXPOTITIO
1844 488 2500 538 EVANGEmoRum.
3266 477 3397 539 3⁶27

394 609 549 672 aliis
602 613 966 672 virtutibus
1002 615 1444 686 contulerant,
1498 633 1642 673 cum
1679 615 1993 673 vidissent
2034 616 2099 673 in
2140 615 2333 674 oculo
2368 616 2579 674 bonae
2613 614 2979 674 voluntatis
3026 618 3196 693 quod
3227 619 3479 694 fecerat

401 718 467 775 in
503 717 662 790 illis,
703 719 815 792 qui
869 733 1016 775 cum
1057 723 1197 777 toto
1233 719 1470 777 annisu
1508 732 1626 792 per
1662 716 2067 775 fortissimas
2123 716 2413 775 virtutes
2464 717 2832 792 imitantur,
2884 721 3167 795 signium,
3221 720 3481 780 scilicet

392 835 509 878 eos
549 820 639 877 ita
691 820 816 879 sub
850 825 1184 894 potestate
1233 837 1356 879 sua
1391 820 1770 888 continens,
1824 835 1903 877 ne
1937 835 2056 892 per
2103 818 2680 893 intemperantiam
2720 820 2798 878 ad
2836 822 3158 896 proclivia
3191 824 3480 885 declina-

395 932 564 995 rent,
604 925 907 985 dicebant
944 928 1008 985 in
1045 928 1340 1002 suspirio
1375 934 1442 987 et
1491 927 1742 1000 gemitu
1777 925 2080 984 cordium
2131 941 2424 985 suorum.
2475 928 2643 999 Quia
2688 930 2792 987 hic
2825 934 2917 985 est
2956 948 3104 988 vere
3132 935 3474 1009 propheta,

393 1030 614 1088 sciens
649 1031 871 1088 omnia
920 1046 1090 1105 quae
1124 1032 1509 1090 necessaria
1560 1038 1716 1090 sunt
1750 1029 1828 1089 ad
1881 1029 2166 1095 salutem
2200 1031 2576 1089 animarum
2613 1030 2976 1105 hominum,
3015 1036 3128 1109 qui
3160 1044 3480 1098 venturus

391 1143 511 1210 est,
549 1137 615 1196 in
651 1138 839 1197 initio
875 1137 1054 1211 boni,
1092 1155 1244 1198 cum
1278 1138 1474 1198 homo
1511 1139 1796 1213 primum
1837 1135 2069 1209 incipit
2101 1134 2347 1194 bonum
2385 1136 2670 1209 operari,
2706 1141 2772 1193 et
2808 1136 2871 1195 in
2906 1141 3478 1202 consummatione

393 1242 561 1317 ejuS,
600 1259 751 1301 cum
789 1244 950 1303 illud
1000 1245 1080 1304 ad
1132 1245 1377 1305 honum
1412 1246 1607 1305 finem
1642 1244 1967 1320 perducit,
2024 1243 2115 1301 ita
2158 1248 2232 1302 ut
2279 1243 2426 1302 laus
2460 1249 2526 1300 et
2575 1243 2945 1317 gratiarum
2982 1247 3156 1306 actio
3207 1248 3357 1308 inde
3391 1251 3473 1310 ad

395 1325 600 1405 Deum
635 1363 754 1421 per
789 1347 1091 1407 homines
1125 1348 1528 1424 proseratur,
1566 1350 1636 1406 in
1670 1348 2021 1419 mundum,
2059 1346 2318 1404 scilicet
2350 1346 2523 1406 inter
2558 1346 2857 1406 homines
2893 1352 3333 1412 saeculorum.

396 1699 749 1757 'l'rithemius
788 1701 935 1757 haud
967 1702 1256 1775 pauciores
1280 1716 1449 1773 quam
1479 1708 1606 1758 octo
1645 1708 1702 1757 et
1728 1701 2014 1770 octoginta
2054 1701 2419 1770 Hildegardis
2456 1701 2724 1757 homilias
2764 1702 2822 1757 in
2862 1703 3164 1773 Evangelia
3201 1715 3474 1774 recenset,

468 1802 610 1856 quas
634 1786 703 1842 de
730 1803 884 1843 more
910 1806 1012 1844 suo
1039 1805 1151 1844 non
1180 1789 1521 1851 numeravit,
1564 1788 1677 1843 nisi
1705 1793 2000 1860 postquam
2028 1802 2225 1843 omnes
2251 1788 2357 1842 sub
2384 1787 2565 1842 oculis
2590 1788 2854 1844 habuerit
2893 1795 2951 1845 et
2986 1790 3291 1861 diligenter
3329 1799 3476 1853 evol·

471 1872 634 1928 verit.
677 1873 792 1928 Vix
819 1873 999 1943 igitur
1039 1874 1206 1929 tertia
1232 1891 1360 1947 pars
1397 1875 1466 1929 ad
1494 1891 1594 1929 nos
1632 1890 1810 1943 usque
1836 1872 2179 1945 pervenerit,
2218 1888 2402 1942 neque
2427 1874 2571 1927 ullas
2610 1873 2778 1928 ullibi
2819 1875 2992 1931 latere
3018 1878 3152 1935 scio,
3194 1882 3472 1940 Damnum

471 1962 734 2017 nonnihil
763 1964 1081 2027 sustulerit,
1111 1964 1158 2019 si
1184 1963 1316 2034 quis
1341 1962 1760 2019 existimaverit
1778 1961 2096 2016 Trithemio
2121 1966 2204 2015 tot
2232 1959 2405 2016 fuisse
2426 1960 2714 2024 homiliaS,
2736 1968 2875 2032 quot
2901 1969 3035 2019 sunt
3058 1964 3116 2019 in
3146 1965 3291 2022 idem
3315 1985 3479 2026 evan-

471 2048 681 2119 gelium
712 2048 896 2104 variae
920 2048 1319 2120 expositiones:
1352 2064 1465 2118 quo
1493 2048 1723 2118 quidem
1750 2049 1968 2104 calculo
2005 2054 2251 2119 recepte,
2286 2046 2398 2102 t'ere
2426 2047 2485 2102 in
2510 2046 2896 2118 superioribus
2924 2050 3143 2119 paginis
3171 2053 3279 2109 tibi
3306 2061 3477 2112 erunt

475 2134 764 2203 sexaginta
801 2134 1222 2197 commentarii,
1249 2139 1581 2203 argumento
1608 2139 1759 2190 certe
1784 2134 2047 2189 distincti
2075 2137 2132 2189 et
2156 2132 2548 2189 diversissimi.
2573 2163 2639 2172 —
2658 2133 2743 2188 Ad
2765 2136 3095 2191 methodum
3124 2139 3359 2210 hujusce
3385 2160 3477 2198 ex-

474 2224 774 2297 positionis
798 2225 949 2296 quod
985 2223 1217 2288 attinet,
1245 2224 1292 2279 si
1320 2224 1448 2294 quis
1475 2240 1604 2295 prae
1632 2222 1814 2278 oculis
1840 2223 2034 2285 habet,
2063 2227 2160 2277 aut
2187 2238 2436 2292 unquam
2462 2237 2635 2277 manu
2664 2223 2827 2279 trivit
2854 2225 3153 2282 walafridi
3180 2229 3477 2287 Strabonis

479 2311 720 2367 Glossam
755 2324 925 2378 quam
950 2310 1152 2365 dicunt
1187 2311 1553 2371 ordinariam,
1580 2307 1866 2378 exemplar
1892 2307 2092 2377 utique
2118 2306 2469 2363 considerare
2494 2324 2666 2380 penes
2694 2308 2854 2363 illum
2896 2310 3028 2372 erit.
3055 2313 3200 2381 quod
3229 2313 3338 2369 nisi
3378 2316 3477 2372 sal-

479 2399 583 2460 lor,
609 2396 772 2452 docta
810 2394 1176 2464 Hildegardis
1203 2409 1316 2449 non
1353 2392 1686 2462 neglexerit.
1714 2390 2012 2446 ordinaria
2054 2404 2185 2446 sane
2225 2392 2603 2463 solemnisque
2639 2399 2760 2448 erat
2788 2394 2847 2450 in
2885 2398 3244 2455 monasteriis
3277 2401 3476 2458 Glossa

474 2482 866 2543 Straboniana,
892 2495 1074 2550 neque
1111 2478 1403 2551 peregrina
1432 2477 1544 2532 suit
1568 2476 1856 2534 Rhenanis
1893 2472 2262 2540 monialibus,
2288 2491 2465 2548 quum
2494 2479 2738 2535 maxime
2778 2479 2838 2535 in
2866 2479 2957 2536 his
2983 2482 3312 2551 regionibus
3347 2503 3476 2544 eru-

476 2574 660 2628 ditum
689 2578 746 2629 et
765 2571 1042 2629 eximium
1065 2566 1366 2625 walafridi
1393 2582 1533 2638 opus
1554 2566 1752 2621 multis
1776 2571 1834 2621 et
1857 2563 2011 2619 tritis
2033 2565 2282 2622 abundet
2306 2568 2742 2640 exemplaribus,
2766 2585 2914 2641 quae
2940 2571 3123 2628 adhuc
3148 2578 3473 2644 supersunt,

473 2665 597 2733 post
617 2660 894 2717 bellorum
919 2657 1368 2730 germanicorum
1393 2654 1635 2717 excidia,
1668 2658 1958 2724 tantopere
1987 2652 2153 2709 libris
2179 2660 2234 2710 et
2261 2654 2626 2713 bibliothecis
2654 2657 2878 2716 infesta.
