4036 6117
565 456 568 459 ⁴
633 448 764 508 126
1784 467 1836 510 s,
1887 465 2428 515 HILDEGARDIS

562 588 931 656 speranteS,
971 582 1084 643 sed
1119 584 1379 643 tantum
1412 598 1717 659 quaeque
1753 586 1931 644 mala
1962 588 2031 647 et
2064 586 2350 646 adversa
2384 587 2452 646 in
2485 587 2801 647 cordibus
2836 587 2979 647 suis
3015 587 3145 648 sibi
3179 585 3667 647 miserabiliter

564 687 1088 746 accumulantes.
1124 687 1245 758 Qui
1284 687 1350 745 in
1382 688 1720 762 praefatas
1754 689 2066 749 tenebras
2100 693 2444 764 corruunt,
2496 692 2564 750 et
2612 691 2893 750 multum
2948 690 3280 767 fragorem
3331 693 3398 749 in
3428 691 3525 749 eis
3565 688 3669 747 fa·—

565 790 767 865 ciunt,
806 792 1122 867 quoniam
1157 807 1306 851 cum
1343 791 1722 866 desperatio
1761 793 2063 852 homines
2099 795 2264 854 istos
2313 796 2378 853 in
2411 795 2854 868 perditionem
2887 795 3117 869 trahit,
3151 796 3476 871 plurimas
3513 795 3671 854 illu-

567 892 786 951 siones
820 898 886 951 et
921 894 1249 954 stridores
1283 911 1647 969 poenarum
1680 902 1747 954 et
1780 896 2269 956 diabolicorum
2302 897 2779 958 cachinnorum
2815 899 2912 958 eis
2948 898 3169 957 insert.
3207 897 3331 957 Sed
3374 900 3443 957 et
3476 899 3660 956 retro

567 1014 737 1073 earn,
777 1000 1035 1060 scilicet
1061 1001 1252 1076 Juxta
1283 1001 1554 1060 dorsum
1592 1001 1761 1076 ejuS,
1799 1018 2000 1061 sonus
2036 1003 2307 1061 maximi
2340 1004 2617 1062 tonitrui
2656 1002 2872 1062 factus
2898 1006 3023 1077 est,
3053 1004 3211 1080 quia
3239 1003 3305 1062 in
3331 1000 3666 1061 contradi-

569 1104 790 1162 ctione
839 1104 977 1178 illa,
1030 1120 1160 1180 qua
1209 1105 1588 1182 desperatio
1636 1105 1843 1164 Deum
1895 1107 2265 1182 postponit,
2333 1107 2428 1166 ita
2474 1106 2650 1182 quod
2701 1109 2764 1166 in
2813 1123 2969 1168 eum
3017 1107 3319 1182 aspicere
3368 1107 3657 1175 recusat,

569 1219 770 1264 casus
804 1206 1004 1280 primi
1037 1207 1270 1282 Angeli
1303 1223 1450 1266 earn
1483 1208 1759 1283 invadit,
1798 1225 1876 1267 ac
1909 1224 2056 1268 eam
2093 1225 2317 1268 secum
2355 1211 2423 1268 in
2457 1211 2718 1269 ruinam
2746 1211 3109 1271 multarum
3143 1209 3565 1268 miseriarum
3595 1210 3665 1266 et

569 1325 934 1384 poenarum
984 1311 1188 1386 ducit,
1240 1313 1553 1388 quoniam
1603 1314 2133 1374 misericordiam
2182 1313 2301 1373 Dei
2348 1330 2482 1375 non
2529 1315 2891 1391 quaesivit,
2940 1314 3096 1374 dum
3148 1314 3330 1373 illam
3365 1311 3665 1372 invenire

567 1414 802 1486 potuit.
837 1414 928 1473 De
962 1417 1207 1490 quibus
1257 1417 1564 1476 omnibus
1598 1417 1715 1477 illa
1745 1418 2088 1493 exterrita,
2141 1418 2349 1478 multo
2399 1419 2654 1494 gemitu
2685 1420 2752 1477 et
2786 1423 3079 1478 tremore
3123 1415 3400 1477 brachia
3435 1432 3556 1474 sua
3590 1420 3658 1472 et

573 1531 810 1576 manus
836 1517 919 1576 ad
945 1525 1181 1593 pectus
1208 1536 1402 1579 suum
1429 1521 1831 1596 comprimit,
1853 1527 1920 1582 et
1946 1538 2016 1581 se
2042 1522 2365 1598 praefatis
2391 1522 2686 1583 tenebris
2711 1524 2921 1583 totam
2945 1521 3306 1596 immergit3
3327 1520 3484 1596 quia
3509 1534 3662 1577 cum

572 1619 874 1680 homines
922 1638 1042 1697 per
1089 1622 1488 1684 diabolicam
1540 1624 1996 1685 seductionem
2044 1626 2113 1686 in
2160 1626 2696 1703 desperationem
2743 1625 3147 1699 ceciderint,
3213 1625 3296 1683 de
3351 1623 3665 1682 omnibus

574 1725 932 1785 transactis
966 1728 1280 1802 operibus
1315 1730 1456 1787 suis
1493 1730 1848 1790 terrentur:
1883 1732 1951 1789 et
1983 1730 2081 1789 sic
2116 1730 2182 1789 in
2215 1730 2468 1805 gemitu
2503 1730 2959 1804 desolationiS,
3006 1735 3074 1789 et
3109 1729 3175 1787 in
3208 1729 3499 1787 tremore
3549 1724 3669 1783 ob-

572 1829 841 1889 livionis
889 1847 1024 1907 qua
1070 1833 1326 1907 seipsos
1360 1835 1686 1908 nesciunt,
1728 1834 2184 1896 fortitudinem
2220 1841 2287 1895 et
2319 1834 2986 1912 comprehensionem
3034 1834 3311 1910 operum
3361 1847 3661 1904 suorum,

570 1947 742 2007 quae
777 1932 860 1990 ad
892 1933 1311 1994 altitudinem
1355 1935 1590 1996 beatae
1626 1937 1768 2012 spei
1801 1937 2177 1997 extendisse
2210 1938 2599 2013 debuerant,
2637 1938 2705 1998 in
2736 1937 3033 1998 dolorem
3065 1936 3281 1996 malae
3316 1933 3662 2006 scientiae,

575 2034 833 2110 absque
880 2037 1062 2095 omni
1110 2040 1565 2110 consolatione
1613 2040 1826 2101 bonae
1860 2042 2202 2117 scientiae,
2254 2047 2531 2118 ponunt;
2567 2047 2636 2102 et
2668 2058 2741 2102 se
2781 2041 3239 2117 nequissimae
3288 2037 3667 2098 infelicitati

575 2142 842 2201 omnino
893 2143 1183 2218 tradunt,
1236 2146 1550 2221 quoniam
1582 2140 1628 2223 ¹)
1682 2146 1763 2207 ad
1797 2148 2083 2223 gloriam
2118 2164 2475 2224 resurgere
2521 2148 2858 2221 nolebant,
2893 2147 3078 2206 velut
3111 2146 3286 2206 idem
3321 2145 3557 2204 vitium
3598 2132 3667 2203 in

574 2248 802 2307 verbis
837 2250 999 2324 suiS,
1054 2256 1126 2310 ut
1174 2251 1634 2326 supradictum
1683 2259 1810 2327 est,
1862 2253 2175 2314 ostendit.
2212 2254 2335 2313 Sed
2386 2270 2542 2330 spes
2589 2254 2691 2313 illi
2725 2252 3102 2329 respondet,
3139 2258 3322 2311 et‘ne
3358 2251 3663 2310 homines

577 2348 676 2409 illi
710 2349 774 2408 in
810 2351 1125 2412 cordibus
1165 2354 1305 2413 suis
1339 2356 1779 2432 consentiant,
1819 2357 2150 2418 admonet.

2032 2566 2217 2628 XLII.

1894 2779 1988 2838 De
2043 2779 2366 2838 Luxuria.

672 2978 778 3040 51.
815 2980 939 3040 Sed
974 2982 1257 3058 septima
1293 2984 1510 3060 imago
1547 2985 1878 3044 luxuriam
1915 2984 2269 3060 significat,
2306 2999 2477 3061 quae
2507 2985 2611 3043 sui
2645 2984 3180 3061 desperationem
3213 2980 3669 3058 subsequitur,

581 3086 737 3161 quia
771 3089 1118 3163 postquam
1155 3088 1456 3148 homines
1491 3089 1571 3149 de
1611 3090 2069 3150 misericordia
2102 3090 2218 3149 Dei
2251 3090 2778 3165 desperaverint,
2826 3090 2919 3150 ita
2951 3090 3127 3166 quod
3176 3090 3427 3149 nullam
3478 3103 3666 3163 spem

581 3187 737 3247 boni
788 3189 869 3248 ad
919 3192 1133 3265 ipsum
1185 3192 1453 3267 habent,
1505 3194 1836 3252 luxuriam
1887 3195 2241 3269 arripiunt,
2297 3194 2363 3253 in
2410 3210 2543 3270 qua
2591 3209 2821 3252 omnes
2853 3195 3235 3269 voluptates
3281 3209 3441 3252 suas
3474 3191 3672 3267 perfi-

581 3292 788 3366 ciunt,
853 3292 1169 3356 facientes
1225 3297 1546 3373 quidquid
1607 3314 1764 3356 caro
1821 3314 2055 3357 eorum
2117 3299 2180 3356 in
2230 3297 2543 3357 sordibus
2593 3298 2734 3357 suis
2783 3298 3178 3373 expostulat.
3238 3298 3417 3369 Quae
3474 3297 3669 3373 quasi

581 3401 862 3461 formam
913 3404 1213 3463 mulieris
1266 3405 1484 3479 habet,
1537 3406 1852 3480 quoniam
1895 3404 2456 3481 quemadmodum
2492 3403 2734 3464 mulier
2780 3405 2863 3463 ad
2895 3403 3289 3479 pariendum
3327 3402 3501 3461 foeta
3534 3404 3665 3474 est,

583 3507 675 3564 ita
723 3506 925 3564 etiam
976 3505 1236 3573 luxuria
1284 3507 1689 3566 desiderium
1738 3514 1804 3567 et
1842 3509 2051 3566 fomes
2099 3508 2355 3582 peccati
2389 3507 2634 3566 existit.
2668 3507 2748 3564 Et
2782 3521 2986 3582 supra
3017 3505 3323 3565 dextrum
3359 3505 3538 3564 latus
3568 3503 3671 3579 ja-

579 3612 706 3682 cet,
759 3610 916 3683 quia
966 3611 1436 3669 rectitudinem
1486 3612 1813 3671 bonorum
1861 3618 1928 3670 et
1976 3616 2318 3671 castorum
2361 3626 2639 3685 operum
2673 3611 2804 3669 sibi
2837 3609 3225 3681 substernit;
3287 3624 3364 3668 ac
3398 3622 3517 3683 per
3550 3623 3670 3667 vo-

584 3713 904 3773 luntatem
955 3714 1175 3772 carnis
1225 3714 1429 3773 Deum
1482 3715 1837 3790 aliquando
1870 3715 2193 3788 nominat,
2246 3717 2313 3774 et
2347 3716 2640 3790 seipsam
2676 3715 2976 3788 excusat,
3026 3715 3094 3773 et
3126 3711 3483 3787 aliquando
3517 3726 3675 3785 poe-

589 3819 939 3880 nitentiam
999 3836 1070 3878 se
1105 3819 1278 3878 velle
1329 3820 1574 3879 habere
1608 3821 1792 3891 dicit,
1845 3835 2046 3896 quarn
2095 3826 2317 3879 tamen
2366 3837 2491 3879 non
2542 3819 2766 3892 habet,
2818 3834 2896 3877 ac
2944 3818 3041 3877 sic
3090 3819 3373 3894 pleniter
3419 3831 3565 3875 cum
3606 3816 3679 3874 fi-

586 3922 782 3982 ducia
831 3928 1079 3996 peccat.
1130 3923 1312 3982 Unde
1360 3939 1559 3982 crura
1607 3940 1728 3982 sua
1776 3923 1857 3982 ad
1908 3939 1982 3982 se
2033 3923 2440 3982 incurvando
2475 3911 2854 3995 contrahit,
2886 3921 3070 3979 velut
3104 3920 3298 3980 homo
3333 3921 3449 3995 qui
3484 3920 3550 3978 in
3585 3920 3677 3977 le-

589 4032 696 4089 cto
748 4045 869 4087 suo
920 4029 1134 4088 otiose.
1183 4028 1564 4101 discumbit,
1618 4028 1934 4104 quoniam
1986 4027 2478 4102 fortitudinem,
2541 4028 2606 4086 in
2655 4043 2787 4103 qua
2836 4026 2916 4086 ad
2965 4026 3173 4086 Deum
3221 4027 3446 4085 erecta
3493 4030 3676 4085 stare

588 4132 882 4207 deberet,
923 4134 986 4192 in
1025 4133 1458 4209 fragilitatem
1506 4135 1726 4193 carnis
1775 4135 2115 4210 prostrata
2164 4135 2584 4206 convertenS,
2633 4137 2700 4191 et
2735 4132 2921 4191 illam
2953 4130 3035 4190 ad
3072 4146 3144 4189 se
3178 4145 3297 4205 per
3348 4129 3679 4190 fortitudi-

591 4251 741 4294 nem
776 4237 1070 4312 turpium
1103 4252 1376 4310 operum
1413 4236 1708 4312 trahenS,
1738 4252 1817 4296 ac
1851 4236 1947 4295 sic
1978 4236 2182 4296 etiam
2219 4236 2283 4294 in
2319 4241 2538 4295 mente
2566 4251 2689 4294 sua
2721 4235 3117 4310 voluptuose
3144 4234 3570 4309 requiescens
3592 4229 3672 4306 ²),

592 4339 659 4397 in
690 4340 1110 4414 voluptuosis
1145 4341 1526 4400 hominibus
1574 4341 1759 4414 dicit,
1811 4341 1988 4417 quod
2022 4356 2062 4400 a
2094 4340 2636 4414 concupiscentia
2686 4338 2909 4397 carnis
2959 4354 3120 4397 suae
3168 4353 3299 4396 non
3326 4336 3564 4396 'valeat
3600 4352 3673 4394 se

520 4482 524 4515 z
593 4443 950 4502 abstinere.
990 4444 1221 4503 Crines
1256 4448 1475 4505 autem
1510 4445 1678 4520 ejuS‚
1710 4451 1781 4504 ut
1808 4445 2112 4504 flammae
2147 4445 2322 4520 ignis
2357 4447 2534 4518 sunt,
2570 4444 2730 4519 quia
2755 4443 3056 4502 homines
3085 4443 3424 4502 luxuriose
3456 4443 3685 4501 viven-

589 4548 714 4620 teS,
752 4547 1072 4631 pudorem
1105 4562 1303 4622 quem
1339 4547 1404 4607 in
1440 4548 1775 4607 mentibus
1811 4549 1954 4607 suis
1988 4547 2072 4607 ad
2122 4548 2502 4608 castitatem
2539 4546 2831 4620 dirigere
2863 4544 3205 4619 deberent,
3260 4545 3326 4602 in
3369 4542 3679 4602 ardorem

590 4648 886 4709 libidinis
937 4650 1229 4725 trahunt,
1281 4667 1359 4710 ac
1409 4651 1711 4711 flammas
1760 4652 2041 4727 pessimi
2089 4652 2378 4711 incendii
2428 4651 2495 4710 in
2530 4666 2602 4709 se
2637 4650 2961 4725 nutriunt,
3014 4664 3135 4725 per
3183 4665 3353 4724 quas
3401 4654 3470 4707 et
3502 4664 3575 4707 se
3608 4652 3679 4709 et

519 4832 520 4837 ἵ
593 4755 761 4814 alios
798 4754 862 4812 in
898 4754 1375 4830 turpitudinem
1409 4756 1796 4816 accendunt.
1832 4756 1910 4817 Et
1943 4757 2121 4815 oculi
2154 4755 2301 4831 ejus
2335 4756 2468 4815 albi
2503 4761 2681 4829 sunt,
2726 4752 3285 4831 quemadmodum
3319 4755 3501 4812 creta
3546 4758 3674 4826 est,

597 4860 914 4934 quoniam
966 4860 1136 4917 idem
1187 4859 1422 4919 vitium
1475 4860 1873 4920 intentiones
1922 4877 2280 4936 pravorum
2334 4859 2676 4919 hominum
2728 4859 2791 4918 in
2826 4858 3232 4918 otiositatem
3279 4875 3407 4917 non
3447 4874 3684 4934 puram

593 4963 894 5038 configit,
924 4980 1004 5022 ne
1032 4964 1281 5039 aliquid
1309 4965 1486 5038 quod
1515 4965 1603 5033 sit
1632 4965 2037 5025 laboriosum
2073 4965 2381 5024 videatur
2403 4957 2452 5043 ³)
2492 4964 2870 5040 inspiciant,
2900 4965 3230 5039 quatenus
3257 4965 3439 5021 tanto
3467 4978 3689 5037 prom-

679 5112 720 5177 ¹)
748 5132 929 5186 quum.
963 5118 1026 5171 Α.
1063 5151 1126 5157 -
1151 5118 1197 5185 2)
1227 5122 1510 5190 requiescit
1538 5120 1627 5174 W.
1665 5151 1722 5158 -
1753 5118 1799 5186 3)
1828 5121 2082 5175 videatur
2107 5116 2174 5180 Α,
2204 5119 2297 5181 W,
2327 5117 2422 5173 sed
2452 5116 2761 5174 tollendum
2791 5115 3037 5179 videtur.
3066 5120 3132 5170 ut
3157 5115 3425 5172 otiosum.
