4036 6117
3237 514 3323 574 59

958 1014 1564 1093 CAPITULA
1625 1012 2232 1092 SECUNDAE
2291 1008 2716 1086 PARTIS

640 1332 741 1389 DE
777 1333 961 1390 VIRO
995 1333 1103 1388 AD
1139 1330 1617 1389 OCCIDENTEM.
1654 1330 1747 1386 ΕΤ
1784 1330 1892 1385 AD
1926 1327 2559 1422 SEPTENTBIONEM.
2596 1323 3044 1382 ASPICIENTE

382 1852 431 1915 1.
482 1853 699 1914 Verba
729 1855 980 1914 ventris
1013 1853 1351 1931 inqluviei.

382 1956 460 2017 11.
501 1959 867 2036 Responsio
900 1957 1360 2019 abstinentiae.

379 2062 492 2123 111.
542 2061 749 2122 Verba
778 2061 1177 2122 acerbitatis.

376 2166 518 2226 1111.
561 2168 979 2243 Responsum
1011 2185 1205 2226 verae
1240 2166 1590 2243 larqitatis.

379 2269 449 2329 V.
498 2268 707 2329 Verba
738 2271 1125 2347 impietatis.

379 2375 479 2436 vl.
518 2375 940 2452 Responsum
966 2375 1258 2451 pietatis.

376 2479 510 2540 VII.
561 2477 765 2537 Verba
792 2477 1126 2554 fallaciae.

374 2584 540 2644 VIII.
583 2586 994 2661 Responsum
1029 2586 1349 2644 veritatis.

372 2687 572 2749 v1111.
618 2688 822 2748 Verba
852 2693 1312 2754 contentionis.

375 2792 445 2854 X.
483 2794 910 2870 Responsum
934 2796 1148 2872 pacis.

370 2893 474 2956 XI.
521 2896 727 2957 Verba
758 2899 1202 2976 infelicitatis.

373 2998 506 3060 XII.
550 3001 965 3079 Responsum
995 3000 1451 3064 beatitudinis.

377 3102 546 3164 XIII.
594 3103 796 3164 Verba
825 3106 1414 3166 immoderationis.

377 3208 576 3269 XIIII.
615 3210 1030 3287 Responsum
1054 3210 1494 3271 discretionis.

374 3313 502 3373 XV.
552 3312 757 3372 Verba
779 3315 1180 3393 perditionis
1212 3316 1614 3375 animarum.

377 3415 539 3478 XVI.
607 3419 1023 3495 Responsum
1085 3419 1463 3479 salvationis
1517 3422 1773 3481 anima-

296 3540 455 3582 rum.

375 3626 569 3687 XVII.
614 3609 817 3686 Verba
847 3628 920 3687 in
953 3631 1181 3706 ruqitu
1215 3630 1444 3690 leonis.

375 3729 597 3790 XVIII.
653 3732 837 3804 Quod
883 3733 1060 3793 Deus
1110 3733 1395 3794 tenebris
1423 3733 1769 3795 diabolica-

297 3852 438 3893 rum
467 3835 881 3895 insidiarum
914 3855 980 3895 se
1012 3854 1379 3914 opponens,
1415 3840 1638 3898 omnia
1669 3840 1771 3897 in-

299 3943 667 3998 strumenta
727 3942 966 3999 veteris
1029 3947 1091 3999 et
1165 3944 1317 4001 novi
1371 3940 1770 4002 Testamenti

294 4043 632 4117 produxit.

378 4146 632 4207 XVIIII.
686 4147 869 4220 Quod
914 4150 988 4208 in
1018 4151 1417 4229 fortitudine
1453 4152 1614 4214 Filii
1649 4155 1771 4215 Dei

299 4258 384 4309 est
426 4254 754 4329 protectio
803 4253 970 4329 illa,
1035 4272 1234 4332 quam
1295 4256 1593 4315 nondum
1640 4259 1769 4319 ulli

302 4359 767 4435 manifestavit.

379 4460 504 4522 XX.
538 4461 725 4534 Quod
748 4464 1069 4538 mysteria
1093 4481 1259 4540 quae
1285 4465 1358 4523 in
1382 4468 1591 4525 veteri
1609 4484 1765 4544 pro-

301 4565 512 4641 phetia
557 4566 780 4624 velata
810 4569 1024 4641 erant,
1057 4584 1241 4627 nunc
1281 4568 1573 4630 doctores
1607 4590 1760 4649 ape-

305 4669 427 4728 rire
474 4670 913 4739 contendunt,
961 4688 1082 4730 nec
1130 4672 1209 4731 de
1243 4675 1359 4734 hoc
1392 4676 1753 4740 cessabunt.

384 4757 538 4819 XXI.
582 4757 660 4819 Ut
696 4765 947 4819 secreta
978 4763 1219 4821 veteris
1252 4769 1315 4822 et
1350 4767 1501 4825 novi
1542 4767 1759 4827 Testa-

306 4865 499 4921 menti
547 4868 1015 4938 exerceantur,
1050 4866 1349 4944 fidelibus
1383 4890 1761 4948 proponan-

311 4969 430 5025 tur.
462 4960 506 5044 ¹)

357 5162 395 5230 Ι)
411 5175 793 5243 proponuntur
817 5167 882 5226 Α.

1983 1847 2173 1910 XXII.
2228 1848 2412 1923 Quod
2456 1850 2780 1926 protectio
2819 1849 3210 1927 prophetiae
3259 1863 3363 1905 ve-

1889 1956 2020 2013 teri
2061 1952 2475 2014 Testamento
2507 1953 2877 2014 insudabat.
2910 1950 2964 2032 ²)

1980 2057 2200 2118 XXIII.
2243 2058 2425 2131 Quod
2457 2060 2530 2117 in
2568 2059 2776 2117 veteri
2806 2058 2973 2135 Leqe
3007 2061 3192 2116 terra
3224 2073 3365 2115 car-

1887 2163 2138 2221 naliter
2186 2159 2717 2241 sanctificabatur
2738 2202 2758 2232 ,
2808 2162 2884 2220 in
2930 2177 3098 2220 nova
3142 2163 3368 2219 autem

1877 2283 2005 2341 per
2040 2264 2294 2324 Filium
2328 2265 2450 2325 Dei
2483 2265 2738 2324 coelum
2771 2262 3278 2343 clarificabatur.

1976 2366 2228 2428 XXIIII.
2284 2369 2467 2441 Quod
2514 2371 2778 2447 antiqui
2817 2372 2891 2430 in
2926 2371 3368 2430 circumcisio-

1883 2494 1968 2534 ne
2016 2473 2392 2534 carnalibus
2441 2473 2922 2545 adhaerebant,
2957 2475 3183 2554 fideles
3216 2493 3367 2534 vero

1879 2582 1952 2640 in
1985 2579 2306 2656 baptismo
2340 2580 2613 2656 spiritui
2656 2579 3061 2639 deserviunt.

1972 2684 2156 2746 XXV.
2194 2686 2449 2748 Paulus
2483 2687 2569 2745 ad
2601 2687 2902 2748 eamdem
2935 2707 3099 2749 rem.

1974 2787 2189 2849 XXVI.
2222 2789 2406 2862 Quod
2436 2791 2857 2850 rationalitas
2883 2792 3201 2852 discernit
3230 2811 3363 2852 om-

1880 2895 1998 2953 nia
2030 2912 2197 2971 quae
2231 2914 2272 2954 a
2305 2895 2438 2955 Deo
2471 2896 2630 2955 data
2662 2901 2839 2956 sunt.

1975 2999 2221 3061 XXVII.
2262 3001 2444 3074 Quod
2480 3003 2553 3062 in
2585 3002 2795 3062 veteri
2823 3003 2991 3079 Le9e
3017 3005 3365 3066 rationali-

1884 3110 1984 3164 tas
2032 3107 2254 3182 viyens
2304 3109 2724 3167 sanctitatem
2770 3108 2843 3167 in
2890 3109 3144 3170 Christo
3172 3112 3363 3188 futu—

1882 3226 2031 3271 ram
2062 3212 2448 3275 declaravit.

1971 3314 2246 3377 XXVIII.
2301 3318 2485 3391 Quod
2531 3320 2953 3380 rationalitas
3018 3323 3231 3383 Deum
3293 3330 3358 3383 et

1876 3421 2211 3480 hominem
2258 3423 2330 3481 in
2379 3422 2551 3482 Fit-lo
2592 3425 2716 3485 Dei
2756 3428 3183 3504 manifestat,
3234 3433 3351 3511 qui

1877 3529 2269 3615 incarnatus
2302 3530 2572 3592 nullum
2597 3531 3075 3596 detrimentum
3102 3536 3359 3599 Divini-

1876 3635 2033 3692 tatis
2069 3636 2398 3706 sentiens,
2426 3638 2500 3696 in
2532 3637 2672 3699 illis
2706 3642 3027 3700 remansit
3059 3645 3175 3719 qui
3200 3661 3354 3702 eum

1867 3757 2041 3816 puro
2075 3742 2267 3801 corde
2300 3743 2688 3818 inspiciunt.

1967 3843 2272 3906 XXVIIII.
2345 3847 2528 3919 Quod
2582 3852 2984 3926 prophetae,
3049 3854 3359 3915 incarna-

1877 3953 2126 4011 tionem
2181 3953 2423 4014 Christi
2468 3954 2647 4014 velut
2696 3957 2770 4014 in
2816 3956 3051 4016 umbra
3089 3962 3353 4035 praevi-

1876 4057 2135 4128 dentes,
2170 4059 2339 4118 nihil
2376 4058 2810 4137 loquebantur
2834 4079 3032 4138 quam
3058 4065 3230 4140 quod
3255 4067 3349 4125 vi-

1878 4159 2116 4220 debant
2152 4166 2214 4221 et
2250 4159 2557 4222 sciebant.
3435 4152 3441 4157 ’

1966 4267 2152 4328 XXX.
2191 4267 2373 4340 Quod
2410 4268 2701 4344 Spiritus
2741 4269 3023 4330 Sanctus
3057 4275 3349 4335 rationa-

1876 4372 2135 4433 litatem
2180 4373 2463 4432 hominis
2496 4373 2594 4433 ita
2618 4374 2954 4450 perfudit,
2996 4378 3169 4454 quod
3194 4398 3350 4456 pro-

1864 4480 2104 4553 phetae
2151 4483 2214 4535 et
2258 4496 2383 4554 per
2427 4479 2774 4552 visionem,
2824 4488 2887 4541 et
2929 4502 3057 4560 per
3089 4490 3353 4564 sapien-

1865 4584 2057 4653 tiam,
2092 4600 2168 4642 ac
2207 4601 2333 4658 per
2379 4584 2748 4658 scientiam,
2798 4589 2989 4662 quasi
3020 4590 3093 4649 in
3127 4589 3354 4652 aliena

1862 4688 2018 4760 vita,
2055 4687 2384 4746 miracula
2417 4687 2541 4747 Dei
2566 4688 3020 4764 protulerunt.

1955 4790 2172 4849 XXXI.
2236 4790 2420 4863 Quod
2479 4793 2900 4852 rationalitas
2950 4797 3023 4855 in
3085 4803 3352 4877 sapien-

1868 4895 1964 4952 tia
2028 4893 2150 4953 Dei
2204 4896 2465 4971 inteqra
2517 4897 2850 4966 consistit,
2909 4905 3206 4975 quamvis
3262 4906 3348 4963 ad

1870 5013 2138 5057 carnem
2173 4999 2433 5072 saepius
2467 4998 2854 5060 inclinetur.

1933 5183 1981 5248 2>
1999 5180 2394 5239 insuwbame
2415 5180 2667 5254 capitulo
2688 5183 2927 5240 obscuro
2949 5182 3023 5243 cf.
3043 5183 3192 5243 infra
3212 5191 3364 5246 n.3¹.
