4036 6117
691 488 822 552 15⁴
1838 501 1888 549 s.
1943 497 2498 551 mantuanum

627 644 656 684 ι
698 623 860 686 mihi
896 619 1161 685 tradere
1195 623 1450 698 volunt,
1490 621 1614 682 hoc
1645 637 1765 697 pro
1814 620 2026 683 nihilo
2075 630 2411 700 computo,
2465 621 2582 682 sed
2632 627 2888 682 tantum
2926 628 2999 681 ut
3042 620 3300 682 modice
3350 623 3718 696 sustenter,

627 749 657 786 »
695 744 967 804 quaero.
1001 727 1080 786 Et
1113 727 1282 787 dico:
1318 726 1454 786 Ista
1489 742 1526 785 a
1565 723 1732 786 facie
1766 723 1884 785 Dei
1918 740 2023 785 me
2059 724 2313 802 fugant,
2351 725 2523 785 unde
2557 725 2751 785 valde
2785 724 3136 801 erubesco,
3171 740 3324 785 cum
3355 725 3533 785 enim
3563 738 3720 800 pec·

619 849 651 889 1
691 837 916 891 catum
948 843 1070 908 per
1116 830 1619 906 suggestionem
1669 845 1773 891 me
1823 832 2043 904 vocat,
2096 830 2225 907 ipsi
2268 831 2393 890 hoc
2429 846 2824 906 responsum
2859 829 2965 890 do:
3002 830 3100 890 Tu
3136 844 3238 889 me
3270 846 3400 889 non
3434 827 3714 903 creasti,

619 953 653 993 ι
689 950 812 995 nec
860 950 965 995 me
1014 953 1053 995 a
1100 936 1276 995 malo
1325 934 1613 995 liberare
1659 940 1876 1009 potes,
1928 937 2342 1010 quapropter
2388 934 2849 1010 deceptionem
2898 939 3085 993 tuam
3131 935 3503 993 contemne.
3545 931 3715 993 Nam

621 1055 655 1097 ι
692 1053 845 1099 cum
881 1039 1074 1114 ignea
1107 1039 1372 1099 flamma
1398 1037 1688 1114 Spiritus
1713 1037 1935 1098 Sancti
1962 1053 2069 1098 me
2095 1037 2410 1112 incendit,
2446 1038 2672 1097 omnia
2704 1037 3038 1097 mundana
3073 1036 3140 1097 in
3174 1052 3280 1097 me
3311 1050 3717 1097 consumun-

619 1160 652 1201 »
691 1148 826 1219 tur,
860 1147 931 1203 et
962 1143 1061 1202 sic
1095 1143 1161 1203 in
1195 1157 1484 1219 superno
1517 1156 1722 1201 curru
1753 1142 1978 1202 omnia
2012 1142 2335 1201 coelestia
2367 1146 2783 1218 pertranseo,
2821 1159 2856 1200 1

703 1245 808 1306 21.
843 1245 923 1305 Et
955 1246 1093 1306 vidi
1127 1246 1328 1306 aliam
1364 1245 1744 1321 imaginem,
1773 1245 1969 1305 elatis
1993 1245 2279 1323 pedibus
2306 1245 2472 1320 suis,
2504 1245 2571 1305 in
2596 1243 2922 1321 praefatis
2957 1243 3255 1305 tenebris
3281 1242 3707 1320 pendentem,

614 1360 786 1423 quae
820 1353 1021 1424 caput
1055 1354 1126 1408 ut
1160 1348 1517 1424 leopardus
1549 1346 1863 1420 habebat,
1899 1348 2017 1407 sed
2055 1348 2386 1425 reliquum
2423 1363 2669 1424 corpus
2706 1347 2853 1423 ejus
2903 1346 3241 1423 scorpioni
3290 1344 3714 1406 assimilaba-

616 1456 745 1509 tur.
780 1449 858 1510 Et
894 1466 967 1509 se
1000 1456 1235 1510 contra
1271 1452 1593 1510 Austrum
1624 1456 1692 1509 et
1725 1449 2151 1510 Occidentem
2187 1456 2506 1524 verterat,
2542 1456 2608 1509 et
2641 1449 2827 1509 dixit:

2102 1675 2225 1735 XV.

1846 1869 2045 1930 Verba
2079 1872 2161 1930 Di
2167 1872 2481 1954 scordiqae.

700 2085 806 2144 22.
849 2101 880 2141 α
911 2080 1250 2143 Orientem
1285 2077 1563 2157 abnegO,
1600 2082 1665 2140 et
1699 2080 2018 2140 Austrum
2056 2080 2230 2139 nolo.
2258 2079 2419 2138 Nam
2455 2079 2693 2139 Oriens
2725 2079 2946 2139 omnia
2981 2076 3226 2139 habere
3260 2079 3426 2154 vult,
3464 2079 3715 2141 Auster

615 2206 646 2246 »
687 2193 909 2248 autem
944 2187 1166 2247 omnia
1214 2185 1568 2245 sustinere.
1606 2183 1731 2244 Sed
1779 2184 1941 2260 quid
1989 2183 2314 2244 Occidens
2363 2185 2431 2243 et
2476 2183 2718 2260 Aquilo
2767 2183 3194 2244 obtinebunt?
3242 2184 3502 2244 Aurora
3544 2184 3712 2244 luci-

614 2309 644 2347 »
684 2290 839 2350 dum
892 2290 1099 2349 solem
1151 2296 1408 2361 tenens,
1460 2288 1717 2363 rutilat;
1769 2285 2092 2347 Occidens
2141 2293 2366 2347 autem
2413 2286 2726 2347 tenebras
2773 2293 3017 2363 portat.
3067 2286 3149 2346 Et
3194 2293 3419 2364 potest
3465 2288 3709 2364 Aquilo

609 2409 643 2456 ›
683 2396 1049 2473 quidquam
1085 2393 1341 2454 facere?
1371 2393 1620 2454 Potest.
1648 2393 1814 2452 Nam
1849 2393 2167 2452 tenebrae
2200 2393 2411 2452 solem
2440 2392 2826 2467 obscurant,
2856 2393 2958 2453 sol
2992 2398 3217 2453 autem
3243 2392 3541 2454 tenebris
3575 2409 3710 2454 non

611 2519 645 2560 ιι
685 2499 1200 2578 appropinquat,
1234 2501 1311 2560 ut
1341 2515 1460 2560 eos
1493 2502 1814 2560 attenuet.
1865 2498 1971 2558 Sic
2022 2498 2217 2558 ambo
2265 2499 2401 2559 vim
2437 2514 2631 2559 suam
2663 2499 2984 2561 obtinent.
3021 2501 3099 2560 Et
3131 2501 3373 2577 Aquilo
3421 2515 3501 2562 ea
3533 2516 3708 2577 quae

612 2622 646 2664 1
687 2606 754 2664 in
788 2605 1085 2666 tenebris
1134 2608 1511 2677 moventur,
1564 2602 1872 2662 sustinet.
1922 2603 2244 2662 Volucres
2293 2602 2360 2662 in
2406 2602 2593 2662 coelo
2634 2609 2702 2662 et
2736 2603 2993 2663 bestiae
3028 2619 3105 2662 ac
3139 2619 3383 2681 pecora
3423 2605 3491 2663 in
3522 2610 3709 2664 terra

606 2727 644 2767 )
680 2709 842 2787 quid
873 2708 1220 2785 poterunt?
1252 2708 1333 2767 Et
1364 2707 1587 2782 pisces
1623 2707 1690 2765 in
1724 2708 1919 2783 aquis
1954 2723 2155 2784 quam
2192 2706 2718 2782 possibilitatem
2754 2709 2820 2767 in
2853 2709 3214 2783 generibus
3248 2710 3393 2768 suis
3426 2706 3709 2769 habent?

609 2829 643 2871 ι
681 2812 865 2884 Quod
900 2817 1205 2888 possunt,
1245 2810 1515 2870 faciunt.
1550 2810 1630 2870 Et
1661 2825 1785 2885 ego
1821 2826 1975 2871 cum
2024 2811 2336 2870 omnibus
2384 2811 2535 2870 istis
2586 2811 2838 2886 habito,
2876 2826 2954 2870 ac
2986 2812 3297 2872 discerno
3345 2812 3506 2888 quid
3541 2813 3703 2888 sint,

611 2936 644 2977 »
681 2924 752 2979 et
783 2914 942 2993 quid
980 2914 1201 2975 facere
1235 2915 1516 2990 possint.
1571 2914 1736 2974 Nam
1785 2915 2044 2974 nobiles
2077 2921 2144 2974 et
2177 2895 2533 2997 ignobileS,
2567 2914 2813 2975 divites
2845 2930 2925 2974 ac
2957 2931 3312 2992 paupereS,
3354 2922 3430 2975 ut
3461 2922 3704 2991 rotam,

607 3040 641 3081 ι
679 3036 908 3083 omnes
946 3020 1284 3080 subverto.
1336 3017 1401 3079 Si
1454 3033 1658 3079 unum
1708 3020 1968 3078 tantum
2018 3018 2442 3096 inspicerem,
2495 3019 2790 3081 taedium
2837 3020 2904 3081 in
2943 3019 3056 3081 illo
3092 3019 3429 3081 haberem.
3477 3018 3602 3080 Sed
3636 3019 3705 3080 in

612 3144 644 3185 ›
684 3126 1017 3199 omnibuS‚
1056 3123 1375 3200 quamdiu
1411 3122 1574 3182 mihi
1607 3123 1854 3198 placet,
1891 3139 2059 3184 sum.
2098 3123 2223 3183 Sed
2256 3125 2742 3201 unusquisque,
2779 3124 3039 3185 scilicet
3071 3124 3262 3184 dives
3307 3130 3376 3184 et
3422 3140 3701 3201 pauper,

610 3248 640 3287 ι
679 3229 925 3291 nobilis
959 3231 1025 3289 et
1059 3228 1396 3303 ignobilis,
1455 3225 1656 3286 faciat
1706 3227 1879 3303 quod
1915 3229 2147 3301 possit.
2199 3227 2304 3287 Sic
2353 3233 2420 3286 et
2468 3243 2590 3302 ego
2642 3227 2902 3288 faciam.
2953 3228 3116 3286 Nam
3164 3234 3231 3286 et
3262 3222 3308 3305 ¹)
3358 3227 3597 3287 Oriens
3627 3234 3700 3287 et

609 3354 639 3391 ι
681 3335 923 3393 Auster
957 3334 1053 3393 sic
1092 3332 1361 3391 faciunt.
1403 3350 1435 3387 ι

2076 3542 2229 3599 XVI.

1697 3750 2112 3826 Responsum
2166 3753 2583 3813 Concordiae.

691 3944 796 4003 23.
830 3941 909 4001 Et
946 3937 1188 4000 iterum
1237 3937 1462 3998 audivi
1512 3938 1591 3999 de
1639 3939 1943 4016 praefata
1992 3940 2260 4002 turbida
2308 3942 2481 4003 nube
2515 3959 2747 4004 vocem
2782 3943 2937 4005 huic
2988 3945 3261 4023 imagini
3295 3964 3697 4026 responsum

599 4048 888 4108 dantem:
930 4066 961 4104 ι
1002 4046 1121 4118 Tu,
1159 4043 1431 4104 horrida
1463 4049 1531 4103 et
1562 4044 1987 4120 execrabilis,
2042 4046 2201 4122 quid
2252 4046 2584 4123 loqueris?
2631 4048 2802 4109 Num
2831 4051 3091 4112 coelum
3132 4067 3214 4113 ac
3247 4053 3694 4117 instrumenta

606 4172 636 4210 ι
676 4152 825 4228 ejus
854 4150 1207 4210 destruere
1240 4147 1530 4224 poteris‘?
1562 4148 1758 4208 Nullo
1791 4148 2009 4209 modo.
2048 4148 2171 4209 Sed
2206 4166 2327 4211 nec
2360 4168 2659 4213 muscam
2699 4151 2918 4214 facere
2951 4161 3163 4230 potes.
3200 4156 3436 4218 Omnia
3467 4164 3695 4219 autem

602 4276 634 4313 ι
671 4254 1035 4332 opprobria
1070 4252 1345 4313 rixando
1383 4251 1664 4328 profers,
1702 4252 1885 4324 Quod
1935 4253 1993 4313 si
2044 4255 2227 4315 mille
2275 4256 2580 4315 convicia
2628 4254 2987 4318 verborum
3035 4258 3118 4319 ad
3159 4259 3690 4323 destructionem

600 4379 635 4419 ›
671 4359 962 4434 alicujus
995 4357 1294 4417 civitatis
1325 4355 1686 4432 proferreS,
1715 4354 1765 4436 ²)
1801 4372 1949 4417 eam
1979 4359 2045 4418 in
2077 4358 2214 4419 illis
2249 4360 2514 4420 laedere
2547 4377 2677 4421 non
2711 4378 2967 4438 posses,
2997 4362 3165 4424 Num
3200 4365 3408 4426 solem
3434 4373 3502 4427 et
3534 4366 3698 4428 stel-

599 4483 636 4522 ι
672 4464 772 4523 las
801 4475 1182 4538 expugnare
1214 4460 1506 4536 poteris?
1539 4461 1699 4522 Non.
1734 4461 1900 4522 Nam
1930 4463 2154 4538 pulvis
2190 4462 2473 4539 fulgoris
2509 4464 2676 4524 solis
2710 4472 2775 4526 te
2809 4468 3176 4528 conculcat.
3209 4468 3375 4530 Cum
3399 4470 3691 4546 primum

603 4588 634 4625 ι
671 4582 971 4644 pugnare
1009 4565 1383 4641 incoepisti,
1422 4565 1487 4624 in
1525 4564 1856 4625 infernum
1888 4566 2380 4643 projiciebariS‚
2417 4569 2485 4630 et
2516 4568 2669 4645 plus
2702 4584 2834 4629 non
2870 4569 3038 4632 facis
3085 4588 3290 4648 quam
3321 4576 3390 4634 in
3429 4581 3694 4647 creatu-

599 4687 631 4728 »
670 4687 746 4730 ra
780 4666 989 4733 vides,
1027 4669 1098 4727 In
1134 4668 1247 4728 illa
1279 4669 1456 4728 enim
1491 4668 1862 4744 ministraS,
1900 4677 1975 4730 ut
2005 4669 2129 4730 bos
2163 4669 2431 4732 domino
2460 4689 2624 4733 suo,
2676 4672 2882 4735 Omne
2923 4691 3190 4753 quoque
3240 4662 3707 4741 masculinum‘

597 4792 634 4832 s
670 4773 1128 4834 fortitudinem
1165 4773 1388 4847 habet,
1416 4779 1491 4832 ut
1525 4773 1649 4848 sol,
1678 4773 1785 4832 cui
1821 4774 2336 4850 firmamentum,
2366 4781 2440 4836 ut
2473 4784 2738 4839 caetera
2771 4779 3151 4859 luminaria,
3180 4785 3255 4846 ut
3287 4770 3684 4846 femininum

600 4893 632 4934 ›
669 4892 905 4952 genus,
941 4876 1244 4952 subjecta
1278 4878 1452 4935 sunt.
1489 4875 1587 4935 Tu
1617 4882 1843 4935 autem
1880 4877 1945 4935 in
1978 4884 2216 4939 neutro
2250 4881 2460 4956 valeS,
2491 4881 2607 4941 sed
2651 4883 2715 4942 in
2751 4884 3061 4945 omnibus
3095 4886 3352 4947 inutilis
3386 4904 3483 4964 es,
3520 4906 3686 4966 quo-

601 4999 631 5038 »
675 4983 854 5041 niam
888 4997 1090 5058 opera
1125 4980 1240 5040 Dei
1276 4980 1714 5040 scandalizas,
1754 4980 1917 5040 Nam
1954 4982 2117 5041 illud
2152 4983 2317 5042 nihil
2351 4990 2476 5059 est,
2530 4986 2704 5061 quod
2757 4989 2932 5048 omni
2967 4989 3141 5049 bono
3176 4997 3380 5051 caret.
3434 4989 3498 5050 Si
3538 4994 3693 5052 reli-

670 5166 712 5229 ¹)
741 5183 866 5220 nam
902 5169 1063 5220 etiam
1102 5163 1296 5219 oriens
1320 5162 1385 5218 A.
1419 5196 1484 5204 -—
1508 5165 1554 5228 9)
1573 5164 1790 5236 profers
1820 5160 1906 5220 W.
