<?xml version="1.0" encoding="UTF-8"?>
<!DOCTYPE html PUBLIC "-//W3C//DTD XHTML 1.0 Transitional//EN"
    "http://www.w3.org/TR/xhtml1/DTD/xhtml1-transitional.dtd">
<html xmlns="http://www.w3.org/1999/xhtml" xml:lang="en" lang="en">
 <head>
  <title>
</title>
<meta http-equiv="Content-Type" content="text/html;charset=utf-8" />
  <meta name='ocr-system' content='tesseract 3.04.00' />
  <meta name='ocr-capabilities' content='ocr_page ocr_carea ocr_par ocr_line ocrx_word'/>
</head>
<body>
  <div class='ocr_page' id='page_1' title='image "analectasacrasp05pitrgoog_0181.png"; bbox 0 0 4036 6117; ppageno 0'>
   <div class='ocr_carea' id='block_1_1' title="bbox 1210 550 2504 600">
    <p class='ocr_par' dir='ltr' id='par_1_1' title="bbox 1210 550 2504 600">
     <span class='ocr_line' id='line_1_1' title="bbox 1210 550 2504 600; baseline -0.006 1"><span class='ocrx_word' id='word_1_1' title='bbox 1210 556 1452 600; x_wconf 71' lang='lat' dir='ltr'><strong>LIBER</strong></span> <span class='ocrx_word' id='word_1_2' title='bbox 1502 553 1708 597; x_wconf 59' lang='lat' dir='ltr'><strong><em>5717·AE</em></strong></span> <span class='ocrx_word' id='word_1_3' title='bbox 1759 550 2255 595; x_wconf 51' lang='lat' dir='ltr'><strong>MERITOthw.</strong></span> <span class='ocrx_word' id='word_1_4' title='bbox 2312 553 2366 594; x_wconf 73' lang='lat'><strong><em>1¹.</em></strong></span> <span class='ocrx_word' id='word_1_5' title='bbox 2420 550 2504 594; x_wconf 76' lang='lat' dir='ltr'><strong><em>lv.</em></strong></span> 
     </span>
    </p>
   </div>
   <div class='ocr_carea' id='block_1_2' title="bbox 326 671 1807 1270">
    <p class='ocr_par' dir='ltr' id='par_1_2' title="bbox 326 671 1807 1270">
     <span class='ocr_line' id='line_1_2' title="bbox 331 671 1807 749; baseline -0.001 -21"><span class='ocrx_word' id='word_1_6' title='bbox 331 674 463 729; x_wconf 87' lang='lat' dir='ltr'><strong><em>tam</em></strong></span> <span class='ocrx_word' id='word_1_7' title='bbox 497 687 687 730; x_wconf 86' lang='lat' dir='ltr'><strong><em>suam</em></strong></span> <span class='ocrx_word' id='word_1_8' title='bbox 708 672 1012 747; x_wconf 76' lang='lat' dir='ltr'><strong><em>protrahi</em></strong></span> <span class='ocrx_word' id='word_1_9' title='bbox 1039 671 1282 744; x_wconf 86' lang='lat' dir='ltr'><strong><em>volens,</em></strong></span> <span class='ocrx_word' id='word_1_10' title='bbox 1311 677 1636 749; x_wconf 80' lang='lat' dir='ltr'><strong><em>quatenus</em></strong></span> <span class='ocrx_word' id='word_1_11' title='bbox 1657 687 1807 744; x_wconf 86' lang='lat' dir='ltr'><strong><em>pec-</em></strong></span> 
     </span>
     <span class='ocr_line' id='line_1_3' title="bbox 328 773 984 835; baseline 0.005 -3"><span class='ocrx_word' id='word_1_12' title='bbox 328 781 473 833; x_wconf 88' lang='lat' dir='ltr'><strong><em>cata</em></strong></span> <span class='ocrx_word' id='word_1_13' title='bbox 504 792 628 833; x_wconf 88' lang='lat' dir='ltr'><strong><em>sua</em></strong></span> <span class='ocrx_word' id='word_1_14' title='bbox 657 773 984 835; x_wconf 82' lang='lat' dir='ltr'><strong><em>emendet.</em></strong></span> 
     </span>
     <span class='ocr_line' id='line_1_4' title="bbox 417 877 1803 952; baseline -0.002 -17"><span class='ocrx_word' id='word_1_15' title='bbox 417 877 782 938; x_wconf 87' lang='lat' dir='ltr'><strong>XXXVIIII.</strong></span> <span class='ocrx_word' id='word_1_16' title='bbox 836 879 1019 952; x_wconf 89' lang='lat' dir='ltr'><strong><em>Quod</em></strong></span> <span class='ocrx_word' id='word_1_17' title='bbox 1073 881 1253 939; x_wconf 85' lang='lat' dir='ltr'><strong><em>zelus</em></strong></span> <span class='ocrx_word' id='word_1_18' title='bbox 1312 878 1434 939; x_wconf 83' lang='lat' dir='ltr'><strong><em>Dei</em></strong></span> <span class='ocrx_word' id='word_1_19' title='bbox 1489 879 1803 937; x_wconf 78' lang='lat' dir='ltr'><strong><em>adversus</em></strong></span> 
     </span>
     <span class='ocr_line' id='line_1_5' title="bbox 326 979 1747 1060; baseline 0 -21"><span class='ocrx_word' id='word_1_20' title='bbox 326 979 683 1042; x_wconf 81' lang='lat' dir='ltr'><strong><em>diabolicas</em></strong></span> <span class='ocrx_word' id='word_1_21' title='bbox 720 987 1161 1060; x_wconf 72' lang='lat' dir='ltr'><strong><em>suyqestiones</em></strong></span> <span class='ocrx_word' id='word_1_22' title='bbox 1195 979 1596 1044; x_wconf 76' lang='lat' dir='ltr'><strong><em>invincibilis</em></strong></span> <span class='ocrx_word' id='word_1_23' title='bbox 1630 991 1747 1040; x_wconf 84' lang='lat' dir='ltr'><strong><em>est.</em></strong></span> 
     </span>
     <span class='ocr_line' id='line_1_6' title="bbox 412 1083 1804 1168; baseline -0.001 -23"><span class='ocrx_word' id='word_1_24' title='bbox 412 1083 537 1146; x_wconf 87' lang='lat' dir='ltr'><strong><em>XL.</em></strong></span> <span class='ocrx_word' id='word_1_25' title='bbox 578 1085 766 1159; x_wconf 79' lang='lat' dir='ltr'><strong><em>Quod</em></strong></span> <span class='ocrx_word' id='word_1_26' title='bbox 795 1092 1150 1164; x_wconf 79' lang='lat' dir='ltr'><strong><em>hominem,</em></strong></span> <span class='ocrx_word' id='word_1_27' title='bbox 1180 1093 1296 1168; x_wconf 79' lang='lat' dir='ltr'><strong><em>qui</em></strong></span> <span class='ocrx_word' id='word_1_28' title='bbox 1329 1108 1396 1149; x_wconf 87' lang='lat' dir='ltr'><strong><em>se</em></strong></span> <span class='ocrx_word' id='word_1_29' title='bbox 1423 1103 1552 1166; x_wconf 89' lang='lat' dir='ltr'><strong><em>pro·</em></strong></span> <span class='ocrx_word' id='word_1_30' title='bbox 1574 1103 1804 1166; x_wconf 70' lang='lat' dir='ltr'><strong><em>pecca·-</em></strong></span> 
     </span>
     <span class='ocr_line' id='line_1_7' title="bbox 326 1191 1798 1270; baseline 0.001 -23"><span class='ocrx_word' id='word_1_31' title='bbox 326 1191 409 1248; x_wconf 84' lang='lat' dir='ltr'><strong><em>tis</em></strong></span> <span class='ocrx_word' id='word_1_32' title='bbox 442 1193 582 1250; x_wconf 81' lang='lat' dir='ltr'><strong><em>suis</em></strong></span> <span class='ocrx_word' id='word_1_33' title='bbox 609 1195 833 1269; x_wconf 85' lang='lat' dir='ltr'><strong><em>punit,</em></strong></span> <span class='ocrx_word' id='word_1_34' title='bbox 863 1195 1045 1253; x_wconf 81' lang='lat' dir='ltr'><strong><em>zelus</em></strong></span> <span class='ocrx_word' id='word_1_35' title='bbox 1074 1193 1339 1254; x_wconf 83' lang='lat' dir='ltr'><strong><em>Domini</em></strong></span> <span class='ocrx_word' id='word_1_36' title='bbox 1363 1198 1586 1253; x_wconf 82' lang='lat' dir='ltr'><strong><em>minus</em></strong></span> <span class='ocrx_word' id='word_1_37' title='bbox 1619 1194 1798 1270; x_wconf 78' lang='lat' dir='ltr'><strong><em>serit.</em></strong></span> 
     </span>
    </p>
   </div>
   <div class='ocr_carea' id='block_1_3' title="bbox 3222 536 3350 595">
    <p class='ocr_par' dir='ltr' id='par_1_3' title="bbox 3222 536 3350 595">
     <span class='ocr_line' id='line_1_8' title="bbox 3222 536 3350 595; baseline 0 -1"><span class='ocrx_word' id='word_1_38' title='bbox 3222 536 3251 594; x_wconf 72' lang='lat'><strong>1</strong></span> <span class='ocrx_word' id='word_1_39' title='bbox 3268 537 3350 595; x_wconf 66' lang='lat'><strong><em>45</em></strong></span> 
     </span>
    </p>
   </div>
   <div class='ocr_carea' id='block_1_4' title="bbox 1903 665 3392 1273">
    <p class='ocr_par' dir='ltr' id='par_1_4' title="bbox 1913 665 3392 833">
     <span class='ocr_line' id='line_1_9' title="bbox 2004 665 3392 747; baseline 0.002 -23"><span class='ocrx_word' id='word_1_40' title='bbox 2004 666 2131 726; x_wconf 87' lang='lat' dir='ltr'><strong>LII.</strong></span> <span class='ocrx_word' id='word_1_41' title='bbox 2173 667 2354 739; x_wconf 89' lang='lat' dir='ltr'><strong><em>Quod</em></strong></span> <span class='ocrx_word' id='word_1_42' title='bbox 2388 666 2619 724; x_wconf 80' lang='lat' dir='ltr'><strong><em>oblivio</em></strong></span> <span class='ocrx_word' id='word_1_43' title='bbox 2656 667 2775 725; x_wconf 81' lang='lat' dir='ltr'><strong><em>Dei</em></strong></span> <span class='ocrx_word' id='word_1_44' title='bbox 2826 665 3111 725; x_wconf 75' lang='lat' dir='ltr'><strong><em>tenebris</em></strong></span> <span class='ocrx_word' id='word_1_45' title='bbox 3163 670 3392 747; x_wconf 76' lang='lat' dir='ltr'><strong><em>infide-</em></strong></span> 
     </span>
     <span class='ocr_line' id='line_1_10' title="bbox 1913 771 3010 833; baseline 0 -3"><span class='ocrx_word' id='word_1_46' title='bbox 1913 774 2127 832; x_wconf 91' lang='lat' dir='ltr'><strong><em>litatis</em></strong></span> <span class='ocrx_word' id='word_1_47' title='bbox 2162 791 2271 833; x_wconf 89' lang='lat' dir='ltr'><strong><em>cor</em></strong></span> <span class='ocrx_word' id='word_1_48' title='bbox 2302 773 2586 833; x_wconf 82' lang='lat' dir='ltr'><strong><em>hominis</em></strong></span> <span class='ocrx_word' id='word_1_49' title='bbox 2621 771 3010 830; x_wconf 85' lang='lat' dir='ltr'><strong><em>circumdat.</em></strong></span> 
     </span>
    </p>

    <p class='ocr_par' dir='ltr' id='par_1_5' title="bbox 2001 876 3161 952">
     <span class='ocr_line' id='line_1_11' title="bbox 2001 876 3161 952; baseline 0 -16"><span class='ocrx_word' id='word_1_50' title='bbox 2001 878 2161 936; x_wconf 84' lang='lat' dir='ltr'>LIII.</span> <span class='ocrx_word' id='word_1_51' title='bbox 2210 877 2408 936; x_wconf 85' lang='lat' dir='ltr'><strong><em>Verba</em></strong></span> <span class='ocrx_word' id='word_1_52' title='bbox 2438 877 2518 935; x_wconf 91' lang='lat' dir='ltr'><strong><em>de</em></strong></span> <span class='ocrx_word' id='word_1_53' title='bbox 2555 876 2719 934; x_wconf 88' lang='lat' dir='ltr'><strong><em>libro</em></strong></span> <span class='ocrx_word' id='word_1_54' title='bbox 2759 877 3161 952; x_wconf 78' lang='lat' dir='ltr'><strong><em>Sapientiae.</em></strong></span> 
     </span>
    </p>

    <p class='ocr_par' dir='ltr' id='par_1_6' title="bbox 1903 981 3390 1273">
     <span class='ocr_line' id='line_1_12' title="bbox 2004 981 3387 1059; baseline 0 -18"><span class='ocrx_word' id='word_1_55' title='bbox 2004 983 2193 1041; x_wconf 91' lang='lat' dir='ltr'><strong>LIIII.</strong></span> <span class='ocrx_word' id='word_1_56' title='bbox 2232 984 2401 1041; x_wconf 87' lang='lat' dir='ltr'><strong><em>Item</em></strong></span> <span class='ocrx_word' id='word_1_57' title='bbox 2434 984 2513 1040; x_wconf 88' lang='lat' dir='ltr'><strong><em>de</em></strong></span> <span class='ocrx_word' id='word_1_58' title='bbox 2549 981 2939 1059; x_wconf 79' lang='lat' dir='ltr'><strong><em>quibusdam</em></strong></span> <span class='ocrx_word' id='word_1_59' title='bbox 2982 985 3387 1059; x_wconf 70' lang='lat' dir='ltr'><strong><em>purqatoriis</em></strong></span> 
     </span>
     <span class='ocr_line' id='line_1_13' title="bbox 1903 1089 3388 1166; baseline 0.005 -23"><span class='ocrx_word' id='word_1_60' title='bbox 1903 1091 2138 1164; x_wconf 86' lang='lat' dir='ltr'><strong><em>poenis</em></strong></span> <span class='ocrx_word' id='word_1_61' title='bbox 2172 1092 2554 1148; x_wconf 81' lang='lat' dir='ltr'><strong><em>animaru-m</em></strong></span> <span class='ocrx_word' id='word_1_62' title='bbox 2581 1089 3015 1166; x_wconf 83' lang='lat' dir='ltr'><strong><em>quorumdam</em></strong></span> <span class='ocrx_word' id='word_1_63' title='bbox 3044 1093 3388 1149; x_wconf 83' lang='lat' dir='ltr'><strong><em>hominum</em></strong></span> 
     </span>
     <span class='ocr_line' id='line_1_14' title="bbox 1910 1195 3390 1273; baseline 0.003 -23"><span class='ocrx_word' id='word_1_64' title='bbox 1910 1196 2025 1269; x_wconf 81' lang='lat' dir='ltr'><strong><em>qui</em></strong></span> <span class='ocrx_word' id='word_1_65' title='bbox 2061 1196 2130 1251; x_wconf 88' lang='lat' dir='ltr'><strong><em>in</em></strong></span> <span class='ocrx_word' id='word_1_66' title='bbox 2166 1197 2615 1254; x_wconf 72' lang='lat' dir='ltr'><strong><em>inconstantia</em></strong></span> <span class='ocrx_word' id='word_1_67' title='bbox 2651 1195 3097 1271; x_wconf 72' lang='lat' dir='ltr'><strong><em>deliquerant,</em></strong></span> <span class='ocrx_word' id='word_1_68' title='bbox 3134 1197 3197 1253; x_wconf 76' lang='lat' dir='ltr'><strong><em>et</em></strong></span> <span class='ocrx_word' id='word_1_69' title='bbox 3230 1215 3390 1273; x_wconf 77' lang='lat' dir='ltr'><strong><em>qua-</em></strong></span> 
     </span>
    </p>
   </div>
   <div class='ocr_carea' id='block_1_5' title="bbox 413 1292 2633 1376">
    <p class='ocr_par' dir='ltr' id='par_1_7' title="bbox 413 1292 2633 1376">
     <span class='ocr_line' id='line_1_15' title="bbox 413 1292 2633 1376; baseline 0.002 -24"><span class='ocrx_word' id='word_1_70' title='bbox 413 1292 569 1353; x_wconf 86' lang='lat' dir='ltr'><strong>XLI.</strong></span> <span class='ocrx_word' id='word_1_71' title='bbox 635 1295 818 1368; x_wconf 89' lang='lat' dir='ltr'><strong><em>Quod</em></strong></span> <span class='ocrx_word' id='word_1_72' title='bbox 870 1300 1058 1358; x_wconf 78' lang='lat' dir='ltr'><strong><em>homo</em></strong></span> <span class='ocrx_word' id='word_1_73' title='bbox 1102 1292 1149 1376; x_wconf 90' lang='lat'><strong><em>¹)</em></strong></span> <span class='ocrx_word' id='word_1_74' title='bbox 1199 1306 1473 1376; x_wconf 84' lang='lat' dir='ltr'><strong><em>peccata</em></strong></span> <span class='ocrx_word' id='word_1_75' title='bbox 1529 1315 1650 1356; x_wconf 81' lang='lat' dir='ltr'><strong><em>sua</em></strong></span> <span class='ocrx_word' id='word_1_76' title='bbox 1705 1314 1808 1354; x_wconf 83' lang='lat' dir='ltr'><strong><em>re-</em></strong></span> <span class='ocrx_word' id='word_1_77' title='bbox 1912 1317 1986 1356; x_wconf 88' lang='lat' dir='ltr'><strong><em>re</em></strong></span> <span class='ocrx_word' id='word_1_78' title='bbox 2021 1299 2173 1357; x_wconf 90' lang='lat' dir='ltr'><strong><em>illas</em></strong></span> <span class='ocrx_word' id='word_1_79' title='bbox 2209 1302 2301 1358; x_wconf 88' lang='lat' dir='ltr'><strong><em>sic</em></strong></span> <span class='ocrx_word' id='word_1_80' title='bbox 2332 1298 2633 1359; x_wconf 80' lang='lat' dir='ltr'><strong><em>habeant.</em></strong></span> 
     </span>
    </p>
   </div>
   <div class='ocr_carea' id='block_1_6' title="bbox 323 1400 1804 1479">
    <p class='ocr_par' dir='ltr' id='par_1_8' title="bbox 323 1400 1804 1479">
     <span class='ocr_line' id='line_1_16' title="bbox 323 1400 1804 1479; baseline 0.009 -24"><span class='ocrx_word' id='word_1_81' title='bbox 323 1400 785 1474; x_wconf 73' lang='lat' dir='ltr'><strong><em>coynoscendO,</em></strong></span> <span class='ocrx_word' id='word_1_82' title='bbox 823 1407 885 1459; x_wconf 89' lang='lat' dir='ltr'><strong><em>et</em></strong></span> <span class='ocrx_word' id='word_1_83' title='bbox 919 1402 1007 1460; x_wconf 81' lang='lat' dir='ltr'><strong><em>ad</em></strong></span> <span class='ocrx_word' id='word_1_84' title='bbox 1043 1401 1254 1465; x_wconf 89' lang='lat' dir='ltr'><strong><em>Deum</em></strong></span> <span class='ocrx_word' id='word_1_85' title='bbox 1284 1400 1703 1479; x_wconf 74' lang='lat' dir='ltr'><strong><em>suspirando,</em></strong></span> <span class='ocrx_word' id='word_1_86' title='bbox 1741 1404 1804 1457; x_wconf 77' lang='lat' dir='ltr'><strong><em>et</em></strong></span> 
     </span>
    </p>
   </div>
   <div class='ocr_carea' id='block_1_7' title="bbox 2003 1401 3389 1480">
    <p class='ocr_par' dir='ltr' id='par_1_9' title="bbox 2003 1401 3389 1480">
     <span class='ocr_line' id='line_1_17' title="bbox 2003 1401 3389 1480; baseline 0.001 -20"><span class='ocrx_word' id='word_1_87' title='bbox 2003 1401 2127 1462; x_wconf 87' lang='lat' dir='ltr'><strong>LV.</strong></span> <span class='ocrx_word' id='word_1_88' title='bbox 2182 1404 2484 1475; x_wconf 85' lang='lat' dir='ltr'><strong><em>Qualiter</em></strong></span> <span class='ocrx_word' id='word_1_89' title='bbox 2538 1405 2833 1463; x_wconf 73' lang='lat' dir='ltr'><strong><em>homines</em></strong></span> <span class='ocrx_word' id='word_1_90' title='bbox 2881 1409 3232 1480; x_wconf 84' lang='lat' dir='ltr'><strong><em>peccatum</em></strong></span> <span class='ocrx_word' id='word_1_91' title='bbox 3287 1405 3389 1462; x_wconf 89' lang='lat' dir='ltr'><strong><em>in-</em></strong></span> 
     </span>
    </p>
   </div>
   <div class='ocr_carea' id='block_1_8' title="bbox 323 1506 3394 1585">
    <p class='ocr_par' dir='ltr' id='par_1_10' title="bbox 323 1506 3394 1585">
     <span class='ocr_line' id='line_1_18' title="bbox 323 1506 3394 1585; baseline 0.002 -27"><span class='ocrx_word' id='word_1_92' title='bbox 323 1509 555 1562; x_wconf 88' lang='lat' dir='ltr'><strong><em>sancta</em></strong></span> <span class='ocrx_word' id='word_1_93' title='bbox 584 1523 787 1580; x_wconf 88' lang='lat' dir='ltr'><strong><em>opera</em></strong></span> <span class='ocrx_word' id='word_1_94' title='bbox 817 1507 1245 1585; x_wconf 81' lang='lat' dir='ltr'><strong><em>aedificandO,</em></strong></span> <span class='ocrx_word' id='word_1_95' title='bbox 1277 1506 1622 1567; x_wconf 81' lang='lat' dir='ltr'><strong><em>Diabolum</em></strong></span> <span class='ocrx_word' id='word_1_96' title='bbox 1656 1521 1807 1562; x_wconf 85' lang='lat' dir='ltr'><strong><em>eru·</em></strong></span> <span class='ocrx_word' id='word_1_97' title='bbox 1914 1511 2326 1567; x_wconf 77' lang='lat' dir='ltr'><strong><em>constantiae</em></strong></span> <span class='ocrx_word' id='word_1_98' title='bbox 2361 1511 2431 1568; x_wconf 89' lang='lat' dir='ltr'><strong><em>in</em></strong></span> <span class='ocrx_word' id='word_1_99' title='bbox 2468 1509 2839 1584; x_wconf 76' lang='lat' dir='ltr'><strong><em>semetipsis</em></strong></span> <span class='ocrx_word' id='word_1_100' title='bbox 2880 1519 3006 1584; x_wconf 83' lang='lat' dir='ltr'><strong><em>per</em></strong></span> <span class='ocrx_word' id='word_1_101' title='bbox 3047 1509 3394 1584; x_wconf 81' lang='lat' dir='ltr'><strong><em>poeniten-</em></strong></span> 
     </span>
    </p>
   </div>
   <div class='ocr_carea' id='block_1_9' title="bbox 313 1605 1799 2736">
    <p class='ocr_par' dir='ltr' id='par_1_11' title="bbox 323 1605 805 1688">
     <span class='ocr_line' id='line_1_19' title="bbox 323 1605 805 1688; baseline 0.021 -26"><span class='ocrx_word' id='word_1_102' title='bbox 323 1605 581 1668; x_wconf 86' lang='lat' dir='ltr'><strong><em>bescere</em></strong></span> <span class='ocrx_word' id='word_1_103' title='bbox 613 1613 805 1688; x_wconf 74' lang='lat' dir='ltr'><strong><em>facit.</em></strong></span> 
     </span>
    </p>

    <p class='ocr_par' dir='ltr' id='par_1_12' title="bbox 408 1712 1500 1775">
     <span class='ocr_line' id='line_1_20' title="bbox 408 1712 1500 1775; baseline 0.002 -4"><span class='ocrx_word' id='word_1_104' title='bbox 408 1712 596 1773; x_wconf 88' lang='lat' dir='ltr'><strong>XLII.</strong></span> <span class='ocrx_word' id='word_1_105' title='bbox 639 1714 853 1775; x_wconf 76' lang='lat' dir='ltr'><strong><em>David</em></strong></span> <span class='ocrx_word' id='word_1_106' title='bbox 885 1717 971 1774; x_wconf 91' lang='lat' dir='ltr'><strong><em>ad</em></strong></span> <span class='ocrx_word' id='word_1_107' title='bbox 1003 1717 1302 1774; x_wconf 89' lang='lat' dir='ltr'><strong><em>eamdem</em></strong></span> <span class='ocrx_word' id='word_1_108' title='bbox 1339 1734 1500 1774; x_wconf 87' lang='lat' dir='ltr'><strong><em>rem.</em></strong></span> 
     </span>
    </p>

    <p class='ocr_par' dir='ltr' id='par_1_13' title="bbox 314 1818 1799 2210">
     <span class='ocr_line' id='line_1_21' title="bbox 407 1818 1799 1899; baseline -0.003 -21"><span class='ocrx_word' id='word_1_109' title='bbox 407 1818 628 1878; x_wconf 87' lang='lat' dir='ltr'><strong>XLIII.</strong></span> <span class='ocrx_word' id='word_1_110' title='bbox 669 1821 838 1879; x_wconf 87' lang='lat' dir='ltr'><strong><em>Item</em></strong></span> <span class='ocrx_word' id='word_1_111' title='bbox 870 1823 950 1880; x_wconf 88' lang='lat' dir='ltr'><strong><em>de</em></strong></span> <span class='ocrx_word' id='word_1_112' title='bbox 977 1822 1366 1899; x_wconf 83' lang='lat' dir='ltr'><strong><em>quibusdam</em></strong></span> <span class='ocrx_word' id='word_1_113' title='bbox 1390 1819 1799 1898; x_wconf 76' lang='lat' dir='ltr'><strong><em>purqatoriis</em></strong></span> 
     </span>
     <span class='ocr_line' id='line_1_22' title="bbox 314 1924 1798 2003; baseline -0.001 -23"><span class='ocrx_word' id='word_1_114' title='bbox 314 1926 546 1998; x_wconf 87' lang='lat' dir='ltr'><strong><em>poenis</em></strong></span> <span class='ocrx_word' id='word_1_115' title='bbox 572 1926 961 1983; x_wconf 82' lang='lat' dir='ltr'><strong><em>animarum</em></strong></span> <span class='ocrx_word' id='word_1_116' title='bbox 992 1927 1429 2003; x_wconf 79' lang='lat' dir='ltr'><strong><em>quorumdam</em></strong></span> <span class='ocrx_word' id='word_1_117' title='bbox 1456 1924 1798 1984; x_wconf 79' lang='lat' dir='ltr'><strong><em>hominum</em></strong></span> 
     </span>
     <span class='ocr_line' id='line_1_23' title="bbox 319 2023 1798 2106; baseline -0.003 -20"><span class='ocrx_word' id='word_1_118' title='bbox 319 2029 430 2102; x_wconf 80' lang='lat' dir='ltr'><strong><em>qui</em></strong></span> <span class='ocrx_word' id='word_1_119' title='bbox 462 2029 535 2086; x_wconf 88' lang='lat' dir='ltr'><strong><em>in</em></strong></span> <span class='ocrx_word' id='word_1_120' title='bbox 570 2023 907 2100; x_wconf 78' lang='lat' dir='ltr'><strong><em>inJ‘ustitia</em></strong></span> <span class='ocrx_word' id='word_1_121' title='bbox 933 2035 1393 2106; x_wconf 80' lang='lat' dir='ltr'><strong><em>peccaverant,</em></strong></span> <span class='ocrx_word' id='word_1_122' title='bbox 1426 2035 1486 2086; x_wconf 86' lang='lat' dir='ltr'><strong><em>et</em></strong></span> <span class='ocrx_word' id='word_1_123' title='bbox 1517 2047 1634 2086; x_wconf 87' lang='lat' dir='ltr'><strong><em>cur</em></strong></span> <span class='ocrx_word' id='word_1_124' title='bbox 1659 2043 1798 2083; x_wconf 90' lang='lat' dir='ltr'><strong><em>eas-</em></strong></span> 
     </span>
     <span class='ocr_line' id='line_1_24' title="bbox 321 2130 998 2210; baseline 0.004 -21"><span class='ocrx_word' id='word_1_125' title='bbox 321 2130 468 2189; x_wconf 87' lang='lat' dir='ltr'><strong><em>dem</em></strong></span> <span class='ocrx_word' id='word_1_126' title='bbox 502 2135 599 2191; x_wconf 89' lang='lat' dir='ltr'><strong><em>ita</em></strong></span> <span class='ocrx_word' id='word_1_127' title='bbox 624 2136 998 2210; x_wconf 79' lang='lat' dir='ltr'><strong><em>patiantur.</em></strong></span> 
     </span>
    </p>

    <p class='ocr_par' dir='ltr' id='par_1_14' title="bbox 313 2234 1796 2505">
     <span class='ocr_line' id='line_1_25' title="bbox 409 2234 1795 2312; baseline -0.004 -18"><span class='ocrx_word' id='word_1_128' title='bbox 409 2236 661 2296; x_wconf 86' lang='lat' dir='ltr'><strong>XLIIII.</strong></span> <span class='ocrx_word' id='word_1_129' title='bbox 701 2238 1026 2310; x_wconf 84' lang='lat' dir='ltr'><strong><em>Quomodo</em></strong></span> <span class='ocrx_word' id='word_1_130' title='bbox 1058 2239 1352 2296; x_wconf 82' lang='lat' dir='ltr'><strong><em>homines</em></strong></span> <span class='ocrx_word' id='word_1_131' title='bbox 1396 2234 1795 2312; x_wconf 87' lang='lat' dir='ltr'><strong><em>poenitendo</em></strong></span> 
     </span>
     <span class='ocr_line' id='line_1_26' title="bbox 313 2340 1796 2419; baseline -0.001 -19"><span class='ocrx_word' id='word_1_132' title='bbox 313 2348 664 2418; x_wconf 85' lang='lat' dir='ltr'><strong><em>peccatum</em></strong></span> <span class='ocrx_word' id='word_1_133' title='bbox 719 2340 1090 2416; x_wconf 73' lang='lat' dir='ltr'><strong><em>injustitiae</em></strong></span> <span class='ocrx_word' id='word_1_134' title='bbox 1139 2346 1212 2402; x_wconf 89' lang='lat' dir='ltr'><strong><em>in</em></strong></span> <span class='ocrx_word' id='word_1_135' title='bbox 1262 2345 1629 2419; x_wconf 67' lang='lat' dir='ltr'><strong><em>semetipsis</em></strong></span> <span class='ocrx_word' id='word_1_136' title='bbox 1686 2341 1796 2398; x_wconf 84' lang='lat' dir='ltr'><strong><em>de-</em></strong></span> 
     </span>
     <span class='ocr_line' id='line_1_27' title="bbox 322 2447 522 2505; baseline 0.005 -1"><span class='ocrx_word' id='word_1_137' title='bbox 322 2447 522 2505; x_wconf 87' lang='lat' dir='ltr'><strong><em>leant.</em></strong></span> 
     </span>
    </p>

    <p class='ocr_par' dir='ltr' id='par_1_15' title="bbox 317 2550 1792 2736">
     <span class='ocr_line' id='line_1_28' title="bbox 402 2550 1792 2628; baseline -0.006 -16"><span class='ocrx_word' id='word_1_138' title='bbox 402 2552 583 2612; x_wconf 86' lang='lat' dir='ltr'><strong>XLV.</strong></span> <span class='ocrx_word' id='word_1_139' title='bbox 625 2554 751 2625; x_wconf 86' lang='lat' dir='ltr'><strong><em>Qui</em></strong></span> <span class='ocrx_word' id='word_1_140' title='bbox 783 2551 1189 2626; x_wconf 80' lang='lat' dir='ltr'><strong><em>injustitiam</em></strong></span> <span class='ocrx_word' id='word_1_141' title='bbox 1229 2552 1547 2628; x_wconf 75' lang='lat' dir='ltr'><strong><em>diliyunt,</em></strong></span> <span class='ocrx_word' id='word_1_142' title='bbox 1587 2550 1792 2625; x_wconf 77' lang='lat' dir='ltr'><strong><em>quem</em></strong></span> 
     </span>
     <span class='ocr_line' id='line_1_29' title="bbox 317 2653 1792 2736; baseline -0.005 -19"><span class='ocrx_word' id='word_1_143' title='bbox 317 2678 577 2718; x_wconf 85' lang='lat' dir='ltr'><strong><em>servare</em></strong></span> <span class='ocrx_word' id='word_1_144' title='bbox 640 2659 902 2733; x_wconf 88' lang='lat' dir='ltr'><strong><em>nolunt,</em></strong></span> <span class='ocrx_word' id='word_1_145' title='bbox 969 2659 1280 2736; x_wconf 83' lang='lat' dir='ltr'><strong><em>quoniam</em></strong></span> <span class='ocrx_word' id='word_1_146' title='bbox 1335 2659 1406 2713; x_wconf 90' lang='lat' dir='ltr'><strong><em>in</em></strong></span> <span class='ocrx_word' id='word_1_147' title='bbox 1457 2653 1792 2728; x_wconf 73' lang='lat' dir='ltr'><strong><em>injustitia</em></strong></span> 
     </span>
    </p>
   </div>
   <div class='ocr_carea' id='block_1_10' title="bbox 300 2765 1792 4727">
    <p class='ocr_par' dir='ltr' id='par_1_16' title="bbox 314 2765 1510 2844">
     <span class='ocr_line' id='line_1_30' title="bbox 314 2765 1510 2844; baseline -0.003 -21"><span class='ocrx_word' id='word_1_148' title='bbox 314 2766 542 2823; x_wconf 89' lang='lat' dir='ltr'><strong><em>nullus</em></strong></span> <span class='ocrx_word' id='word_1_149' title='bbox 577 2765 735 2823; x_wconf 90' lang='lat' dir='ltr'><strong><em>ordo</em></strong></span> <span class='ocrx_word' id='word_1_150' title='bbox 765 2767 1117 2844; x_wconf 81' lang='lat' dir='ltr'><strong><em>aequitatis</em></strong></span> <span class='ocrx_word' id='word_1_151' title='bbox 1153 2765 1510 2840; x_wconf 82' lang='lat' dir='ltr'><strong><em>reperitur.</em></strong></span> 
     </span>
    </p>

    <p class='ocr_par' dir='ltr' id='par_1_17' title="bbox 310 2868 1790 3157">
     <span class='ocr_line' id='line_1_31' title="bbox 397 2868 1790 2948; baseline -0.006 -19"><span class='ocrx_word' id='word_1_152' title='bbox 397 2868 609 2929; x_wconf 85' lang='lat' dir='ltr'><strong>XLVI.</strong></span> <span class='ocrx_word' id='word_1_153' title='bbox 674 2868 857 2940; x_wconf 86' lang='lat' dir='ltr'><strong><em>Quod</em></strong></span> <span class='ocrx_word' id='word_1_154' title='bbox 902 2869 1116 2948; x_wconf 81' lang='lat' dir='ltr'><strong><em>fidelis</em></strong></span> <span class='ocrx_word' id='word_1_155' title='bbox 1172 2869 1546 2927; x_wconf 80' lang='lat' dir='ltr'><strong><em>Creatorem</em></strong></span> <span class='ocrx_word' id='word_1_156' title='bbox 1596 2882 1790 2922; x_wconf 84' lang='lat' dir='ltr'><strong><em>suum</em></strong></span> 
     </span>
     <span class='ocr_line' id='line_1_32' title="bbox 312 2969 1788 3050; baseline -0.003 -19"><span class='ocrx_word' id='word_1_157' title='bbox 312 2974 561 3046; x_wconf 84' lang='lat' dir='ltr'><strong><em>laudet,</em></strong></span> <span class='ocrx_word' id='word_1_158' title='bbox 621 2975 933 3050; x_wconf 84' lang='lat' dir='ltr'><strong><em>quoniam</em></strong></span> <span class='ocrx_word' id='word_1_159' title='bbox 963 2975 1192 3032; x_wconf 89' lang='lat' dir='ltr'><strong><em>anima</em></strong></span> <span class='ocrx_word' id='word_1_160' title='bbox 1221 2971 1557 3029; x_wconf 85' lang='lat' dir='ltr'><strong><em>multoties</em></strong></span> <span class='ocrx_word' id='word_1_161' title='bbox 1588 2969 1788 3046; x_wconf 89' lang='lat' dir='ltr'><strong><em>plan-</em></strong></span> 
     </span>
     <span class='ocr_line' id='line_1_33' title="bbox 310 3077 1648 3157; baseline -0.003 -19"><span class='ocrx_word' id='word_1_162' title='bbox 310 3085 449 3138; x_wconf 88' lang='lat' dir='ltr'><strong><em>ctus</em></strong></span> <span class='ocrx_word' id='word_1_163' title='bbox 482 3080 729 3151; x_wconf 83' lang='lat' dir='ltr'><strong><em>educit,</em></strong></span> <span class='ocrx_word' id='word_1_164' title='bbox 767 3098 916 3138; x_wconf 86' lang='lat' dir='ltr'><strong><em>cum</em></strong></span> <span class='ocrx_word' id='word_1_165' title='bbox 950 3080 1402 3157; x_wconf 81' lang='lat' dir='ltr'><strong><em>symphoniam</em></strong></span> <span class='ocrx_word' id='word_1_166' title='bbox 1440 3077 1648 3135; x_wconf 90' lang='lat' dir='ltr'><strong><em>audit.</em></strong></span> 
     </span>
    </p>

    <p class='ocr_par' dir='ltr' id='par_1_18' title="bbox 308 3181 1792 3573">
     <span class='ocr_line' id='line_1_34' title="bbox 393 3181 1792 3259; baseline -0.001 -19"><span class='ocrx_word' id='word_1_167' title='bbox 393 3181 640 3241; x_wconf 83' lang='lat' dir='ltr'><strong>XLVII.</strong></span> <span class='ocrx_word' id='word_1_168' title='bbox 675 3183 847 3241; x_wconf 88' lang='lat' dir='ltr'><strong><em>Item</em></strong></span> <span class='ocrx_word' id='word_1_169' title='bbox 878 3183 958 3241; x_wconf 89' lang='lat' dir='ltr'><strong><em>de</em></strong></span> <span class='ocrx_word' id='word_1_170' title='bbox 991 3182 1383 3259; x_wconf 83' lang='lat' dir='ltr'><strong><em>quibusdam</em></strong></span> <span class='ocrx_word' id='word_1_171' title='bbox 1428 3182 1582 3240; x_wconf 86' lang='lat' dir='ltr'><strong><em>aliis</em></strong></span> <span class='ocrx_word' id='word_1_172' title='bbox 1625 3199 1792 3256; x_wconf 69' lang='lat' dir='ltr'><strong><em>pur-</em></strong></span> 
     </span>
     <span class='ocr_line' id='line_1_35' title="bbox 308 3288 1789 3364; baseline -0.001 -21"><span class='ocrx_word' id='word_1_173' title='bbox 308 3288 580 3360; x_wconf 80' lang='lat' dir='ltr'><strong><em>9atoriis</em></strong></span> <span class='ocrx_word' id='word_1_174' title='bbox 624 3288 856 3362; x_wconf 88' lang='lat' dir='ltr'><strong><em>poenis</em></strong></span> <span class='ocrx_word' id='word_1_175' title='bbox 911 3288 1353 3364; x_wconf 83' lang='lat' dir='ltr'><strong><em>quarumdam</em></strong></span> <span class='ocrx_word' id='word_1_176' title='bbox 1406 3288 1789 3345; x_wconf 87' lang='lat' dir='ltr'><strong><em>animarum</em></strong></span> 
     </span>
     <span class='ocr_line' id='line_1_36' title="bbox 309 3392 1788 3470; baseline 0 -21"><span class='ocrx_word' id='word_1_177' title='bbox 309 3408 475 3467; x_wconf 82' lang='lat' dir='ltr'><strong><em>quae</em></strong></span> <span class='ocrx_word' id='word_1_178' title='bbox 524 3393 598 3450; x_wconf 88' lang='lat' dir='ltr'><strong><em>in</em></strong></span> <span class='ocrx_word' id='word_1_179' title='bbox 645 3393 907 3452; x_wconf 89' lang='lat' dir='ltr'><strong><em>saeculo</em></strong></span> <span class='ocrx_word' id='word_1_180' title='bbox 946 3413 1074 3470; x_wconf 87' lang='lat' dir='ltr'><strong><em>per</em></strong></span> <span class='ocrx_word' id='word_1_181' title='bbox 1123 3403 1451 3469; x_wconf 86' lang='lat' dir='ltr'><strong><em>torporem</em></strong></span> <span class='ocrx_word' id='word_1_182' title='bbox 1493 3392 1788 3468; x_wconf 83' lang='lat' dir='ltr'><strong><em>delique-</em></strong></span> 
     </span>
     <span class='ocr_line' id='line_1_37' title="bbox 308 3497 1781 3573; baseline 0.001 -22"><span class='ocrx_word' id='word_1_183' title='bbox 308 3501 485 3569; x_wconf 87' lang='lat' dir='ltr'><strong><em>rant,</em></strong></span> <span class='ocrx_word' id='word_1_184' title='bbox 521 3501 584 3554; x_wconf 91' lang='lat' dir='ltr'><strong><em>et</em></strong></span> <span class='ocrx_word' id='word_1_185' title='bbox 614 3515 818 3573; x_wconf 83' lang='lat' dir='ltr'><strong><em>quare</em></strong></span> <span class='ocrx_word' id='word_1_186' title='bbox 845 3497 1000 3556; x_wconf 91' lang='lat' dir='ltr'><strong><em>illas</em></strong></span> <span class='ocrx_word' id='word_1_187' title='bbox 1026 3501 1141 3558; x_wconf 84' lang='lat' dir='ltr'><strong><em>hoc</em></strong></span> <span class='ocrx_word' id='word_1_188' title='bbox 1172 3498 1359 3556; x_wconf 87' lang='lat' dir='ltr'><strong><em>modo</em></strong></span> <span class='ocrx_word' id='word_1_189' title='bbox 1385 3499 1781 3555; x_wconf 85' lang='lat' dir='ltr'><strong><em>sustineant.</em></strong></span> 
     </span>
    </p>

    <p class='ocr_par' dir='ltr' id='par_1_19' title="bbox 301 3601 1787 3888">
     <span class='ocr_line' id='line_1_38' title="bbox 395 3601 1787 3677; baseline -0.002 -18"><span class='ocrx_word' id='word_1_190' title='bbox 395 3601 671 3660; x_wconf 86' lang='lat' dir='ltr'><strong>XLVIII.</strong></span> <span class='ocrx_word' id='word_1_191' title='bbox 727 3601 1027 3673; x_wconf 84' lang='lat' dir='ltr'><strong><em>Qualiter</em></strong></span> <span class='ocrx_word' id='word_1_192' title='bbox 1058 3604 1353 3661; x_wconf 84' lang='lat' dir='ltr'><strong><em>homines</em></strong></span> <span class='ocrx_word' id='word_1_193' title='bbox 1402 3604 1515 3677; x_wconf 80' lang='lat' dir='ltr'><strong><em>qui</em></strong></span> <span class='ocrx_word' id='word_1_194' title='bbox 1549 3603 1622 3659; x_wconf 91' lang='lat' dir='ltr'><strong><em>in</em></strong></span> <span class='ocrx_word' id='word_1_195' title='bbox 1658 3606 1787 3657; x_wconf 87' lang='lat' dir='ltr'><strong><em>tor-</em></strong></span> 
     </span>
     <span class='ocr_line' id='line_1_39' title="bbox 301 3707 1785 3784; baseline -0.001 -19"><span class='ocrx_word' id='word_1_196' title='bbox 301 3723 462 3781; x_wconf 83' lang='lat' dir='ltr'><strong><em>pore</em></strong></span> <span class='ocrx_word' id='word_1_197' title='bbox 505 3711 810 3784; x_wconf 86' lang='lat' dir='ltr'><strong><em>peccant,</em></strong></span> <span class='ocrx_word' id='word_1_198' title='bbox 846 3707 1023 3766; x_wconf 89' lang='lat' dir='ltr'><strong><em>idem</em></strong></span> <span class='ocrx_word' id='word_1_199' title='bbox 1051 3712 1396 3783; x_wconf 87' lang='lat' dir='ltr'><strong><em>peccatum</em></strong></span> <span class='ocrx_word' id='word_1_200' title='bbox 1433 3707 1785 3782; x_wconf 86' lang='lat' dir='ltr'><strong><em>poeniten-</em></strong></span> 
     </span>
     <span class='ocr_line' id='line_1_40' title="bbox 309 3814 954 3888; baseline 0.006 -22"><span class='ocrx_word' id='word_1_201' title='bbox 309 3819 399 3869; x_wconf 89' lang='lat' dir='ltr'><strong><em>tes</em></strong></span> <span class='ocrx_word' id='word_1_202' title='bbox 439 3814 512 3870; x_wconf 88' lang='lat' dir='ltr'><strong><em>in</em></strong></span> <span class='ocrx_word' id='word_1_203' title='bbox 545 3831 612 3870; x_wconf 91' lang='lat' dir='ltr'><strong><em>se</em></strong></span> <span class='ocrx_word' id='word_1_204' title='bbox 641 3814 954 3888; x_wconf 86' lang='lat' dir='ltr'><strong><em>puniant.</em></strong></span> 
     </span>
    </p>

    <p class='ocr_par' dir='ltr' id='par_1_20' title="bbox 300 3910 1787 4307">
     <span class='ocr_line' id='line_1_41' title="bbox 391 3910 1786 3991; baseline -0.003 -17"><span class='ocrx_word' id='word_1_205' title='bbox 391 3914 700 3975; x_wconf 86' lang='lat' dir='ltr'><strong>XLVIIII.</strong></span> <span class='ocrx_word' id='word_1_206' title='bbox 754 3916 938 3988; x_wconf 89' lang='lat' dir='ltr'><strong><em>Quod</em></strong></span> <span class='ocrx_word' id='word_1_207' title='bbox 986 3921 1209 3991; x_wconf 89' lang='lat' dir='ltr'><strong><em>torpor</em></strong></span> <span class='ocrx_word' id='word_1_208' title='bbox 1257 3916 1329 3972; x_wconf 88' lang='lat' dir='ltr'><strong><em>in</em></strong></span> <span class='ocrx_word' id='word_1_209' title='bbox 1375 3915 1649 3989; x_wconf 73' lang='lat' dir='ltr'><strong><em>piyritia</em></strong></span> <span class='ocrx_word' id='word_1_210' title='bbox 1681 3910 1786 3984; x_wconf 80' lang='lat' dir='ltr'><strong><em>ja·-</em></strong></span> 
     </span>
     <span class='ocr_line' id='line_1_42' title="bbox 305 4018 1784 4096; baseline -0.003 -17"><span class='ocrx_word' id='word_1_211' title='bbox 305 4040 482 4096; x_wconf 84' lang='lat' dir='ltr'><strong><em>cens,</em></strong></span> <span class='ocrx_word' id='word_1_212' title='bbox 519 4028 581 4079; x_wconf 92' lang='lat' dir='ltr'><strong><em>et</em></strong></span> <span class='ocrx_word' id='word_1_213' title='bbox 620 4022 788 4081; x_wconf 88' lang='lat' dir='ltr'><strong><em>sicut</em></strong></span> <span class='ocrx_word' id='word_1_214' title='bbox 824 4022 1089 4080; x_wconf 89' lang='lat' dir='ltr'><strong><em>inutilis</em></strong></span> <span class='ocrx_word' id='word_1_215' title='bbox 1123 4018 1312 4078; x_wconf 85' lang='lat' dir='ltr'><strong><em>arbor</em></strong></span> <span class='ocrx_word' id='word_1_216' title='bbox 1344 4021 1637 4077; x_wconf 75' lang='lat' dir='ltr'><strong><em>existens</em></strong></span> <span class='ocrx_word' id='word_1_217' title='bbox 1671 4018 1784 4093; x_wconf 83' lang='lat' dir='ltr'><strong><em>qui</em></strong></span> 
     </span>
     <span class='ocr_line' id='line_1_43' title="bbox 305 4126 1787 4203; baseline -0.004 -18"><span class='ocrx_word' id='word_1_218' title='bbox 305 4126 568 4201; x_wconf 78' lang='lat' dir='ltr'><strong><em>fructus</em></strong></span> <span class='ocrx_word' id='word_1_219' title='bbox 617 4144 751 4184; x_wconf 89' lang='lat' dir='ltr'><strong><em>non</em></strong></span> <span class='ocrx_word' id='word_1_220' title='bbox 794 4128 983 4203; x_wconf 74' lang='lat' dir='ltr'><strong><em>facit,</em></strong></span> <span class='ocrx_word' id='word_1_221' title='bbox 1036 4126 1276 4185; x_wconf 89' lang='lat' dir='ltr'><strong><em>bonum</em></strong></span> <span class='ocrx_word' id='word_1_222' title='bbox 1322 4128 1585 4203; x_wconf 83' lang='lat' dir='ltr'><strong><em>operari</em></strong></span> <span class='ocrx_word' id='word_1_223' title='bbox 1611 4128 1787 4200; x_wconf 88' lang='lat' dir='ltr'><strong><em>post-</em></strong></span> 
     </span>
     <span class='ocr_line' id='line_1_44' title="bbox 300 4233 513 4307; baseline -0.005 -17"><span class='ocrx_word' id='word_1_224' title='bbox 300 4233 513 4307; x_wconf 85' lang='lat' dir='ltr'><strong><em>ponit.</em></strong></span> 
     </span>
    </p>

    <p class='ocr_par' dir='ltr' id='par_1_21' title="bbox 304 4336 1783 4727">
     <span class='ocr_line' id='line_1_45' title="bbox 390 4336 1783 4414; baseline -0.006 -18"><span class='ocrx_word' id='word_1_225' title='bbox 390 4336 459 4396; x_wconf 91' lang='lat' dir='ltr'><strong><em>L.</em></strong></span> <span class='ocrx_word' id='word_1_226' title='bbox 485 4337 656 4396; x_wconf 88' lang='lat' dir='ltr'><strong><em>Item</em></strong></span> <span class='ocrx_word' id='word_1_227' title='bbox 681 4337 761 4396; x_wconf 90' lang='lat' dir='ltr'><strong><em>de</em></strong></span> <span class='ocrx_word' id='word_1_228' title='bbox 788 4337 1180 4414; x_wconf 83' lang='lat' dir='ltr'><strong><em>quibusdam</em></strong></span> <span class='ocrx_word' id='word_1_229' title='bbox 1198 4336 1608 4413; x_wconf 72' lang='lat' dir='ltr'><strong><em>puryatoriis</em></strong></span> <span class='ocrx_word' id='word_1_230' title='bbox 1631 4349 1783 4409; x_wconf 82' lang='lat' dir='ltr'><strong><em>poe-</em></strong></span> 
     </span>
     <span class='ocr_line' id='line_1_46' title="bbox 305 4438 1780 4521; baseline -0.003 -22"><span class='ocrx_word' id='word_1_231' title='bbox 305 4446 405 4501; x_wconf 90' lang='lat' dir='ltr'><strong><em>nis</em></strong></span> <span class='ocrx_word' id='word_1_232' title='bbox 432 4444 878 4521; x_wconf 80' lang='lat' dir='ltr'><strong><em>quarumdam</em></strong></span> <span class='ocrx_word' id='word_1_233' title='bbox 911 4446 1291 4503; x_wconf 86' lang='lat' dir='ltr'><strong><em>animarum</em></strong></span> <span class='ocrx_word' id='word_1_234' title='bbox 1326 4442 1666 4501; x_wconf 87' lang='lat' dir='ltr'><strong><em>hominum</em></strong></span> <span class='ocrx_word' id='word_1_235' title='bbox 1700 4438 1780 4496; x_wconf 91' lang='lat' dir='ltr'><strong><em>il-</em></strong></span> 
     </span>
     <span class='ocr_line' id='line_1_47' title="bbox 306 4545 1775 4624; baseline -0.003 -22"><span class='ocrx_word' id='word_1_236' title='bbox 306 4546 520 4605; x_wconf 82' lang='lat' dir='ltr'><strong><em>lorum</em></strong></span> <span class='ocrx_word' id='word_1_237' title='bbox 554 4550 670 4624; x_wconf 83' lang='lat' dir='ltr'><strong><em>qui</em></strong></span> <span class='ocrx_word' id='word_1_238' title='bbox 703 4550 776 4606; x_wconf 88' lang='lat' dir='ltr'><strong><em>in</em></strong></span> <span class='ocrx_word' id='word_1_239' title='bbox 817 4546 1133 4605; x_wconf 87' lang='lat' dir='ltr'><strong><em>oblivione</em></strong></span> <span class='ocrx_word' id='word_1_240' title='bbox 1171 4545 1291 4604; x_wconf 90' lang='lat' dir='ltr'><strong><em>Dei</em></strong></span> <span class='ocrx_word' id='word_1_241' title='bbox 1318 4549 1775 4620; x_wconf 72' lang='lat' dir='ltr'><strong><em>peccaverant,</em></strong></span> 
     </span>
     <span class='ocr_line' id='line_1_48' title="bbox 304 4653 1187 4727; baseline 0.001 -20"><span class='ocrx_word' id='word_1_242' title='bbox 304 4658 362 4708; x_wconf 87' lang='lat' dir='ltr'><strong><em>et</em></strong></span> <span class='ocrx_word' id='word_1_243' title='bbox 395 4672 517 4712; x_wconf 86' lang='lat' dir='ltr'><strong><em>cur</em></strong></span> <span class='ocrx_word' id='word_1_244' title='bbox 549 4670 660 4710; x_wconf 90' lang='lat' dir='ltr'><strong><em>eas</em></strong></span> <span class='ocrx_word' id='word_1_245' title='bbox 695 4654 786 4711; x_wconf 87' lang='lat' dir='ltr'><strong><em>sic</em></strong></span> <span class='ocrx_word' id='word_1_246' title='bbox 817 4653 1187 4727; x_wconf 88' lang='lat' dir='ltr'><strong><em>patiantur.</em></strong></span> 
     </span>
    </p>
   </div>
   <div class='ocr_carea' id='block_1_11' title="bbox 301 4754 1778 5024">
    <p class='ocr_par' dir='ltr' id='par_1_22' title="bbox 301 4754 1778 5024">
     <span class='ocr_line' id='line_1_49' title="bbox 387 4754 1777 4831; baseline -0.005 -15"><span class='ocrx_word' id='word_1_247' title='bbox 387 4757 488 4816; x_wconf 91' lang='lat' dir='ltr'><strong><em>LI.</em></strong></span> <span class='ocrx_word' id='word_1_248' title='bbox 529 4758 859 4830; x_wconf 84' lang='lat' dir='ltr'><strong><em>Quomodo</em></strong></span> <span class='ocrx_word' id='word_1_249' title='bbox 883 4760 1177 4817; x_wconf 82' lang='lat' dir='ltr'><strong><em>homines</em></strong></span> <span class='ocrx_word' id='word_1_250' title='bbox 1201 4754 1600 4831; x_wconf 86' lang='lat' dir='ltr'><strong><em>poenitendo</em></strong></span> <span class='ocrx_word' id='word_1_251' title='bbox 1629 4771 1777 4828; x_wconf 86' lang='lat' dir='ltr'><strong><em>pec-</em></strong></span> 
     </span>
     <span class='ocr_line' id='line_1_50' title="bbox 301 4858 1778 4935; baseline -0.005 -14"><span class='ocrx_word' id='word_1_252' title='bbox 301 4870 520 4921; x_wconf 88' lang='lat' dir='ltr'><strong><em>catum</em></strong></span> <span class='ocrx_word' id='word_1_253' title='bbox 567 4860 910 4920; x_wconf 82' lang='lat' dir='ltr'><strong><em>oblivionis</em></strong></span> <span class='ocrx_word' id='word_1_254' title='bbox 959 4864 1031 4918; x_wconf 90' lang='lat' dir='ltr'><strong><em>in</em></strong></span> <span class='ocrx_word' id='word_1_255' title='bbox 1081 4858 1454 4935; x_wconf 75' lang='lat' dir='ltr'><strong><em>corporibus</em></strong></span> <span class='ocrx_word' id='word_1_256' title='bbox 1489 4861 1624 4915; x_wconf 83' lang='lat' dir='ltr'><strong><em>suis</em></strong></span> <span class='ocrx_word' id='word_1_257' title='bbox 1667 4858 1778 4914; x_wconf 85' lang='lat' dir='ltr'><strong><em>de-</em></strong></span> 
     </span>
     <span class='ocr_line' id='line_1_51' title="bbox 304 4965 504 5024; baseline 0.02 -4"><span class='ocrx_word' id='word_1_258' title='bbox 304 4965 504 5024; x_wconf 85' lang='lat' dir='ltr'><strong><em>leant.</em></strong></span> 
     </span>
    </p>
   </div>
   <div class='ocr_carea' id='block_1_12' title="bbox 290 5184 1295 5356">
    <p class='ocr_par' dir='ltr' id='par_1_23' title="bbox 290 5184 1295 5356">
     <span class='ocr_line' id='line_1_52' title="bbox 290 5184 1096 5260; baseline -0.021 -7"><span class='ocrx_word' id='word_1_259' title='bbox 290 5236 298 5254; x_wconf 78' lang='grc'><strong><em>.</em></strong></span> <span class='ocrx_word' id='word_1_260' title='bbox 361 5185 974 5260; x_wconf 73' lang='lat' dir='ltr'><strong><em>¹)quodhomoquiA.</em></strong></span> <span class='ocrx_word' id='word_1_261' title='bbox 1006 5184 1096 5237; x_wconf 87' lang='lat' dir='ltr'><strong><em>W.</em></strong></span> 
     </span>
     <span class='ocr_line' id='line_1_53' title="bbox 481 5292 1295 5356; baseline -0.007 -1"><span class='ocrx_word' id='word_1_262' title='bbox 481 5298 831 5355; x_wconf 67' lang='lat' dir='ltr'><strong>ANALECT.</strong></span> <span class='ocrx_word' id='word_1_263' title='bbox 884 5296 951 5353; x_wconf 91' lang='lat' dir='ltr'><strong><em>T.</em></strong></span> <span class='ocrx_word' id='word_1_264' title='bbox 1007 5293 1164 5351; x_wconf 83' lang='lat' dir='ltr'><strong>VIII.</strong></span> <span class='ocrx_word' id='word_1_265' title='bbox 1221 5292 1295 5356; x_wconf 69' lang='lat'><strong><em>10</em></strong></span> 
     </span>
    </p>
   </div>
   <div class='ocr_carea' id='block_1_13' title="bbox 1879 1609 3422 5019">
    <p class='ocr_par' dir='ltr' id='par_1_24' title="bbox 1913 1609 2441 1685">
     <span class='ocr_line' id='line_1_54' title="bbox 1913 1609 2441 1685; baseline 0.004 -16"><span class='ocrx_word' id='word_1_266' title='bbox 1913 1613 2076 1670; x_wconf 86' lang='lat' dir='ltr'><strong><em>tiam</em></strong></span> <span class='ocrx_word' id='word_1_267' title='bbox 2110 1609 2441 1685; x_wconf 86' lang='lat' dir='ltr'><strong><em>abjiciant.</em></strong></span> 
     </span>
    </p>

    <p class='ocr_par' dir='ltr' id='par_1_25' title="bbox 1909 1714 3392 1998">
     <span class='ocr_line' id='line_1_55' title="bbox 2002 1714 3392 1792; baseline -0.001 -20"><span class='ocrx_word' id='word_1_268' title='bbox 2002 1714 2154 1774; x_wconf 88' lang='lat' dir='ltr'><strong>LVI.</strong></span> <span class='ocrx_word' id='word_1_269' title='bbox 2210 1716 2392 1788; x_wconf 88' lang='lat' dir='ltr'><strong><em>Quod</em></strong></span> <span class='ocrx_word' id='word_1_270' title='bbox 2440 1718 2888 1775; x_wconf 87' lang='lat' dir='ltr'><strong><em>inconstantia</em></strong></span> <span class='ocrx_word' id='word_1_271' title='bbox 2931 1734 3055 1792; x_wconf 86' lang='lat' dir='ltr'><strong><em>per</em></strong></span> <span class='ocrx_word' id='word_1_272' title='bbox 3100 1717 3269 1773; x_wconf 69' lang='lat' dir='ltr'><strong><em>viam</em></strong></span> <span class='ocrx_word' id='word_1_273' title='bbox 3318 1734 3392 1771; x_wconf 82' lang='lat' dir='ltr'><strong><em>u·-</em></strong></span> 
     </span>
     <span class='ocr_line' id='line_1_56' title="bbox 1909 1819 3389 1893; baseline -0.001 -17"><span class='ocrx_word' id='word_1_274' title='bbox 1909 1838 2069 1877; x_wconf 86' lang='lat' dir='ltr'><strong><em>nam</em></strong></span> <span class='ocrx_word' id='word_1_275' title='bbox 2131 1820 2437 1879; x_wconf 86' lang='lat' dir='ltr'><strong><em>incedere</em></strong></span> <span class='ocrx_word' id='word_1_276' title='bbox 2500 1820 2756 1893; x_wconf 90' lang='lat' dir='ltr'><strong><em>nolens,</em></strong></span> <span class='ocrx_word' id='word_1_277' title='bbox 2816 1819 2928 1877; x_wconf 87' lang='lat' dir='ltr'><strong><em>sed</em></strong></span> <span class='ocrx_word' id='word_1_278' title='bbox 2983 1820 3389 1878; x_wconf 76' lang='lat' dir='ltr'><strong><em>voluntatem</em></strong></span> 
     </span>
     <span class='ocr_line' id='line_1_57' title="bbox 1910 1924 3273 1998; baseline 0.002 -19"><span class='ocrx_word' id='word_1_279' title='bbox 1910 1940 2098 1979; x_wconf 86' lang='lat' dir='ltr'><strong><em>suam</em></strong></span> <span class='ocrx_word' id='word_1_280' title='bbox 2133 1926 2455 1998; x_wconf 75' lang='lat' dir='ltr'><strong><em>retinens,</em></strong></span> <span class='ocrx_word' id='word_1_281' title='bbox 2494 1924 2732 1982; x_wconf 90' lang='lat' dir='ltr'><strong><em>similis</em></strong></span> <span class='ocrx_word' id='word_1_282' title='bbox 2766 1930 2860 1981; x_wconf 88' lang='lat' dir='ltr'><strong><em>est</em></strong></span> <span class='ocrx_word' id='word_1_283' title='bbox 2898 1924 3273 1982; x_wconf 68' lang='lat' dir='ltr'><strong><em>simulacra</em></strong></span> 
     </span>
    </p>

    <p class='ocr_par' dir='ltr' id='par_1_26' title="bbox 1902 2025 3389 2507">
     <span class='ocr_line' id='line_1_58' title="bbox 1995 2025 3383 2105; baseline 0.001 -22"><span class='ocrx_word' id='word_1_284' title='bbox 1995 2025 2178 2085; x_wconf 84' lang='lat' dir='ltr'><strong>LVII.</strong></span> <span class='ocrx_word' id='word_1_285' title='bbox 2216 2028 2386 2086; x_wconf 87' lang='lat' dir='ltr'><strong><em>Item</em></strong></span> <span class='ocrx_word' id='word_1_286' title='bbox 2418 2029 2497 2086; x_wconf 85' lang='lat' dir='ltr'><strong><em>de</em></strong></span> <span class='ocrx_word' id='word_1_287' title='bbox 2530 2029 2684 2086; x_wconf 90' lang='lat' dir='ltr'><strong><em>aliis</em></strong></span> <span class='ocrx_word' id='word_1_288' title='bbox 2717 2027 3107 2104; x_wconf 85' lang='lat' dir='ltr'><strong><em>quibusdam</em></strong></span> <span class='ocrx_word' id='word_1_289' title='bbox 3136 2047 3383 2105; x_wconf 71' lang='lat' dir='ltr'><strong><em>purqa-</em></strong></span> 
     </span>
     <span class='ocr_line' id='line_1_59' title="bbox 1905 2133 3384 2211; baseline 0 -23"><span class='ocrx_word' id='word_1_290' title='bbox 1905 2135 2092 2192; x_wconf 77' lang='lat' dir='ltr'><strong><em>toriis</em></strong></span> <span class='ocrx_word' id='word_1_291' title='bbox 2122 2135 2354 2211; x_wconf 87' lang='lat' dir='ltr'><strong><em>poenis</em></strong></span> <span class='ocrx_word' id='word_1_292' title='bbox 2388 2136 2768 2191; x_wconf 84' lang='lat' dir='ltr'><strong><em>animarum</em></strong></span> <span class='ocrx_word' id='word_1_293' title='bbox 2804 2133 3239 2209; x_wconf 76' lang='lat' dir='ltr'><strong><em>quorumdam</em></strong></span> <span class='ocrx_word' id='word_1_294' title='bbox 3273 2137 3384 2192; x_wconf 85' lang='lat' dir='ltr'><strong><em>ho-</em></strong></span> 
     </span>
     <span class='ocr_line' id='line_1_60' title="bbox 1902 2239 3389 2314; baseline -0.001 -21"><span class='ocrx_word' id='word_1_295' title='bbox 1902 2240 2163 2295; x_wconf 85' lang='lat' dir='ltr'><strong><em>minum</em></strong></span> <span class='ocrx_word' id='word_1_296' title='bbox 2210 2240 2324 2314; x_wconf 86' lang='lat' dir='ltr'><strong><em>qui</em></strong></span> <span class='ocrx_word' id='word_1_297' title='bbox 2373 2239 2440 2295; x_wconf 92' lang='lat' dir='ltr'><strong><em>in</em></strong></span> <span class='ocrx_word' id='word_1_298' title='bbox 2494 2255 2655 2294; x_wconf 87' lang='lat' dir='ltr'><strong><em>cura</em></strong></span> <span class='ocrx_word' id='word_1_299' title='bbox 2703 2243 3123 2294; x_wconf 85' lang='lat' dir='ltr'><strong><em>terrenorum</em></strong></span> <span class='ocrx_word' id='word_1_300' title='bbox 3159 2255 3389 2312; x_wconf 83' lang='lat' dir='ltr'><strong><em>pecca-</em></strong></span> 
     </span>
     <span class='ocr_line' id='line_1_61' title="bbox 1907 2339 3385 2416; baseline -0.001 -18"><span class='ocrx_word' id='word_1_301' title='bbox 1907 2350 2159 2416; x_wconf 73' lang='lat' dir='ltr'><strong><em>verant,</em></strong></span> <span class='ocrx_word' id='word_1_302' title='bbox 2212 2349 2270 2400; x_wconf 86' lang='lat' dir='ltr'><strong><em>et</em></strong></span> <span class='ocrx_word' id='word_1_303' title='bbox 2308 2361 2426 2400; x_wconf 87' lang='lat' dir='ltr'><strong><em>cur</em></strong></span> <span class='ocrx_word' id='word_1_304' title='bbox 2460 2342 2723 2399; x_wconf 91' lang='lat' dir='ltr'><strong><em>easdem</em></strong></span> <span class='ocrx_word' id='word_1_305' title='bbox 2757 2343 2871 2398; x_wconf 86' lang='lat' dir='ltr'><strong><em>hoc</em></strong></span> <span class='ocrx_word' id='word_1_306' title='bbox 2907 2339 3091 2397; x_wconf 90' lang='lat' dir='ltr'><strong><em>modo</em></strong></span> <span class='ocrx_word' id='word_1_307' title='bbox 3117 2341 3385 2415; x_wconf 82' lang='lat' dir='ltr'><strong><em>patian-</em></strong></span> 
     </span>
     <span class='ocr_line' id='line_1_62' title="bbox 1906 2455 2041 2507; baseline 0.007 -1"><span class='ocrx_word' id='word_1_308' title='bbox 1906 2455 2041 2507; x_wconf 86' lang='lat' dir='ltr'><strong><em>tur.</em></strong></span> 
     </span>
    </p>

    <p class='ocr_par' dir='ltr' id='par_1_27' title="bbox 1899 2551 3386 2821">
     <span class='ocr_line' id='line_1_63' title="bbox 1977 2551 3386 2628; baseline -0.004 -19"><span class='ocrx_word' id='word_1_309' title='bbox 1977 2551 2191 2610; x_wconf 89' lang='lat' dir='ltr'><strong>LVIII.</strong></span> <span class='ocrx_word' id='word_1_310' title='bbox 2249 2553 2578 2624; x_wconf 85' lang='lat' dir='ltr'><strong><em>Quomodo</em></strong></span> <span class='ocrx_word' id='word_1_311' title='bbox 2620 2556 2968 2628; x_wconf 88' lang='lat' dir='ltr'><strong><em>peccatum</em></strong></span> <span class='ocrx_word' id='word_1_312' title='bbox 3017 2566 3217 2608; x_wconf 85' lang='lat' dir='ltr'><strong><em>curae</em></strong></span> <span class='ocrx_word' id='word_1_313' title='bbox 3254 2553 3386 2604; x_wconf 84' lang='lat' dir='ltr'><strong><em>ter-</em></strong></span> 
     </span>
     <span class='ocr_line' id='line_1_64' title="bbox 1903 2655 3386 2733; baseline -0.002 -22"><span class='ocrx_word' id='word_1_314' title='bbox 1903 2674 2213 2713; x_wconf 87' lang='lat' dir='ltr'><strong><em>renorum</em></strong></span> <span class='ocrx_word' id='word_1_315' title='bbox 2253 2660 2547 2716; x_wconf 76' lang='lat' dir='ltr'><strong><em>homiues</em></strong></span> <span class='ocrx_word' id='word_1_316' title='bbox 2592 2655 2993 2733; x_wconf 82' lang='lat' dir='ltr'><strong><em>poenitendo</em></strong></span> <span class='ocrx_word' id='word_1_317' title='bbox 3041 2656 3111 2712; x_wconf 93' lang='lat' dir='ltr'><strong><em>in</em></strong></span> <span class='ocrx_word' id='word_1_318' title='bbox 3163 2669 3386 2729; x_wconf 68' lang='lat' dir='ltr'><strong><em>coi-1:0-</em></strong></span> 
     </span>
     <span class='ocr_line' id='line_1_65' title="bbox 1899 2760 2703 2821; baseline 0.002 -3"><span class='ocrx_word' id='word_1_319' title='bbox 1899 2760 2079 2820; x_wconf 86' lang='lat' dir='ltr'><strong><em>ribus</em></strong></span> <span class='ocrx_word' id='word_1_320' title='bbox 2115 2767 2252 2821; x_wconf 89' lang='lat' dir='ltr'><strong><em>suis</em></strong></span> <span class='ocrx_word' id='word_1_321' title='bbox 2287 2764 2703 2821; x_wconf 72' lang='lat' dir='ltr'><strong><em>examinent.</em></strong></span> 
     </span>
    </p>

    <p class='ocr_par' dir='ltr' id='par_1_28' title="bbox 1896 2866 3383 3362">
     <span class='ocr_line' id='line_1_66' title="bbox 1993 2866 3379 2944; baseline -0.004 -20"><span class='ocrx_word' id='word_1_322' title='bbox 1993 2866 2237 2926; x_wconf 88' lang='lat' dir='ltr'><strong>LVIIII.</strong></span> <span class='ocrx_word' id='word_1_323' title='bbox 2298 2869 2480 2940; x_wconf 88' lang='lat' dir='ltr'><strong><em>Quod</em></strong></span> <span class='ocrx_word' id='word_1_324' title='bbox 2527 2869 2640 2944; x_wconf 83' lang='lat' dir='ltr'><strong><em>qui</em></strong></span> <span class='ocrx_word' id='word_1_325' title='bbox 2678 2883 2908 2925; x_wconf 79' lang='lat' dir='ltr'><strong><em>curam</em></strong></span> <span class='ocrx_word' id='word_1_326' title='bbox 2958 2870 3379 2922; x_wconf 87' lang='lat' dir='ltr'><strong><em>terrenorum</em></strong></span> 
     </span>
     <span class='ocr_line' id='line_1_67' title="bbox 1899 2968 3383 3047; baseline -0.004 -18"><span class='ocrx_word' id='word_1_327' title='bbox 1899 2972 2215 3047; x_wconf 73' lang='lat' dir='ltr'><strong><em>diliqunt,</em></strong></span> <span class='ocrx_word' id='word_1_328' title='bbox 2253 2975 2345 3032; x_wconf 88' lang='lat' dir='ltr'><strong><em>sic</em></strong></span> <span class='ocrx_word' id='word_1_329' title='bbox 2380 2977 2756 3032; x_wconf 85' lang='lat' dir='ltr'><strong><em>creaturam</em></strong></span> <span class='ocrx_word' id='word_1_330' title='bbox 2782 2971 3170 3046; x_wconf 73' lang='lat' dir='ltr'><strong><em>inspiciant,</em></strong></span> <span class='ocrx_word' id='word_1_331' title='bbox 3200 2972 3261 3025; x_wconf 92' lang='lat' dir='ltr'><strong><em>et</em></strong></span> <span class='ocrx_word' id='word_1_332' title='bbox 3291 2968 3383 3024; x_wconf 88' lang='lat' dir='ltr'><strong><em>sic</em></strong></span> 
     </span>
     <span class='ocr_line' id='line_1_68' title="bbox 1896 3079 3379 3149; baseline -0.005 -14"><span class='ocrx_word' id='word_1_333' title='bbox 1896 3079 2222 3135; x_wconf 87' lang='lat' dir='ltr'><strong><em>creaturis</em></strong></span> <span class='ocrx_word' id='word_1_334' title='bbox 2258 3079 2764 3149; x_wconf 84' lang='lat' dir='ltr'><strong><em>communicent,</em></strong></span> <span class='ocrx_word' id='word_1_335' title='bbox 2794 3092 2867 3133; x_wconf 88' lang='lat' dir='ltr'><strong><em>ac</em></strong></span> <span class='ocrx_word' id='word_1_336' title='bbox 2894 3079 3198 3132; x_wconf 85' lang='lat' dir='ltr'><strong><em>aratrum</em></strong></span> <span class='ocrx_word' id='word_1_337' title='bbox 3232 3088 3379 3130; x_wconf 87' lang='lat' dir='ltr'><strong><em>cum</em></strong></span> 
     </span>
     <span class='ocr_line' id='line_1_69' title="bbox 1896 3174 3379 3258; baseline -0.003 -21"><span class='ocrx_word' id='word_1_338' title='bbox 1896 3179 2099 3238; x_wconf 84' lang='lat' dir='ltr'><strong><em>bubus</em></strong></span> <span class='ocrx_word' id='word_1_339' title='bbox 2155 3184 2248 3240; x_wconf 91' lang='lat' dir='ltr'><strong><em>sic</em></strong></span> <span class='ocrx_word' id='word_1_340' title='bbox 2296 3180 2823 3258; x_wconf 79' lang='lat' dir='ltr'><strong><em>apprehendant,</em></strong></span> <span class='ocrx_word' id='word_1_341' title='bbox 2882 3183 2954 3234; x_wconf 88' lang='lat' dir='ltr'><strong><em>ut</em></strong></span> <span class='ocrx_word' id='word_1_342' title='bbox 3015 3183 3237 3235; x_wconf 89' lang='lat' dir='ltr'><strong><em>tamen</em></strong></span> <span class='ocrx_word' id='word_1_343' title='bbox 3294 3174 3379 3233; x_wconf 87' lang='lat' dir='ltr'><strong><em>ad</em></strong></span> 
     </span>
     <span class='ocr_line' id='line_1_70' title="bbox 1898 3285 2496 3362; baseline 0.002 -20"><span class='ocrx_word' id='word_1_344' title='bbox 1898 3285 2113 3343; x_wconf 88' lang='lat' dir='ltr'><strong><em>Deum</em></strong></span> <span class='ocrx_word' id='word_1_345' title='bbox 2146 3288 2496 3362; x_wconf 86' lang='lat' dir='ltr'><strong><em>aspiciant.</em></strong></span> 
     </span>
    </p>

    <p class='ocr_par' dir='ltr' id='par_1_29' title="bbox 1892 3385 3383 3779">
     <span class='ocr_line' id='line_1_71' title="bbox 1984 3385 3382 3464; baseline -0.005 -17"><span class='ocrx_word' id='word_1_346' title='bbox 1984 3388 2109 3447; x_wconf 86' lang='lat' dir='ltr'><strong><em>LX.</em></strong></span> <span class='ocrx_word' id='word_1_347' title='bbox 2164 3390 2334 3447; x_wconf 89' lang='lat' dir='ltr'><strong><em>Item</em></strong></span> <span class='ocrx_word' id='word_1_348' title='bbox 2382 3389 2461 3447; x_wconf 90' lang='lat' dir='ltr'><strong><em>de</em></strong></span> <span class='ocrx_word' id='word_1_349' title='bbox 2511 3388 2665 3447; x_wconf 90' lang='lat' dir='ltr'><strong><em>aliis</em></strong></span> <span class='ocrx_word' id='word_1_350' title='bbox 2700 3385 3090 3464; x_wconf 83' lang='lat' dir='ltr'><strong><em>quibusdam</em></strong></span> <span class='ocrx_word' id='word_1_351' title='bbox 3131 3401 3382 3459; x_wconf 66' lang='lat' dir='ltr'><strong><em>purga-</em></strong></span> 
     </span>
     <span class='ocr_line' id='line_1_72' title="bbox 1897 3490 3383 3570; baseline -0.003 -21"><span class='ocrx_word' id='word_1_352' title='bbox 1897 3496 2089 3552; x_wconf 88' lang='lat' dir='ltr'><strong><em>toriis</em></strong></span> <span class='ocrx_word' id='word_1_353' title='bbox 2116 3495 2352 3569; x_wconf 89' lang='lat' dir='ltr'><strong><em>poenis</em></strong></span> <span class='ocrx_word' id='word_1_354' title='bbox 2384 3491 2828 3570; x_wconf 82' lang='lat' dir='ltr'><strong><em>quarumdam</em></strong></span> <span class='ocrx_word' id='word_1_355' title='bbox 2860 3490 3243 3548; x_wconf 86' lang='lat' dir='ltr'><strong><em>animarum</em></strong></span> <span class='ocrx_word' id='word_1_356' title='bbox 3274 3490 3383 3546; x_wconf 82' lang='lat' dir='ltr'><strong><em>ho-</em></strong></span> 
     </span>
     <span class='ocr_line' id='line_1_73' title="bbox 1892 3595 3380 3674; baseline -0.005 -18"><span class='ocrx_word' id='word_1_357' title='bbox 1892 3600 2176 3671; x_wconf 90' lang='lat' dir='ltr'><strong><em>minum,</em></strong></span> <span class='ocrx_word' id='word_1_358' title='bbox 2236 3616 2403 3674; x_wconf 83' lang='lat' dir='ltr'><strong><em>quae</em></strong></span> <span class='ocrx_word' id='word_1_359' title='bbox 2452 3599 2525 3655; x_wconf 90' lang='lat' dir='ltr'><strong><em>in</em></strong></span> <span class='ocrx_word' id='word_1_360' title='bbox 2580 3595 3012 3653; x_wconf 87' lang='lat' dir='ltr'><strong><em>obstinatione</em></strong></span> <span class='ocrx_word' id='word_1_361' title='bbox 3070 3610 3380 3668; x_wconf 78' lang='lat' dir='ltr'><strong><em>peccave-</em></strong></span> 
     </span>
     <span class='ocr_line' id='line_1_74' title="bbox 1896 3702 3090 3779; baseline -0.003 -20"><span class='ocrx_word' id='word_1_362' title='bbox 1896 3709 2076 3777; x_wconf 89' lang='lat' dir='ltr'><strong><em>rant,</em></strong></span> <span class='ocrx_word' id='word_1_363' title='bbox 2116 3708 2179 3761; x_wconf 86' lang='lat' dir='ltr'><strong><em>et</em></strong></span> <span class='ocrx_word' id='word_1_364' title='bbox 2214 3721 2419 3779; x_wconf 81' lang='lat' dir='ltr'><strong><em>quare</em></strong></span> <span class='ocrx_word' id='word_1_365' title='bbox 2454 3720 2564 3760; x_wconf 90' lang='lat' dir='ltr'><strong><em>eas</em></strong></span> <span class='ocrx_word' id='word_1_366' title='bbox 2598 3703 2688 3760; x_wconf 89' lang='lat' dir='ltr'><strong><em>sic</em></strong></span> <span class='ocrx_word' id='word_1_367' title='bbox 2717 3702 3090 3777; x_wconf 87' lang='lat' dir='ltr'><strong><em>patiantur.</em></strong></span> 
     </span>
    </p>

    <p class='ocr_par' dir='ltr' id='par_1_30' title="bbox 1887 3804 3422 4092">
     <span class='ocr_line' id='line_1_75' title="bbox 1982 3804 3422 3885; baseline -0.005 -20"><span class='ocrx_word' id='word_1_368' title='bbox 1982 3807 2135 3867; x_wconf 88' lang='lat' dir='ltr'><strong>LXI.</strong></span> <span class='ocrx_word' id='word_1_369' title='bbox 2178 3808 2478 3880; x_wconf 89' lang='lat' dir='ltr'><strong><em>Qualiter</em></strong></span> <span class='ocrx_word' id='word_1_370' title='bbox 2504 3826 2630 3883; x_wconf 87' lang='lat' dir='ltr'><strong><em>per</em></strong></span> <span class='ocrx_word' id='word_1_371' title='bbox 2649 3805 3138 3882; x_wconf 88' lang='lat' dir='ltr'><strong><em>poenitentiam</em></strong></span> <span class='ocrx_word' id='word_1_372' title='bbox 3162 3804 3374 3862; x_wconf 83' lang='lat' dir='ltr'><strong><em>homi·</em></strong></span> <span class='ocrx_word' id='word_1_373' title='bbox 3408 3872 3422 3885; x_wconf 35' lang='lat'><em>⁶</em></span> 
     </span>
     <span class='ocr_line' id='line_1_76' title="bbox 1891 3908 3375 3987; baseline -0.005 -16"><span class='ocrx_word' id='word_1_374' title='bbox 1891 3930 2008 3971; x_wconf 88' lang='lat' dir='ltr'><strong><em>nes</em></strong></span> <span class='ocrx_word' id='word_1_375' title='bbox 2037 3918 2386 3987; x_wconf 88' lang='lat' dir='ltr'><strong><em>peccatum</em></strong></span> <span class='ocrx_word' id='word_1_376' title='bbox 2418 3910 2870 3968; x_wconf 85' lang='lat' dir='ltr'><strong><em>obstinationis</em></strong></span> <span class='ocrx_word' id='word_1_377' title='bbox 2897 3908 2968 3965; x_wconf 88' lang='lat' dir='ltr'><strong><em>in</em></strong></span> <span class='ocrx_word' id='word_1_378' title='bbox 3004 3908 3375 3983; x_wconf 77' lang='lat' dir='ltr'><strong><em>semetipsis</em></strong></span> 
     </span>
     <span class='ocr_line' id='line_1_77' title="bbox 1887 4017 2202 4092; baseline 0.006 -20"><span class='ocrx_word' id='word_1_379' title='bbox 1887 4017 2202 4092; x_wconf 89' lang='lat' dir='ltr'><strong><em>puniant.</em></strong></span> 
     </span>
    </p>

    <p class='ocr_par' dir='ltr' id='par_1_31' title="bbox 1891 4113 3363 4300">
     <span class='ocr_line' id='line_1_78' title="bbox 1983 4113 3363 4195; baseline -0.001 -18"><span class='ocrx_word' id='word_1_380' title='bbox 1983 4119 2169 4179; x_wconf 84' lang='lat' dir='ltr'><strong>LXII.</strong></span> <span class='ocrx_word' id='word_1_381' title='bbox 2231 4121 2410 4181; x_wconf 88' lang='lat' dir='ltr'><strong><em>Sicut</em></strong></span> <span class='ocrx_word' id='word_1_382' title='bbox 2470 4119 2654 4195; x_wconf 84' lang='lat' dir='ltr'><strong><em>talpa</em></strong></span> <span class='ocrx_word' id='word_1_383' title='bbox 2708 4123 2958 4174; x_wconf 86' lang='lat' dir='ltr'><strong><em>terram</em></strong></span> <span class='ocrx_word' id='word_1_384' title='bbox 3005 4113 3212 4188; x_wconf 82' lang='lat' dir='ltr'><strong><em>ejicit,</em></strong></span> <span class='ocrx_word' id='word_1_385' title='bbox 3271 4119 3363 4175; x_wconf 91' lang='lat' dir='ltr'><strong><em>sic</em></strong></span> 
     </span>
     <span class='ocr_line' id='line_1_79' title="bbox 1891 4220 3050 4300; baseline 0.001 -22"><span class='ocrx_word' id='word_1_386' title='bbox 1891 4220 2238 4281; x_wconf 87' lang='lat' dir='ltr'><strong><em>obstinatio</em></strong></span> <span class='ocrx_word' id='word_1_387' title='bbox 2270 4240 2563 4300; x_wconf 81' lang='lat' dir='ltr'><strong><em>quaeque</em></strong></span> <span class='ocrx_word' id='word_1_388' title='bbox 2598 4220 2761 4279; x_wconf 91' lang='lat' dir='ltr'><strong><em>bona</em></strong></span> <span class='ocrx_word' id='word_1_389' title='bbox 2793 4222 3050 4279; x_wconf 77' lang='lat' dir='ltr'><strong><em>evertit.</em></strong></span> 
     </span>
    </p>

    <p class='ocr_par' dir='ltr' id='par_1_32' title="bbox 1879 4323 3370 4613">
     <span class='ocr_line' id='line_1_80' title="bbox 1980 4323 3370 4403; baseline 0 -19"><span class='ocrx_word' id='word_1_390' title='bbox 1980 4326 2196 4386; x_wconf 86' lang='lat' dir='ltr'><strong>LXIII.</strong></span> <span class='ocrx_word' id='word_1_391' title='bbox 2237 4327 2418 4399; x_wconf 86' lang='lat' dir='ltr'><strong><em>Quod</em></strong></span> <span class='ocrx_word' id='word_1_392' title='bbox 2442 4327 2602 4403; x_wconf 83' lang='lat' dir='ltr'><strong><em>quia</em></strong></span> <span class='ocrx_word' id='word_1_393' title='bbox 2626 4324 2802 4385; x_wconf 88' lang='lat' dir='ltr'><strong><em>Deus</em></strong></span> <span class='ocrx_word' id='word_1_394' title='bbox 2837 4324 2950 4383; x_wconf 90' lang='lat' dir='ltr'><strong><em>Job</em></strong></span> <span class='ocrx_word' id='word_1_395' title='bbox 2978 4323 3164 4383; x_wconf 86' lang='lat' dir='ltr'><strong><em>valde</em></strong></span> <span class='ocrx_word' id='word_1_396' title='bbox 3189 4343 3370 4384; x_wconf 90' lang='lat' dir='ltr'><strong><em>ama-</em></strong></span> 
     </span>
     <span class='ocr_line' id='line_1_81' title="bbox 1889 4430 3366 4505; baseline -0.001 -17"><span class='ocrx_word' id='word_1_397' title='bbox 1889 4432 2009 4501; x_wconf 87' lang='lat' dir='ltr'><strong><em>vit,</em></strong></span> <span class='ocrx_word' id='word_1_398' title='bbox 2066 4432 2314 4490; x_wconf 86' lang='lat' dir='ltr'><strong><em>multas</em></strong></span> <span class='ocrx_word' id='word_1_399' title='bbox 2372 4430 2829 4489; x_wconf 86' lang='lat' dir='ltr'><strong><em>tribulationes</em></strong></span> <span class='ocrx_word' id='word_1_400' title='bbox 2889 4447 3090 4505; x_wconf 87' lang='lat' dir='ltr'><strong><em>super</em></strong></span> <span class='ocrx_word' id='word_1_401' title='bbox 3144 4430 3366 4505; x_wconf 88' lang='lat' dir='ltr'><strong><em>ipsum</em></strong></span> 
     </span>
     <span class='ocr_line' id='line_1_82' title="bbox 1879 4540 2127 4613; baseline 0.012 -21"><span class='ocrx_word' id='word_1_402' title='bbox 1879 4540 2127 4613; x_wconf 85' lang='lat' dir='ltr'><strong><em>posuit.</em></strong></span> 
     </span>
    </p>

    <p class='ocr_par' dir='ltr' id='par_1_33' title="bbox 1885 4639 3366 5019">
     <span class='ocr_line' id='line_1_83' title="bbox 1975 4639 3366 4716; baseline -0.005 -14"><span class='ocrx_word' id='word_1_403' title='bbox 1975 4643 2220 4702; x_wconf 90' lang='lat' dir='ltr'><strong>LXIIII.</strong></span> <span class='ocrx_word' id='word_1_404' title='bbox 2274 4642 2444 4699; x_wconf 89' lang='lat' dir='ltr'><strong><em>Item</em></strong></span> <span class='ocrx_word' id='word_1_405' title='bbox 2492 4641 2572 4699; x_wconf 88' lang='lat' dir='ltr'><strong><em>de</em></strong></span> <span class='ocrx_word' id='word_1_406' title='bbox 2621 4639 3010 4716; x_wconf 86' lang='lat' dir='ltr'><strong><em>quibusdam</em></strong></span> <span class='ocrx_word' id='word_1_407' title='bbox 3053 4645 3366 4715; x_wconf 75' lang='lat' dir='ltr'><strong><em>puryato-</em></strong></span> 
     </span>
     <span class='ocr_line' id='line_1_84' title="bbox 1885 4744 3363 4825; baseline -0.006 -16"><span class='ocrx_word' id='word_1_408' title='bbox 1885 4753 2004 4809; x_wconf 85' lang='lat' dir='ltr'><strong><em>riis</em></strong></span> <span class='ocrx_word' id='word_1_409' title='bbox 2034 4751 2265 4825; x_wconf 88' lang='lat' dir='ltr'><strong><em>poenis</em></strong></span> <span class='ocrx_word' id='word_1_410' title='bbox 2291 4750 2671 4805; x_wconf 81' lang='lat' dir='ltr'><strong><em>animarum</em></strong></span> <span class='ocrx_word' id='word_1_411' title='bbox 2698 4744 3133 4821; x_wconf 83' lang='lat' dir='ltr'><strong><em>quorumdam</em></strong></span> <span class='ocrx_word' id='word_1_412' title='bbox 3159 4746 3363 4803; x_wconf 80' lang='lat' dir='ltr'><strong><em>homi-</em></strong></span> 
     </span>
     <span class='ocr_line' id='line_1_85' title="bbox 1886 4850 3356 4931; baseline -0.008 -18"><span class='ocrx_word' id='word_1_413' title='bbox 1886 4875 2047 4914; x_wconf 85' lang='lat' dir='ltr'><strong><em>num</em></strong></span> <span class='ocrx_word' id='word_1_414' title='bbox 2095 4857 2207 4931; x_wconf 84' lang='lat' dir='ltr'><strong><em>qui</em></strong></span> <span class='ocrx_word' id='word_1_415' title='bbox 2258 4856 2325 4911; x_wconf 90' lang='lat' dir='ltr'><strong><em>in</em></strong></span> <span class='ocrx_word' id='word_1_416' title='bbox 2377 4850 2739 4926; x_wconf 82' lang='lat' dir='ltr'><strong><em>cupiditate</em></strong></span> <span class='ocrx_word' id='word_1_417' title='bbox 2784 4854 3249 4923; x_wconf 70' lang='lat' dir='ltr'><strong><em>peccaverunt,</em></strong></span> <span class='ocrx_word' id='word_1_418' title='bbox 3295 4853 3356 4902; x_wconf 94' lang='lat' dir='ltr'><strong><em>et</em></strong></span> 
     </span>
     <span class='ocr_line' id='line_1_86' title="bbox 1888 4954 2998 5019; baseline -0.008 0"><span class='ocrx_word' id='word_1_419' title='bbox 1888 4978 2009 5019; x_wconf 87' lang='lat' dir='ltr'><strong><em>cur</em></strong></span> <span class='ocrx_word' id='word_1_420' title='bbox 2044 4961 2196 5016; x_wconf 84' lang='lat' dir='ltr'><strong><em>illas</em></strong></span> <span class='ocrx_word' id='word_1_421' title='bbox 2232 4962 2346 5016; x_wconf 77' lang='lat' dir='ltr'><strong><em>hoc</em></strong></span> <span class='ocrx_word' id='word_1_422' title='bbox 2381 4954 2567 5013; x_wconf 85' lang='lat' dir='ltr'><strong><em>modo</em></strong></span> <span class='ocrx_word' id='word_1_423' title='bbox 2603 4957 2998 5011; x_wconf 80' lang='lat' dir='ltr'><strong><em>sustineant.</em></strong></span> 
     </span>
    </p>
   </div>
  </div>
 </body>
</html>
