4036 6117
1183 497 1425 546 mann
1473 496 1680 546 Vtra:
1728 496 2221 545 usnironum.
2273 500 2331 546 Ρ.
2382 497 2469 545 1v.
2894 540 2908 550 ,
3090 570 3095 574 .
3185 481 3310 545 163

286 632 482 693 quam
530 632 735 679 verae
780 616 1197 695 prudentiae,
1249 636 1400 680 cum
1447 619 1596 696 ipsa
1644 620 1954 680 decorem
2004 619 2395 696 prudentiae
2447 635 2519 677 se
2554 618 2799 679 habere
2832 622 3046 693 putat,
3087 618 3197 677 ubi
3235 621 3375 679 tota

289 720 350 779 in
383 721 673 782 stultitia
709 723 1027 796 ambulat;
1065 739 1142 783 ac
1176 723 1379 798 pedes
1416 724 1670 782 similes
1705 723 1989 799 pedibus
2024 724 2391 799 accipitriS,
2431 723 2747 799 quoniam
2782 723 2847 781 in
2880 722 3189 797 vestigiis
3239 723 3381 781 suis

288 823 637 883 acritatem
671 820 717 903 ¹)
753 826 1067 900 ostendit,
1105 842 1256 886 cum
1291 827 1546 885 nullum
1581 842 1781 902 quam
1816 826 2139 902 placitum
2173 842 2365 886 suum
2405 825 2595 901 sequi
2627 825 2793 899 vult,
2841 826 2996 901 quia
3029 824 3205 901 quod
3240 826 3385 885 vult

209 930 218 939 ’
285 925 406 985 hoc
439 928 570 988 sibi
606 929 815 1005 eligit,
852 945 973 989 nec
1007 930 1390 1004 utilitatem,
1428 930 1544 989 sed
1579 930 1836 990 tantum
1872 930 2240 991 vanitatem
2276 930 2560 991 aliorum
2594 930 2995 990 considerat.
3033 930 3218 1001 Quod
3267 946 3381 989 ve-

293 1045 361 1088 ro
395 1030 857 1091 indumentum
892 1032 1037 1108 ejus
1073 1033 1267 1092 lineis
1303 1032 1435 1093 albi
1471 1049 1549 1092 ac
1581 1033 1756 1108 nigri
1804 1034 2054 1093 coloris
2087 1033 2478 1094 distinctum
2511 1035 2636 1108 est,
2677 1033 2802 1092 hoc
2835 1038 2937 1092 est
2973 1032 3149 1109 quod
3193 1050 3383 1093 scan-

285 1132 431 1193 dala
465 1140 534 1193 et
566 1136 1029 1211 contumeliae,
1066 1153 1237 1214 quae
1270 1138 1399 1198 sibi
1433 1138 1498 1196 in
1530 1136 1750 1198 officio
1784 1154 1905 1197 suo
1940 1138 2333 1211 circumdat,
2374 1138 2705 1198 interdum
2739 1138 2931 1214 quasi
2964 1126 3144 1197 viam
3188 1137 3383 1214 justi-

287 1241 413 1301 tiae
457 1242 792 1304 fallaciter
837 1251 1135 1319 exornat,
1190 1246 1522 1305 interdum
1570 1247 1774 1305 etiam
1823 1245 2092 1306 tramite
2139 1246 2551 1321 deceptionis
2600 1245 2931 1320 obfuscat;
2986 1261 3136 1305 cum
3185 1246 3377 1306 modo

291 1344 417 1404 ista
450 1362 575 1422 pro
613 1347 956 1408 retinenda
991 1350 1368 1423 sanctitate,
1398 1349 1592 1429 modo
1621 1350 1733 1409 illa
1765 1366 1886 1426 pro
1912 1349 2269 1410 devitanda
2304 1350 2657 1425 iniquitate
2691 1365 2762 1409 se
2799 1349 3018 1408 facere
3042 1349 3226 1425 dicit,
3263 1368 3383 1427 pro

286 1465 412 1525 quo
445 1465 574 1510 nec
607 1451 891 1527 gloriam
926 1468 1046 1511 nec
1083 1451 1398 1513 honorem
1434 1453 1813 1527 sapientum
1860 1459 1927 1512 et
1973 1453 2554 1528 disciplinatorum
2590 1453 3047 1529 consequitur,
3097 1452 3213 1512 sed
3248 1469 3388 1513 mo-

288 1554 525 1615 lestam
560 1556 999 1631 abjectionem
1033 1555 1084 1634 ²)
1120 1557 1387 1618 illorum
1423 1558 1538 1633 qui
1570 1572 1718 1616 eam
1752 1573 1882 1617 non
1915 1563 2164 1631 amant,
2195 1558 2311 1617 sed
2338 1560 2449 1633 qui
2482 1559 2694 1633 ipsam
2720 1558 2905 1616 velut
2932 1556 3382 1632 pestilentiam

289 1658 669 1721 abhorrent.
706 1662 870 1721 Nam
905 1661 972 1721 hi
1006 1663 1121 1738 qui
1153 1667 1538 1722 constantes
1573 1661 1639 1721 in
1675 1662 1852 1721 omni
1888 1661 2238 1721 honestate
2270 1668 2337 1721 et
2379 1663 2713 1738 probitate
2748 1668 2924 1736 sunt,
2963 1661 3086 1721 hos
3135 1662 3249 1738 qui
3294 1663 3388 1721 in-

288 1766 733 1825 constantiam
770 1767 835 1825 in
867 1766 1068 1827 dictis
1100 1775 1167 1828 et
1202 1768 1268 1827 in
1300 1768 1617 1844 operibus
1644 1769 1788 1828 suis
1815 1767 2082 1841 habent,
2111 1783 2234 1827 nec
2265 1768 2560 1844 perfecte
2586 1770 2915 1843 venerari,
2945 1785 3067 1828 nec
3092 1768 3388 1846 perfecte

286 1867 568 1944 diligere
599 1876 898 1945 possunt.
936 1869 1059 1931 Sed
1095 1872 1271 1947 quod
1309 1871 1640 1930 interdum
1673 1871 2008 1947 quoddam
2044 1874 2183 1932 rete
2217 1872 2298 1931 ad
2342 1872 2738 1948 capiendum
2782 1873 3097 1933 animalia
3146 1889 3388 1949 expan-

288 1973 406 2047 dit,
444 1974 563 2033 sed
598 1974 764 2035 nihil
799 1975 1001 2051 capit,
1039 1975 1161 2037 hoc
1196 1983 1301 2035 est
1347 1976 1524 2052 quod
1558 1977 1901 2035 multoties
1950 1982 2233 2035 conatus
2276 1993 2436 2035 suos
2480 1976 2560 2035 ad
2609 1976 3067 2051 deceptionem
3118 1978 3385 2037 utilium

289 2074 628 2136 hominum
663 2076 924 2153 dilatat,
961 2078 1072 2138 ubi
1106 2094 1222 2137 eos
1261 2086 1413 2155 post
1448 2095 1520 2137 se
1553 2079 1819 2139 trahere
1856 2079 2140 2151 laborat,
2179 2079 2293 2137 sed
2329 2078 2453 2137 hoc
2486 2080 2807 2156 perficere
2839 2097 2971 2140 non
3007 2082 3374 2156 praevalet,

290 2181 605 2256 quoniam
639 2181 735 2240 illi
771 2181 1167 2241 vacillantes
1199 2182 1460 2242 animos
1495 2199 1625 2242 non
1658 2183 2024 2254 habenteS,.
2042 2182 2150 2241 fixi
2191 2183 2255 2240 in
2287 2182 2481 2241 bonis
2530 2188 2596 2242 et
2632 2184 2696 2242 in
2730 2182 3032 2242 honestis
3081 2184 3383 2243 moribus

291 2284 432 2343 suis
464 2290 879 2359 permanent,
930 2300 1050 2344 nec
1084 2301 1170 2344 sex
1206 2284 1332 2345 hoc
1366 2284 1637 2359 habere,
1674 2301 1796 2344 nec
1831 2301 1902 2344 se
1937 2285 2062 2345 hoc
2097 2301 2296 2362 posse
2342 2287 2558 2344 facere
2592 2286 2999 2359 existimant,
3053 2285 3229 2362 quod
3266 2302 3387 2346 nec

293 2386 562 2462 habent,
598 2403 721 2447 nec
755 2388 975 2448 facere
1009 2394 1344 2464 poterunt.
1381 2390 1628 2448 Vitium
1664 2395 1886 2449 autem
1924 2390 2103 2449 istud
2132 2407 2403 2450 causam
2438 2391 2500 2449 in
2527 2390 2947 2466 qua-pendet,
2979 2390 3162 2449 illam
3190 2391 3253 2449 in
3282 2406 3390 2450 ae-

293 2492 677 2552 stimatione
711 2508 836 2551 sua
868 2499 1071 2567 tenet,
1123 2500 1188 2552 et
1225 2510 1297 2552 se
1330 2509 1460 2554 non
1495 2499 1851 2570 sequentes
1885 2511 2005 2569 pro
2043 2494 2271 2555 stultis
2308 2495 2687 2555 hominibus
2723 2496 2944 2569 habet,
2990 2511 3062 2555 se
3096 2511 3256 2555 vero
3291 2495 3389 2555 di-

293 2595 575 2670 ligentes
609 2594 763 2654 aliis
798 2595 1239 2672 sapientiores
1274 2613 1351 2655 ac
1386 2596 1734 2672 probiores
1769 2602 1835 2655 et
1875 2597 2207 2656 feliciores
2251 2614 2402 2657 esse
2436 2593 2750 2673 affirmat}
2801 2598 2986 2657 velut
3035 2598 3240 2657 etiam
3278 2615 3388 2661 su-

292 2698 519 2774 perius
553 2698 621 2756 in
652 2698 985 2759 locutione
1036 2716 1158 2759 sua
1204 2700 1640 2760 demonstrat.
1695 2701 1813 2760 Cui
1864 2703 2241 2761 constantia
2275 2702 2655 2777 respondet,
2692 2717 2769 2761 ac
2813 2718 2959 2761 eam
3011 2701 3284 2761 stultam
3321 2709 3387 2761 et

290 2818 527 2863 vanam
565 2818 742 2876 esse,
781 2809 850 2862 et
883 2806 949 2863 in
984 2804 1201 2863 locum
1237 2804 1661 2864 miseriarum
1696 2821 1846 2864 cum
1883 2806 2286 2880 sequacibus
2322 2807 2464 2864 suis
2498 2805 2901 2865 descendere
2936 2805 3245 2866 ostendit.

1739 3030 1950 3091 XXXI.

1295 3234 1384 3293 De
1436 3252 1594 3293 cura
1643 3252 1872 3293 rerum
1921 3238 2366 3293 terrenarum,

323 3436 425 3499 42.
462 3437 706 3510 Quinta
741 3445 963 3500 autem
1002 3442 1219 3517 imago
1256 3459 1485 3501 curam
1522 3449 1937 3502 terrenorum
1972 3443 2301 3518 designat,
2354 3449 2419 3501 et
2469 3442 2985 3503 inconstantiam
3037 3444 3144 3503 hic
3190 3445 3395 3504 comi-

299 3546 503 3617 tatur,
539 3545 852 3619 quoniam
889 3545 1191 3605 homines
1226 3547 1339 3622 qui
1392 3547 1456 3605 in
1505 3547 1806 3618 moribus
1839 3553 1905 3605 et
1941 3547 2006 3606 in
2040 3546 2357 3622 operibus
2392 3547 2534 3605 suis
2572 3547 3025 3607 inconstantes
3062 3551 3237 3622 sunt,
3275 3563 3393 3624 per

303 3645 815 3708 instabilitatem
849 3665 1050 3725 quarn
1085 3651 1147 3709 in
1184 3651 1519 3711 mentibus
1555 3652 1696 3711 suis
1751 3651 2134 3727 frequenter
2170 3651 2436 3725 habent,
2474 3667 2635 3710 cura
2685 3657 3102 3711 terrenorum
3138 3653 3394 3726 saepis-

302 3751 467 3812 sime
518 3752 971 3829 involvuntur,
1009 3770 1181 3830 quae
1228 3761 1297 3816 et
1330 3756 1738 3816 coelestibus
1774 3756 2054 3830 resistit,
2108 3770 2228 3814 nec
2262 3771 2509 3829 escam,
2556 3770 2679 3814 nec
2728 3755 3162 3816 refectionem
3212 3756 3391 3815 vitae

303 3855 587 3930 quaerit.
617 3856 696 3916 Et
730 3863 804 3916 ut
835 3858 1023 3918 vides
1054 3858 1333 3918 formam
1363 3859 1673 3935 hominiS,
1705 3860 1966 3919 scilicet
1993 3861 2441 3919 saecularium
2478 3877 2554 3919 ac
2581 3865 3001 3921 terrenarum
3034 3876 3391 3920 causarum

304 3963 834 4039 occupationem,
869 3968 937 4025 et
969 3965 1257 4041 pallidos
1291 3965 1574 4042 capillos
1608 3965 1828 4040 habet,
1871 3965 1930 4024 id
1959 3968 2066 4025 est
2100 3966 2162 4024 in
2198 3966 2603 4040 insipientia,
2633 3971 2700 4023 et
2737 3966 2800 4024 in
2834 3981 3073 4040 magno
3101 3966 3389 4039 strepitu

302 4074 642 4128 errantem
675 4070 992 4144 animum,
1032 4070 1282 4146 ubique
1314 4068 1824 4143 discurrentem,
1861 4070 2020 4145 quia
2055 4068 2359 4128 homines
2394 4068 2520 4128 hoc
2551 4069 2717 4128 vitio
2749 4069 3161 4143 insudanteS‚
3193 4069 3400 4127 maxi-

307 4188 485 4232 mam
534 4173 1064 4250 inquietudinem
1113 4179 1181 4233 et
1214 4176 1475 4234 animae
1509 4179 1576 4232 et
1623 4174 1929 4248 corporis
1963 4173 2332 4248 patiuntur,
2388 4173 2504 4232 sed
2542 4173 2607 4231 in
2642 4172 2787 4248 hoc,
2824 4173 3010 4233 velut
3058 4175 3124 4232 in
3159 4189 3399 4248 magna

307 4278 531 4354 quiete
566 4279 721 4352 sint,
758 4279 1177 4339 delectantur
1200 4274 1271 4358 ⁸).
1306 4279 1471 4338 Nam
1506 4277 1681 4354 quod
1719 4278 2105 4354 inquietudo
2155 4278 2441 4337 aliorum
2492 4276 2833 4337 hominum
2868 4284 2994 4352 est,
3033 4277 3157 4338 hoc
3206 4279 3399 4354 quies

311 4379 592 4444 istorum
626 4390 752 4452 est;
789 4392 857 4444 et
890 4384 1067 4461 quod
1102 4385 1294 4462 quies
1330 4385 1637 4458 aliorum,
1675 4390 1742 4444 et
1777 4383 1901 4443 hoc
1938 4384 2326 4460 inquietudo
2368 4384 2632 4443 illorum
2677 4400 2796 4461 per
2844 4383 2968 4443 hoc
3003 4385 3241 4444 vitium
3275 4391 3399 4445 est.

310 4490 491 4550 Unde
528 4490 592 4548 in
627 4489 924 4550 tenebris
958 4491 1150 4566 quasi
1187 4491 1251 4549 in
1284 4491 1461 4550 dolio
1496 4489 1671 4548 nuda
1707 4491 1862 4562 stat,
1898 4489 2214 4566 quoniam
2250 4505 2490 4548 sensus
2524 4494 2591 4548 et
2624 4489 2827 4548 corda
2861 4488 3250 4548 eorumdem
3287 4488 3401 4548 ho-

313 4595 566 4654 minum
597 4594 925 4670 nigredini
961 4600 1379 4654 terrenarum
1416 4593 1941 4653 sollicitudinum
1976 4598 2043 4651 et
2077 4594 2539 4667 angustiarum
2576 4594 2667 4652 ita
2703 4593 2998 4669 impositi
3048 4599 3113 4652 et
3149 4593 3404 4652 involu-

316 4699 364 4756 ti
403 4705 582 4774 sunt,
635 4699 812 4775 quod
847 4698 1001 4758 nudi
1054 4716 1090 4758 a
1127 4714 1414 4773 superna
1448 4697 1859 4757 beatitudine
1896 4702 2081 4756 tanta
2112 4696 2558 4757 delectatione
2590 4698 2690 4756 eis
2726 4698 3068 4771 insistunt,
3106 4697 3302 4773 quasi
3341 4697 3405 4755 in

315 4806 573 4865 balneis
608 4821 760 4864 cum
811 4807 1144 4865 suavitate
1180 4805 1473 4864 sedeant.
1515 4805 1677 4864 Cum
1728 4804 1902 4863 enim
1940 4804 2308 4863 nuditatem
2342 4804 2600 4879 primae
2645 4803 3060 4877 ignorantiae
3096 4802 3403 4877 diligunt,

315 4919 474 4973 tunc
521 4928 643 4972 nec
689 4912 1130 4972 desiderando
1179 4928 1299 4970 nec
1351 4911 1774 4988 postulando,
1811 4911 2287 4970 vestimentum
2325 4909 2568 4969 salutis
2603 4926 2640 4968 a
2685 4908 2819 4967 Deo
2857 4909 3209 4982 quaerunt,
3247 4908 3402 4982 quia

315 5031 545 5075 omnes
582 5016 981 5075 intentiones
1016 5021 1081 5075 et
1115 5016 1333 5075 omnia
1373 5015 1594 5075 studia
1632 5032 1750 5074 sua
1787 5015 1864 5073 ad
1905 5002 2605 5085 saecularia‘tendunt‚
2636 5019 2703 5071 et
2730 5013 2884 5087 quia
2916 5011 3019 5069 his
3047 5026 3217 5087 quae
3247 5016 3408 5068 tem-

397 5183 437 5250 ¹)
465 5183 545 5240 sic
575 5189 812 5256 uterquc
838 5184 960 5242 cod.
994 5216 1053 5224 —--
1083 5186 1128 5252 ²)
1155 5186 1451 5255 abjectione
1475 5182 1540 5239 Α.
1575 5184 1749 5238 Paulo
1777 5187 1900 5256 post
1928 5202 2054 5238 nam
2080 5184 2167 5238 his
2193 5187 2292 5254 qui
2319 5181 2387 5242 Α.
2418 5182 2508 5237 W.
2544 5212 2603 5220 --
2634 5181 2677 5248 ³)
2705 5182 3026 5236 delectentur
3053 5177 3142 5232 W.
