4036 6117
1387 523 1812 571 exrosmlo
1862 522 2517 570 EVANGELIORUM.
3278 508 3402 570 311

475 640 551 702 Et
592 640 994 704 publicanus
1031 659 1069 698 α
1119 641 1302 716 lonqe
1341 643 1406 699 in
1456 642 1654 700 exilio
1692 649 1871 700 stans
1919 640 2318 701 fiducialiter
2352 638 2780 711 aedificandO,
2819 638 3072 698 nolebat
3112 660 3229 699 nec
3262 644 3479 702 oculos

382 763 547 819 ειιοε,
586 746 845 804 scilicet
872 744 1046 820 quod
1084 745 1282 819 sapit,
1311 746 1396 803 ad
1423 746 1696 819 coelum,
1727 745 2039 804 videlicet
2066 744 2146 803 ad
2174 744 2619 819 patrocinium
2645 743 2853 802 divini
2882 744 3197 819 adjutorii
3234 747 3475 823 levare,

382 849 447 908 id
496 853 598 910 est
631 852 913 925 erigere,
967 850 1084 909 sed
1112 850 1552 926 percutiebat,
1605 851 1865 909 scilicet
1899 848 2290 909 conterebat
2334 853 2566 924 pectus
2600 866 2814 922 suum,
2852 850 3167 910 videlicet
3199 853 3335 911 vim
3386 854 3485 913 in-

379 952 688 1012 tellectus
740 954 868 1027 sui,
905 954 1156 1012 dicens:
1211 955 1412 1028 DeuS,
1451 957 1714 1013 creator
1761 954 2081 1026 omnium,
2113 954 2443 1030 propitius
2480 957 2637 1025 est-0,
2674 952 2934 1011 scilicet
2970 958 3041 1012 tu
3075 954 3212 1014 scis
3246 971 3374 1031 me,
3412 963 3481 1017 et

383 1061 528 1120 ideo
565 1061 621 1119 si
663 1060 784 1133 viS,
823 1067 1014 1134 potes
1051 1074 1154 1117 me
1190 1065 1606 1132 convertere,
1644 1062 1809 1118 milti
1837 1059 2193 1135 peccatori,
2232 1076 2270 1116 a
2304 1058 2777 1116 contrarietate
2813 1073 2959 1115 mea
3006 1058 3088 1116 ad
3132 1065 3197 1117 te
3235 1059 3477 1135 ipsum.

470 1167 681 1226 Amen
730 1165 872 1224 dieo
904 1163 1103 1233 vobis,
1156 1163 1414 1222 scilicet
1449 1163 1729 1221 scientia
1777 1162 1925 1236 Dei,
1980 1163 2317 1222 deseendit
2355 1160 2725 1220 confitendo
2775 1163 2900 1233 hic,
2938 1161 3251 1221 videlicet
3300 1165 3478 1224 mala

387 1268 694 1340 scientia,
713 1263 1122 1345 justificatus
1158 1266 1224 1324 in
1267 1264 1392 1324 hoc
1426 1265 1600 1340 quod
1635 1264 1812 1324 Deus
1847 1266 2050 1324 altior
2083 1267 2172 1324 sit
2206 1280 2404 1339 quam
2446 1265 2588 1340 ipsa
2624 1268 3013 1339 perpetrare
3044 1258 3090 1341 ¹)
3128 1267 3368 1341 possit,
3407 1269 3481 1326 in

383 1373 651 1431 domum
699 1388 908 1443 suam,
950 1371 1040 1429 ita
1089 1374 1162 1428 ut
1195 1369 1278 1429 ad
1315 1385 1386 1427 se
1422 1371 1489 1428 in
1529 1369 1702 1429 bona
1737 1370 2021 1429 scientia
2058 1374 2460 1442 revertatur,
2498 1373 2565 1427 et
2598 1365 2807 1426 Deum
2840 1366 3259 1443 confiteatur,
3295 1368 3373 1428 ab
3408 1370 3486 1429 il-

384 1477 473 1545 le,
512 1474 773 1532 scilicet
807 1491 841 1532 a
880 1488 1161 1548 corpore
1189 1489 1331 1533 suo.

483 1579 653 1650 Quia
699 1579 909 1636 omnis
944 1579 1057 1653 qui
1107 1596 1173 1635 se
1207 1576 1484 1650 exaltat,
1538 1575 1602 1635 id
1637 1583 1741 1635 est
1790 1577 1904 1652 qui
1942 1577 2095 1652 plus
2130 1574 2496 1636 ascendunt
2528 1590 2729 1650 quam
2766 1575 2832 1632 in
2866 1574 3146 1634 scientia
3179 1580 3482 1650 possunt,

385 1681 870 1754 humiliabitur,
922 1681 1237 1757 quoniam
1279 1680 1510 1756 pusilli
1558 1686 1625 1740 ct
1658 1696 1988 1756 pauperes
2040 1685 2257 1755 erunt,
2308 1682 2518 1757 etqui
2566 1698 2632 1739 se
2665 1680 2999 1753 humiliat,
3050 1679 3484 1753 exaltabitur,

397 1786 660 1846 scilicet
694 1784 809 1861 qui
843 1801 915 1845 se
948 1783 1082 1845 Deo
1117 1784 1506 1861 subjecerit,
1543 1785 1799 1844 coelum
1837 1792 1904 1844 et
1938 1792 2123 1845 terra
2157 1785 2343 1845 illum
2380 1784 2759 1860 suscipiunt
2791 1789 2857 1842 et
2892 1782 3237 1844 honorant.

1747 2039 2106 2143 XXIV.

1319 2288 1397 2343 In
1452 2288 1798 2359 Dominica
1840 2287 2075 2360 prima
2121 2285 2479 2344 ‘Adventus
2528 2282 2577 2359 ²)

1918 2492 1962 2551 1.

487 2704 701 2762 Erunt
755 2706 941 2780 siqua
971 2698 1046 2781 ³),
1101 2702 1165 2762 id
1199 2705 1305 2762 est
1352 2704 1562 2762 multa
1608 2701 1937 2778 prodigia,
1989 2704 2063 2760 in
2098 2703 2229 2760 sole
2263 2708 2327 2761 et
2377 2702 2543 2761 luna
2584 2707 2647 2760 et
2697 2702 2933 2777 stelliS,
2984 2702 3079 2763 ita
3126 2704 3304 2781 quod
3352 2704 3497 2765 inu-

392 2809 598 2867 sitata
646 2808 834 2883 signa
862 2808 1137 2883 dabunt,
1176 2808 1306 2868 alio
1342 2808 1603 2867 scilicet
1636 2807 1832 2867 modo
1866 2822 2067 2882 quam
2104 2808 2471 2867 constituta
2501 2809 2751 2881 essent,
2788 2813 2856 2868 et
2890 2806 3019 2868 alio
3056 2808 3252 2869 modo
3287 2826 3489 2885 quam

396 2910 783 2971 hominibus
817 2917 1140 2970 consueta
1169 2907 1216 2988 ⁴)
1255 2909 1494 2986 forent,
1530 2918 1592 2969 et
1627 2913 1699 2971 in
1734 2913 1932 2969 terris
1961 2929 2282 2988 pressura
2314 2912 2636 2989 qentium,
2673 2910 2992 2986 quoniam
3027 2917 3100 2971 ut
3134 2912 3486 2988 superiora

402 3016 469 3075 in
502 3015 706 3075 alium
759 3014 1025 3076 modum
1061 3017 1442 3090 vertentur,
1496 3014 1595 3075 sic
1628 3020 1695 3075 et
1742 3014 2087 3091 inferiora,
2127 3015 2387 3076 scilicet
2420 3020 2491 3075 ut
2524 3013 2782 3076 laetitia
2819 3014 3161 3075 hominum
3195 3016 3261 3074 in
3294 3030 3499 3092 angu-

397 3118 600 3178 stiam
649 3125 973 3193 vertetur,
1008 3115 1055 3198 ⁵)
1107 3121 1174 3179 et
1219 3118 1560 3193 profectus
1596 3119 1664 3177 in
1697 3117 2056 3192 defectum,
2108 3138 2275 3196 prae
2334 3121 2720 3196 confusione
2756 3122 3009 3177 sonitus
3042 3120 3248 3177 maris
3282 3125 3343 3178 et
3376 3120 3503 3196 flu·-

399 3229 648 3283 ctuum.
698 3222 797 3283 Ab
831 3239 1004 3298 aqua
1053 3207 1229 3280 enim
1263 3219 1600 3281 viriditas‘
1623 3227 1690 3280 et
1723 3222 1862 3280 vita
1912 3227 2375 3283 creaturarum
2412 3223 2863 3294 sustentatur,
2918 3220 3086 3296 quia·
3114 3220 3260 3296 ipsa
3293 3235 3499 3296 super

400 3330 652 3386 terram
684 3332 752 3386 et
784 3327 907 3386 sub
942 3332 1122 3387 terra
1155 3328 1277 3386 est.
1313 3326 1477 3385 Nam
1515 3344 1547 3383 (ε
1578 3325 1866 3402 Spiritus
1891 3325 2154 3386 Domini
2198 3309 2536 3386 ferebatur
2569 3340 2773 3400 super
2804 3339 3072 3399 aquam,
3100 3319 3146 3401 ⁶)
3181 3342 3211 3380 i>
3247 3329 3315 3384 et
3348 3339 3497 3385 eam

402 3432 601 3507 quasi
649 3433 982 3491 viventem
1003 3428 1197 3491 tecit.
1247 3431 1430 3490 Unde
1465 3446 1616 3489 cum
1650 3430 1954 3491 hominos
1987 3432 2166 3490 mala
2199 3446 2401 3508 opera
2438 3430 2718 3504 faciunt,
2756 3445 2871 3489 aer
2905 3437 2974 3490 et
3004 3445 3183 3507 aqua
3216 3436 3501 3505 tangun-

402 3538 534 3608 tur;
570 3542 637 3594 et
685 3550 858 3610 aqua
893 3550 970 3594 ea
1019 3536 1103 3594 ad
1139 3535 1371 3610 solem,
1424 3536 1648 3594 lunam
1681 3541 1748 3595 et
1795 3535 1877 3595 ad
1913 3536 2145 3596 stellas
2193 3534 2471 3613 profert,
2509 3534 2826 3611 quoniam
2876 3534 3041 3594 haec
3074 3534 3155 3594 de
3192 3543 3377 3611 aqua
3402 3536 3500 3594 lu-

400 3645 589 3713 cent,
638 3644 705 3697 et
754 3639 853 3696 sic
903 3637 1127 3697 sidera
1176 3639 1305 3698 ista
1357 3638 1767 3698 inconsuetis
1817 3640 2193 3699 terroribus
2243 3638 2547 3699 homines
2598 3637 2965 3697 secundum
3013 3653 3219 3715 opera
3265 3653 3500 3697 eorum

402 3744 815 3819 concutiunt,
847 3762 1012 3821 prae
1047 3745 1452 3821 confusione,
1492 3743 1650 3818 quia
1687 3759 1900 3819 aquae
1934 3743 2134 3803 simul
2172 3743 2361 3803 fusae
2398 3749 2554 3803 sunt
2587 3761 2625 3802 a
2658 3741 2912 3818 Spiritu
2946 3741 3208 3817 Sancto,
3246 3744 3502 3801 sonitus

399 3849 604 3905 maris
653 3853 716 3906 et
748 3848 1112 3925 fluctuum,
1165 3847 1478 3922 quoniam
1529 3847 1694 3906 haec
1745 3848 2037 3906 sonitum
2088 3846 2459 3923 plangendo
2509 3847 2825 3906 emittunt
2858 3847 3131 3923 propter
3178 3861 3501 3922 perversa

412 3967 614 4026 opera
665 3952 1027 4012 hominum.
1066 3950 1527 4011 Arescentz'bus
1577 3951 1966 4026 hominibus,
2004 3952 2164 4027 quia
2213 3953 2471 4012 laetitia
2507 3951 2846 4011 hominum
2900 3951 2966 4009 in
3001 3950 3383 4009 ariditatem
3433 3956 3502 4012 et

410 4056 474 4114 in
506 4055 852 4115 tristitiam
902 4060 1227 4129 vertetur,
1258 4075 1422 4132 prae
1473 4058 1705 4114 timore
1742 4057 2027 4116 istorum
2074 4056 2535 4131 prodigiorum
2568 4063 2631 4115 et
2668 4058 3147 4133 expectatione,
3185 4056 3503 4131 quoniam

405 4159 657 4236 maj0ra
711 4159 934 4219 sutura
968 4159 1268 4232 credunt,
1319 4179 1485 4236 quae
1521 4164 1996 4236 superveniunt
2033 4163 2339 4220 universo
2373 4161 2529 4234 orbi,
2581 4161 2759 4219 omni
2797 4160 3063 4234 mundO,
3102 4161 3258 4236 quia
3294 4159 3506 4219 homi-

411 4265 606 4322 nibus
657 4263 841 4338 fideS,
880 4280 1033 4338 spes
1068 4271 1133 4322 et
1168 4265 1538 4323 consolatio
1575 4271 1730 4323 tunc
1763 4265 2045 4324 deficiet.
2082 4266 2253 4325 Nam
2285 4268 2562 4324 virtutes
2591 4266 2941 4339 coelorum,
2978 4266 3237 4324 scilicet
3268 4266 3505 4341 Angeli

405 4368 835 4427 movebuntur
885 4369 967 4428 ad
997 4369 1323 4445 judicium
1371 4377 1438 4429 et
1474 4370 1537 4428 in
1573 4370 2128 4445 indignationem,
2166 4372 2480 4447 quoniam
2517 4371 2822 4431 homines
2843 4371 2981 4447 jam
3015 4371 3368 4431 Dominum
3403 4387 3505 4432 re·-

413 4479 707 4531 trorsum
757 4472 1163 4548 abjecerunt.
1199 4473 1380 4533 Unde
1430 4475 1649 4548 angeli
1681 4474 1781 4533 eis
1829 4474 2282 4550 indignantur,
2322 4475 2496 4534 sicut
2538 4481 2603 4534 et
2638 4481 2789 4534 ante
2827 4476 3351 4535 incarnationem
3383 4474 3511 4535 Do·-

409 4577 568 4635 mini
610 4575 929 4636 fecerunt.

499 4679 584 4738 Et
633 4685 790 4740 tunc
821 4678 1130 4739 videbunt
1167 4681 1234 4739 in
1259 4679 1512 4757 judicio
1561 4681 1814 4742 Filium
1846 4686 2152 4759 hominis,
2206 4684 2569 4760 Christum,
2605 4687 2975 4745 venientem
3013 4689 3085 4745 in
3119 4685 3290 4746 nube
3323 4685 3510 4746 blan-

408 4779 492 4839 da
539 4787 608 4841 et
643 4782 950 4857 terribili,
1003 4802 1153 4843 cum
1182 4792 1502 4861 potestate
1551 4805 1792 4864 maqna
1825 4786 2263 4848 humanitatis
2312 4795 2374 4848 et
2408 4785 2751 4862 majestate
2800 4789 3204 4849 DivinitatiS.
3242 4790 3359 4850 His
3393 4809 3511 4849 au-

408 4889 538 4942 tem
588 4885 799 4959 signis
833 4901 1004 4961 quae
1054 4887 1396 4961 praedicta
1430 4891 1608 4962 sunt,
1658 4891 1803 4968 fieri
1836 4891 2329 4969 incipientibuS,
2384 4893 2647 4969 quando
2691 4893 2828 4970 jam
2877 4898 3247 4967 emergunt,
3301 4895 3511 4969 respi-

486 5087 527 5148 ἱ]
557 5087 681 5143 sort.
725 5094 1017 5159 pervenire.
1055 5120 1114 5158 ή-
1142 5092 1184 5150 2)
1228 5090 1289 5144 ln
1335 5091 1585 5159 margine
1624 5092 1743 5147 cod.
1772 5098 1926 5146 nota·
2020 5094 2171 5161 gotia
2222 5094 2444 5165 triplex.
2482 5126 2546 5134 -
2567 5095 2610 5158 3)
2640 5095 2771 5149 Luc.
2802 5094 2932 5155 XX.
2962 5097 3029 5146 25
3056 5125 3076 5132 -
3106 5095 3191 5146 33.
3224 5120 3291 5130 —
3319 5090 3361 5152 ⁴)
3388 5108 3508 5146 con-

419 5179 509 5227 tur
553 5175 778 5236 Littera.
815 5181 869 5229 et
905 5182 1070 5229 recte.
1122 5174 1270 5230 Infra
1310 5175 1459 5229 enim
1488 5176 1772 5231 evolvitur
1798 5178 1906 5233 alle
2017 5184 2155 5235 sueti
2174 5180 2293 5235 cod.
2327 5212 2393 5219 κ·
2421 5183 2461 5245 ⁵)
2490 5186 2735 5235 vertatur
2759 5179 2877 5234 cod.
2913 5211 2971 5218 -
3004 5179 3046 5244 ⁶)
3073 5177 3271 5232 Gcnes
3309 5176 3353 5236 Ι.
3379 5179 3429 5233 2.
