4036 6117
1634 523 2097 572 emsa-onan.
3168 511 3297 571 413

268 662 625 721 sensuum,
678 646 806 706 nisi
859 646 1070 706 solius
1120 645 1362 706 mentis
1413 646 1815 722 intentione,
1871 664 2044 723 quae
2094 644 2411 723 praefert.
2470 645 2732 705 Asserit
2776 643 2979 704 etiam
3028 644 3186 720 quia
3233 660 3365 703 non

265 752 628 825 dormienS,
683 750 796 809 sed
836 751 1145 824 vigilam,
1200 751 1292 809 ita
1326 756 1400 809 ut
1432 766 1771 826 nunquam
1807 750 2142 812 defectum
2178 751 2429 809 extasis
2467 750 2532 808 in
2571 749 2676 808 his
2710 750 3031 822 patiatur,
3066 748 3365 807 visiones

267 873 426 915 suas
476 855 873 931 prospiciat,
912 870 1124 930 neque
1173 855 1306 913 alia
1340 855 1545 914 verba
1596 855 1660 913 in
1693 855 1795 914 eis
1842 853 2305 914 describendis
2355 868 2557 928 quam
2606 867 2778 927 quae
2814 853 3038 925 audit,
3090 864 3360 927 ponere.

267 960 581 1018 Testatur
629 965 1001 1034 praeterea,
1055 958 1229 1033 quod
1281 957 1497 1016 adbuc
1550 958 1787 1034 majori
1825 960 2102 1033 stupore
2149 957 2424 1031 dignum
2462 959 2588 1030 est,
2640 954 2954 1029 quoniam
2990 954 3056 1013 in
3103 951 3366 1028 praedi-

268 1070 375 1120 cto
429 1064 675 1122 lumine
709 1064 909 1122 aliam
957 1064 1172 1122 lucem
1205 1078 1376 1137 quae
1413 1064 1563 1122 Lux
1596 1065 1818 1121 vivens
1852 1063 1913 1120 ei
1948 1062 2352 1134 nominatur,
2393 1058 2723 1118 interdum
2758 1058 3068 1132 aspiciat,
3103 1062 3171 1117 et
3202 1073 3367 1132 quo-

266 1165 460 1225 modo
512 1167 694 1226 illam
728 1167 989 1239 videat,
1042 1166 1266 1225 verbis
1302 1165 1600 1241 proferre
1651 1181 1780 1224 non
1813 1166 2064 1238 valeat3
2116 1170 2318 1240 atque
2354 1162 2621 1222 interim
2654 1163 2814 1221 dum
2846 1161 3033 1221 illam
3067 1166 3365 1220 contem-

265 1273 524 1349 platur,
577 1275 794 1333 omnis
830 1273 1109 1333 tristitia
1156 1279 1222 1332 et
1258 1273 1566 1347 angustia
1615 1273 1698 1331 ab
1736 1274 1880 1347 ipsa
1929 1272 2268 1341 aufertur,
2321 1270 2486 1330 adeo
2534 1275 2610 1328 ut
2643 1274 2802 1329 tunc
2836 1268 3023 1327 velut
3073 1273 3363 1327 aetatem

267 1385 333 1438 et
366 1381 721 1439 sanitatem
771 1379 1099 1454 simplicis
1130 1372 1176 1454 ¹)
1211 1378 1496 1453 puellae,
1548 1382 1615 1435 et
1648 1393 1778 1436 non
1809 1378 2076 1436 vetulae
2109 1382 2176 1436 et
2226 1376 2529 1435 infirmae
2567 1374 2894 1447 mulieris,
2946 1371 3125 1449 quod
3158 1370 3368 1430 omni-

265 1499 348 1541 no
382 1487 508 1555 est,
562 1481 808 1541 habere
843 1482 969 1540 sibi
1020 1482 1348 1541 videatur.
1386 1480 1661 1552 Quando
1712 1481 1879 1540 vidit
1911 1486 1978 1540 et
2028 1481 2286 1540 audivit
2321 1481 2609 1539 mundus
2644 1476 2928 1537 similia?
2962 1474 3127 1535 Sunt
3158 1475 3364 1533 etiam

269 1586 556 1659 plurima
608 1586 827 1645 relatu
874 1586 1076 1661 digna
1121 1591 1187 1643 et
1223 1585 1416 1643 fidem
1468 1599 1632 1659 pene
1683 1584 2115 1654 excedentia,
2169 1599 2341 1659 quae
2374 1583 2455 1642 de
2503 1599 2583 1642 ea
2616 1582 2716 1641 sic
2764 1580 3083 1639 deberent
3132 1579 3361 1653 inseri,

267 1692 383 1751 sed
434 1693 748 1766 quoniam
798 1708 877 1750 ex
929 1693 1120 1753 libris
1169 1693 1316 1768 ejus
1365 1693 1432 1751 et
1464 1691 1771 1766 epistolis
1821 1690 2200 1766 legentibus
2249 1692 2503 1764 patent,
2556 1705 2678 1766 pro
2726 1685 3038 1747 evitando
3089 1684 3363 1744 fastidio

271 1795 639 1855 omittenda
671 1795 988 1869 J'udicavi.
2317 1861 2321 1866 ¹

359 1898 522 1957 Cum
558 1897 783 1972 igitur,
823 1904 896 1957 ut
927 1899 1153 1958 dicere
1188 1914 1564 1974 coeperam,
1601 1898 1830 1957 divina
1856 1897 2163 1973 Jussione
2198 1896 2280 1954 ad
2308 1894 2661 1955 scribenda
2694 1900 2761 1954 et
2786 1889 3198 1969 propalanda
3233 1889 3364 1949 sibi

269 2008 561 2074 ostensa,
614 2003 722 2061 vel
757 2003 1168 2061 ostendenda
1200 2008 1578 2077 urgeretur,
1613 2001 2048 2061 vehementer
2078 2000 2424 2073 exterrita,
2460 1999 2573 2057 diu
2607 2013 2738 2057 non
2770 2013 2849 2056 ex
2881 1993 3369 2072 praesumptio-

268 2122 372 2179 ne,
412 2105 526 2164 sed
563 2122 724 2181 prae
762 2106 1000 2165 timore
1034 2106 1307 2166 obedire
1341 2106 1627 2181 distulit,
1664 2123 1905 2166 verens
1937 2120 2044 2179 ne,
2084 2105 2141 2164 si
2175 2103 2338 2179 quid
2369 2100 2421 2182 ²)
2457 2102 2775 2175 nesciret,
2811 2115 2935 2188 nec
2965 2100 3220 2173 posset,
3257 2111 3367 2171 ag-

271 2210 696 2284 grederetur,
749 2226 879 2270 non
913 2211 1069 2270 aliis
1120 2211 1499 2284 instructiO,
1537 2211 1654 2270 sed
1704 2210 1833 2269 sibi
1869 2210 2096 2269 irrisio
2148 2210 2514 2267 crearetur.
2550 2206 2824 2266 Indocta
2858 2203 3125 2280 quippe,
3163 2218 3370 2277 quan-

269 2319 409 2371 tum
458 2313 538 2372 ad
573 2312 1014 2373 eruditionem
1064 2315 1232 2373 artis
1265 2316 1745 2388 grammaticae
1794 2319 1961 2387 erat,
2003 2316 2227 2372 tamen
2277 2314 2351 2370 ut
2382 2310 2593 2369 libere
2644 2308 2893 2368 fatetur
2927 2307 3098 2381 ipsa,
3148 2305 3365 2363 instar

269 2419 648 2490 mulierum,
701 2403 1095 2494 psalterium
1134 2419 1550 2478 solummodo
1601 2419 2051 2487 discentium,
2105 2416 2511 2491 simpliciter
2544 2413 2926 2488 Scripturas
2976 2411 3042 2470 in
3089 2425 3217 2469 usu
3249 2408 3366 2466 ha-

269 2520 432 2579 bens
483 2520 728 2594 legere,
765 2538 894 2580 non
942 2537 1184 2580 sensus
1221 2536 1453 2579 earum
1503 2521 1809 2579 acumine
1848 2521 2134 2594 ingenii,
2186 2521 2317 2578 nisi
2354 2535 2505 2578 cum
2540 2518 2645 2576 vis
2682 2517 2981 2576 internae
3014 2512 3367 2589 aspiratio-

269 2623 374 2680 nis
426 2623 809 2682 illuminans
845 2640 990 2682 eam
1037 2623 1327 2699 juvaret,
1364 2625 1597 2683 valens
1647 2627 2047 2699 penetraret.
2084 2617 2132 2700 ³)
2170 2624 2431 2683 Interea
2480 2621 2639 2679 dum
2682 2619 3142 2679 confusionem
3188 2615 3366 2677 refu-

269 2728 458 2802 giens
507 2743 743 2803 parere
793 2728 1050 2801 tardat,
1104 2733 1373 2803 praeter
1409 2728 1589 2786 illam
1642 2728 1886 2787 lentam
1922 2733 1990 2785 et
2038 2727 2420 2786 continuam
2456 2723 2965 2799 aegritudinem,
3018 2736 3149 2796 qua
3184 2734 3264 2777 ne
3297 2718 3363 2777 in

268 2834 724 2908 magnitudine
773 2834 1258 2893 revelationum
1311 2834 1784 2907 extolleretur,
1840 2834 1977 2892 fere
2013 2834 2098 2893 ab
2147 2833 2427 2892 infantia
2461 2829 3000 2906 deprimebatur,
3054 2838 3365 2899 augmen-

270 2943 340 2996 to
373 2954 586 2997 novae
635 2955 765 2997 non
800 2938 1129 3012 casualis,
1184 2939 1300 2997 sed
1337 2938 1664 2997 divinitus
1715 2939 2060 2997 immissae
2108 2954 2443 2997 concussa
2493 2933 2941 3006 infirmitatiS,
2993 2931 3165 2989 lecto
3213 2942 3366 3003 pro-

273 3043 633 3118 sternitur,
693 3047 761 3102 et
816 3041 1130 3102 diuturno
1187 3043 1512 3102 ventilata
1572 3042 2035 3113 incommodo,
2096 3057 2247 3101 cum
2304 3042 2480 3101 sicut
2536 3045 2720 3099 muta
2768 3054 2901 3098 non
2948 3035 3242 3112 aperiret
3289 3047 3366 3091 os

273 3163 504 3221 suum,
556 3154 623 3208 et
659 3147 937 3207 verbum
988 3147 1162 3222 apud
1198 3163 1267 3205 se
1318 3146 1684 3220 cohiberet,
1723 3162 1888 3222 pene
1939 3146 2021 3205 ad
2058 3150 2337 3204 mortem
2389 3144 2764 3204 adducitur.
2801 3140 3100 3200 Sustinet
3132 3152 3370 3212 aggra-

270 3252 608 3309 vationem
657 3251 897 3311 domus
931 3252 1191 3311 Domini
1240 3269 1370 3311 non
1405 3252 1598 3311 modo
1649 3254 2011 3328 patienter,
2051 3252 2168 3310 sed
2204 3259 2271 3310 et
2306 3268 2456 3310 cum
2492 3251 2861 3326 gratiarum
2897 3247 3182 3319 actione,
3220 3243 3367 3302 imi-

272 3360 423 3413 tans
475 3355 659 3414 illum
710 3357 1067 3431 probatum
1099 3356 1215 3416 Dei
1267 3372 1560 3430 servum,
1596 3356 1678 3415 de
1727 3373 1858 3432 quo
1908 3357 2232 3430 scriptum
2284 3358 2408 3414 est:
2444 3357 2525 3414 In
2574 3353 2870 3413 omnibus
2906 3355 3005 3412 his
3052 3368 3185 3408 non
3212 3367 3365 3424 pec-

273 3461 436 3519 cavit
491 3458 604 3518 Job
639 3460 829 3519 labiis
879 3464 1038 3535 suiS,
1074 3480 1287 3539 neque
1338 3462 1621 3519 stultum
1653 3462 1816 3537 quid
1864 3469 2094 3519 contra
2140 3461 2460 3519 Dominus
2511 3459 2766 3518 locutus
2801 3461 2917 3514 est.
2948 3449 2998 3534 ⁴)
3034 3451 3160 3512 Sed
3193 3464 3364 3526 quae

274 3563 486 3637 ratio,
546 3563 719 3637 quod
777 3565 1170 3639 consilium,
1230 3580 1401 3640 quae
1461 3564 1784 3623 fortitudo
1840 3570 2071 3623 contra
2122 3562 2365 3621 Deum‘?
2420 3561 2693 3635 Accepit
2742 3572 3137 3635 responsum
3188 3553 3363 3630 quod

271 3668 587 3741 deinceps
637 3667 897 3741 flagello
933 3667 1133 3744 hujus
1182 3669 1447 3727 additae
1482 3668 1922 3743 aegritudinis
1970 3682 2311 3743 nunquam
2344 3666 2626 3739 careret,
2678 3664 2809 3723 nisi
2860 3660 3022 3721 illud
3056 3658 3369 3719 obedien-

273 3774 408 3833 tiae
455 3774 849 3832 intercessio
908 3775 1205 3833 amoveri
1256 3775 1625 3848 obtineret3
1676 3789 1799 3833 nec
1846 3779 2157 3848 oportere
2218 3787 2367 3829 eam
2414 3770 2495 3828 de
2543 3768 2828 3828 termino
2878 3765 3033 3825 boni
3081 3763 3361 3822 effectus

273 3879 643 3954 ambigere,
694 3894 846 3937 cum
880 3878 1117 3937 ducem
1169 3895 1246 3938 ac
1280 3885 1785 3955 praeceptorem
1834 3877 2112 3937 haberet
2149 3877 2334 3934 illum
2359 3923 2375 3950 ,
2427 3875 2533 3935 cui
2570 3873 2757 3932 nihil·
2785 3876 2886 3930 est
2922 3867 3362 3945 impossibile;

275 3983 390 4059 qui
425 4000 574 4042 cum
611 3983 726 4041 ubi
759 3982 924 4055 vult,
963 3983 1199 4057 spirat,
1236 3988 1302 4040 et
1349 3982 1543 4041 docet
1577 3982 1912 4041 hominem
1948 3982 2322 4055 scientiam,
2358 3986 2426 4038 et
2458 3976 2711 4053 aliquid
2744 3992 2875 4035 non
2914 3979 2987 4033 ut
3020 3973 3206 4047 libet,
3245 3969 3364 4029 sed

276 4088 341 4146 in
376 4086 791 4161 beneplacito
840 4101 962 4143 suo
998 4083 1327 4159 agendum
1377 4085 1690 4160 imperat:
1728 4099 1900 4160 quae
1950 4084 2016 4142 in
2049 4082 2369 4142 discendo
2420 4081 2528 4140 vel
2561 4076 2950 4153 complendo
3000 4073 3368 4134 difficultas

276 4192 600 4254 obsistat?
3103 4252 3119 4270 ἱ

367 4296 546 4354 Inter
596 4292 780 4369 haec,
818 4309 900 4353 ne
947 4294 1029 4352 de
1064 4295 1170 4353 sui
1220 4294 1429 4353 solius
1465 4292 1938 4353 insufficientia
1988 4294 2336 4365 causetur,
2375 4290 2533 4366 quia
2568 4288 2813 4348 similis
2847 4287 3133 4347 similem
3167 4296 3370 4359 quae-

278 4401 391 4475 rit,
429 4399 806 4458 insinuatur
837 4400 900 4458 ei
934 4400 1001 4458 in
1034 4399 1266 4458 eodem
1303 4399 1712 4458 monasterio
1750 4396 2118 4456 monachus
2158 4396 2449 4466 sobriu5‚
2503 4400 2754 4465 castus,
2790 4398 2858 4450 et
2888 4388 3191 4449 eruditus
3226 4402 3370 4445 cor-

278 4504 359 4564 de
394 4511 462 4564 et
510 4505 713 4563 verbo
751 4504 816 4562 in
864 4505 1218 4579 sapientia,
1257 4504 1369 4579 qui
1420 4505 1727 4579 protinus
1761 4519 1912 4560 cum
1965 4502 2094 4561 ista
2127 4501 2189 4559 ei
2238 4506 2396 4558 nota
2428 4499 2704 4568 fierent,
2755 4496 2936 4556 votis
2969 4494 3116 4570 ejus
3149 4492 3366 4552 libens

280 4612 727 4682 consentiret,
778 4612 844 4668 et
888 4610 1188 4668 censoris
1237 4609 1384 4683 ejus
1433 4609 1762 4667 cautelam
1814 4606 2173 4680 exhibenS‚
2226 4604 2431 4664 verba
2479 4604 2626 4679 ejus
2675 4600 3046 4679 quamlibet
3093 4597 3268 4659 nuda
3299 4602 3367 4656 et

279 4717 606 4793 impolita,
643 4715 1009 4774 decentiori
1042 4717 1373 4775 sermonis
1408 4717 1596 4775 cultu
1629 4715 1929 4773 vestiret.
1963 4709 2011 4792 ⁵)

367 4823 490 4882 Illa
538 4821 835 4880 diutinae
884 4821 1289 4880 calamitatis
1338 4828 1681 4897 pertaesa,
1735 4820 1957 4879 sciens
2006 4818 2162 4894 quia
2211 4818 2453 4876 durum
2500 4819 2607 4876 est
2639 4821 2874 4875 contra
2924 4813 3267 4875 stimulum
3302 4817 3369 4869 et

281 4928 568 4986 maximo
615 4926 914 4986 divinum
948 4926 1339 5000 calcitrare,
1385 4927 1657 5002 jamque
1694 4926 1985 5001 seipsam
2018 4925 2100 4983 de
2133 4924 2496 4999 exiguitate
2531 4918 2683 4982 fidei
2717 4926 2784 4980 et
2816 4917 3367 4996 pusillanimitate

285 5033 564 5109 spiritus
613 5031 1009 5107 poenitendo
1061 5031 1507 5106 redarguen3‚
1560 5045 1713 5090 cum
1761 5044 1840 5088 ea
1889 5044 2061 5105 quae
2110 5027 2556 5103 impossibilia
2605 5032 2759 5086 sunt
2814 5023 2989 5099 apud
3038 5020 3366 5095 homines,

361 5191 403 5259 ¹)
428 5192 690 5265 supplicis
713 5194 833 5251 cod.
876 5227 943 5236 —
969 5196 1012 5262 2)
1039 5194 1235 5251 Malim
1259 5198 1313 5250 si
1335 5198 1498 5268 quod.
1531 5226 1596 5235 —
1623 5194 1668 5257 ⁸)
1696 5194 1826 5251 sort.
1855 5180 2155 5267 penetrare.
2188 5225 2257 5235 -—·
2281 5194 2325 5260 ⁴)
2349 5194 2474 5249 Job.
2507 5192 2556 5255 1.
2584 5196 2669 5246 22.
2707 5221 2770 5232 --
2796 5190 2841 5252 ⁵)
2867 5186 2941 5244 cf.
2972 5204 3025 5259 p.
3057 5189 3179 5240 38¹.
3209 5186 3331 5239 ⁴:32.
