<?xml version="1.0" encoding="UTF-8"?>
<!DOCTYPE html PUBLIC "-//W3C//DTD XHTML 1.0 Transitional//EN"
    "http://www.w3.org/TR/xhtml1/DTD/xhtml1-transitional.dtd">
<html xmlns="http://www.w3.org/1999/xhtml" xml:lang="en" lang="en">
 <head>
  <title>
</title>
<meta http-equiv="Content-Type" content="text/html;charset=utf-8" />
  <meta name='ocr-system' content='tesseract 3.04.00' />
  <meta name='ocr-capabilities' content='ocr_page ocr_carea ocr_par ocr_line ocrx_word'/>
</head>
<body>
  <div class='ocr_page' id='page_1' title='image "analectasacrasp05pitrgoog_0183.png"; bbox 0 0 4036 6117; ppageno 0'>
   <div class='ocr_carea' id='block_1_1' title="bbox 3187 483 3313 544">
    <p class='ocr_par' dir='ltr' id='par_1_1' title="bbox 3187 483 3313 544">
     <span class='ocr_line' id='line_1_1' title="bbox 3187 483 3313 544; baseline -0.016 0"><span class='ocrx_word' id='word_1_1' title='bbox 3187 483 3313 544; x_wconf 70' lang='lat'><strong>147</strong></span> 
     </span>
    </p>
   </div>
   <div class='ocr_carea' id='block_1_2' title="bbox 981 731 2696 861">
    <p class='ocr_par' dir='ltr' id='par_1_2' title="bbox 981 731 2696 861">
     <span class='ocr_line' id='line_1_2' title="bbox 981 731 2696 861; baseline -0.006 -17"><span class='ocrx_word' id='word_1_2' title='bbox 981 739 1556 846; x_wconf 86' lang='lat' dir='ltr'><strong>INCIPIT</strong></span> <span class='ocrx_word' id='word_1_3' title='bbox 1637 732 2247 861; x_wconf 84' lang='lat' dir='ltr'><strong>QUARTA</strong></span> <span class='ocrx_word' id='word_1_4' title='bbox 2321 731 2696 836; x_wconf 86' lang='lat' dir='ltr'>PARS</span> 
     </span>
    </p>
   </div>
   <div class='ocr_carea' id='block_1_3' title="bbox 760 1041 2908 1124">
    <p class='ocr_par' dir='ltr' id='par_1_3' title="bbox 760 1041 2908 1124">
     <span class='ocr_line' id='line_1_3' title="bbox 760 1041 2908 1124; baseline -0.004 0"><span class='ocrx_word' id='word_1_5' title='bbox 760 1069 858 1124; x_wconf 82' lang='lat' dir='ltr'><strong>DE</strong></span> <span class='ocrx_word' id='word_1_6' title='bbox 898 1068 1077 1124; x_wconf 72' lang='lat' dir='ltr'>VIRO</span> <span class='ocrx_word' id='word_1_7' title='bbox 1115 1068 1221 1123; x_wconf 79' lang='lat' dir='ltr'><strong>AD</strong></span> <span class='ocrx_word' id='word_1_8' title='bbox 1257 1067 1620 1124; x_wconf 74' lang='lat' dir='ltr'>AUSTRUM</span> <span class='ocrx_word' id='word_1_9' title='bbox 1659 1066 1753 1122; x_wconf 80' lang='lat' dir='ltr'><strong>ET</strong></span> <span class='ocrx_word' id='word_1_10' title='bbox 1789 1067 1897 1120; x_wconf 81' lang='lat' dir='ltr'><strong>AD</strong></span> <span class='ocrx_word' id='word_1_11' title='bbox 1932 1041 2405 1121; x_wconf 72' lang='lat' dir='ltr'><strong>occmEN‘rEM</strong></span> <span class='ocrx_word' id='word_1_12' title='bbox 2447 1058 2908 1117; x_wconf 82' lang='lat' dir='ltr'><strong>ASPICIENTE.</strong></span> 
     </span>
    </p>
   </div>
   <div class='ocr_carea' id='block_1_4' title="bbox 1638 1263 2023 1280">
    <p class='ocr_par' dir='ltr' id='par_1_4' title="bbox 1638 1263 2023 1280">
     <span class='ocr_line' id='line_1_4' title="bbox 1638 1263 2023 1280; baseline 0 4837"><span class='ocrx_word' id='word_1_13' title='bbox 1638 1263 2023 1280; x_wconf 95' lang='lat' dir='ltr'><strong> </strong></span> 
     </span>
    </p>
   </div>
   <div class='ocr_carea' id='block_1_5' title="bbox 201 1571 1589 2703">
    <p class='ocr_par' dir='ltr' id='par_1_5' title="bbox 201 1571 1589 2703">
     <span class='ocr_line' id='line_1_5' title="bbox 201 1571 1589 2703; baseline 0 0"><span class='ocrx_word' id='word_1_14' title='bbox 201 1571 1589 2703; x_wconf 95' lang='lat' dir='ltr'><strong> </strong></span> 
     </span>
    </p>
   </div>
   <div class='ocr_carea' id='block_1_6' title="bbox 297 1661 3393 3105">
    <p class='ocr_par' dir='ltr' id='par_1_6' title="bbox 297 1661 3393 3105">
     <span class='ocr_line' id='line_1_6' title="bbox 1660 1661 3382 1744; baseline -0.005 -17"><span class='ocrx_word' id='word_1_15' title='bbox 1660 1665 1751 1727; x_wconf 87' lang='lat' dir='ltr'><strong>idi</strong></span> <span class='ocrx_word' id='word_1_16' title='bbox 1785 1681 2052 1744; x_wconf 89' lang='lat' dir='ltr'><strong>quoque</strong></span> <span class='ocrx_word' id='word_1_17' title='bbox 2086 1664 2263 1741; x_wconf 89' lang='lat' dir='ltr'><strong>quod</strong></span> <span class='ocrx_word' id='word_1_18' title='bbox 2296 1662 2643 1740; x_wconf 88' lang='lat' dir='ltr'><strong>praefatus</strong></span> <span class='ocrx_word' id='word_1_19' title='bbox 2678 1662 2782 1723; x_wconf 89' lang='lat' dir='ltr'><strong>vir</strong></span> <span class='ocrx_word' id='word_1_20' title='bbox 2823 1661 2905 1722; x_wconf 91' lang='lat' dir='ltr'><strong>ad</strong></span> <span class='ocrx_word' id='word_1_21' title='bbox 2938 1662 3260 1722; x_wconf 84' lang='lat' dir='ltr'><strong>Austrum</strong></span> <span class='ocrx_word' id='word_1_22' title='bbox 3311 1675 3382 1719; x_wconf 90' lang='lat' dir='ltr'><strong>se</strong></span> 
     </span>
     <span class='ocr_line' id='line_1_7' title="bbox 1475 1764 3390 1847; baseline -0.005 -15"><span class='ocrx_word' id='word_1_23' title='bbox 1475 1771 1828 1847; x_wconf 88' lang='lat' dir='ltr'><strong>convertit,</strong></span> <span class='ocrx_word' id='word_1_24' title='bbox 1883 1770 1977 1830; x_wconf 90' lang='lat' dir='ltr'><strong>ita</strong></span> <span class='ocrx_word' id='word_1_25' title='bbox 2008 1767 2187 1845; x_wconf 88' lang='lat' dir='ltr'><strong>quod</strong></span> <span class='ocrx_word' id='word_1_26' title='bbox 2236 1768 2559 1828; x_wconf 84' lang='lat' dir='ltr'><strong>Austrum</strong></span> <span class='ocrx_word' id='word_1_27' title='bbox 2595 1772 2664 1827; x_wconf 90' lang='lat' dir='ltr'><strong>et</strong></span> <span class='ocrx_word' id='word_1_28' title='bbox 2710 1764 3136 1826; x_wconf 81' lang='lat' dir='ltr'>Occidentem</span> <span class='ocrx_word' id='word_1_29' title='bbox 3184 1764 3390 1840; x_wconf 90' lang='lat' dir='ltr'><strong>inspi-</strong></span> 
     </span>
     <span class='ocr_line' id='line_1_8' title="bbox 1477 1867 3386 1949; baseline -0.005 -13"><span class='ocrx_word' id='word_1_30' title='bbox 1477 1877 1719 1937; x_wconf 81' lang='lat' dir='ltr'><strong>ciebat.</strong></span> <span class='ocrx_word' id='word_1_31' title='bbox 1749 1875 1828 1935; x_wconf 92' lang='lat' dir='ltr'><strong>Et</strong></span> <span class='ocrx_word' id='word_1_32' title='bbox 1853 1880 2034 1934; x_wconf 87' lang='lat' dir='ltr'><strong>terra</strong></span> <span class='ocrx_word' id='word_1_33' title='bbox 2063 1873 2128 1932; x_wconf 92' lang='lat' dir='ltr'><strong>in</strong></span> <span class='ocrx_word' id='word_1_34' title='bbox 2154 1888 2285 1949; x_wconf 90' lang='lat' dir='ltr'><strong>qua</strong></span> <span class='ocrx_word' id='word_1_35' title='bbox 2320 1872 2493 1932; x_wconf 92' lang='lat' dir='ltr'><strong>idem</strong></span> <span class='ocrx_word' id='word_1_36' title='bbox 2527 1873 2632 1932; x_wconf 90' lang='lat' dir='ltr'><strong>vir</strong></span> <span class='ocrx_word' id='word_1_37' title='bbox 2665 1889 2703 1931; x_wconf 99' lang='lat' dir='ltr'><strong>a</strong></span> <span class='ocrx_word' id='word_1_38' title='bbox 2737 1871 3019 1946; x_wconf 82' lang='lat' dir='ltr'><strong>genibus</strong></span> <span class='ocrx_word' id='word_1_39' title='bbox 3057 1884 3270 1945; x_wconf 88' lang='lat' dir='ltr'><strong>usque</strong></span> <span class='ocrx_word' id='word_1_40' title='bbox 3305 1867 3386 1927; x_wconf 88' lang='lat' dir='ltr'><strong>ad</strong></span> 
     </span>
     <span class='ocr_line' id='line_1_9' title="bbox 1473 1975 3389 2051; baseline -0.005 -10"><span class='ocrx_word' id='word_1_41' title='bbox 1473 1998 1672 2041; x_wconf 90' lang='lat' dir='ltr'><strong>suras</strong></span> <span class='ocrx_word' id='word_1_42' title='bbox 1722 1997 1881 2039; x_wconf 90' lang='lat' dir='ltr'><strong>suas</strong></span> <span class='ocrx_word' id='word_1_43' title='bbox 1928 1984 2098 2051; x_wconf 86' lang='lat' dir='ltr'><strong>erat,</strong></span> <span class='ocrx_word' id='word_1_44' title='bbox 2160 1977 2504 2037; x_wconf 88' lang='lat' dir='ltr'><strong>humorem</strong></span> <span class='ocrx_word' id='word_1_45' title='bbox 2556 1982 2624 2036; x_wconf 89' lang='lat' dir='ltr'><strong>et</strong></span> <span class='ocrx_word' id='word_1_46' title='bbox 2671 1975 3086 2036; x_wconf 82' lang='lat' dir='ltr'><strong>viriditatem</strong></span> <span class='ocrx_word' id='word_1_47' title='bbox 3128 1989 3206 2033; x_wconf 90' lang='lat' dir='ltr'><strong>ac</strong></span> <span class='ocrx_word' id='word_1_48' title='bbox 3240 1989 3389 2049; x_wconf 89' lang='lat' dir='ltr'><strong>ger-</strong></span> 
     </span>
     <span class='ocr_line' id='line_1_10' title="bbox 1482 2077 3392 2157; baseline -0.004 -13"><span class='ocrx_word' id='word_1_49' title='bbox 1482 2102 1632 2144; x_wconf 90' lang='lat' dir='ltr'><strong>men</strong></span> <span class='ocrx_word' id='word_1_50' title='bbox 1680 2086 1746 2143; x_wconf 90' lang='lat' dir='ltr'><strong>in</strong></span> <span class='ocrx_word' id='word_1_51' title='bbox 1795 2099 1867 2142; x_wconf 91' lang='lat' dir='ltr'><strong>se</strong></span> <span class='ocrx_word' id='word_1_52' title='bbox 1902 2083 2157 2154; x_wconf 82' lang='lat' dir='ltr'><strong>habuit3</strong></span> <span class='ocrx_word' id='word_1_53' title='bbox 2195 2087 2262 2140; x_wconf 90' lang='lat' dir='ltr'><strong>et</strong></span> <span class='ocrx_word' id='word_1_54' title='bbox 2294 2082 2489 2157; x_wconf 86' lang='lat' dir='ltr'><strong>quasi</strong></span> <span class='ocrx_word' id='word_1_55' title='bbox 2525 2079 2852 2139; x_wconf 83' lang='lat' dir='ltr'><strong>floriditas</strong></span> <span class='ocrx_word' id='word_1_56' title='bbox 2896 2095 2975 2138; x_wconf 92' lang='lat' dir='ltr'><strong>ac</strong></span> <span class='ocrx_word' id='word_1_57' title='bbox 3006 2079 3211 2138; x_wconf 90' lang='lat' dir='ltr'><strong>decor</strong></span> <span class='ocrx_word' id='word_1_58' title='bbox 3256 2077 3392 2136; x_wconf 87' lang='lat' dir='ltr'><strong>vir-</strong></span> 
     </span>
     <span class='ocr_line' id='line_1_11' title="bbox 1478 2184 3388 2265; baseline -0.003 -17"><span class='ocrx_word' id='word_1_59' title='bbox 1478 2191 1644 2248; x_wconf 90' lang='lat' dir='ltr'><strong>tutis</strong></span> <span class='ocrx_word' id='word_1_60' title='bbox 1678 2187 1977 2265; x_wconf 73' lang='lat' dir='ltr'><strong>eJusdem</strong></span> <span class='ocrx_word' id='word_1_61' title='bbox 2011 2187 2141 2245; x_wconf 86' lang='lat' dir='ltr'><strong>viri</strong></span> <span class='ocrx_word' id='word_1_62' title='bbox 2180 2184 2327 2259; x_wconf 87' lang='lat' dir='ltr'><strong>fuit,</strong></span> <span class='ocrx_word' id='word_1_63' title='bbox 2364 2186 2549 2245; x_wconf 88' lang='lat' dir='ltr'><strong>velut</strong></span> <span class='ocrx_word' id='word_1_64' title='bbox 2582 2185 2801 2244; x_wconf 88' lang='lat' dir='ltr'><strong>virtus</strong></span> <span class='ocrx_word' id='word_1_65' title='bbox 2837 2185 3053 2260; x_wconf 86' lang='lat' dir='ltr'><strong>ipsius</strong></span> <span class='ocrx_word' id='word_1_66' title='bbox 3085 2199 3206 2260; x_wconf 87' lang='lat' dir='ltr'><strong>per</strong></span> <span class='ocrx_word' id='word_1_67' title='bbox 3238 2198 3388 2242; x_wconf 88' lang='lat' dir='ltr'><strong>eam</strong></span> 
     </span>
     <span class='ocr_line' id='line_1_12' title="bbox 1480 2285 3384 2365; baseline -0.003 -15"><span class='ocrx_word' id='word_1_68' title='bbox 1480 2291 1795 2352; x_wconf 90' lang='lat' dir='ltr'><strong>decorata</strong></span> <span class='ocrx_word' id='word_1_69' title='bbox 1827 2296 2034 2364; x_wconf 89' lang='lat' dir='ltr'><strong>esset,</strong></span> <span class='ocrx_word' id='word_1_70' title='bbox 2087 2289 2244 2365; x_wconf 93' lang='lat' dir='ltr'><strong>quia</strong></span> <span class='ocrx_word' id='word_1_71' title='bbox 2294 2289 2360 2348; x_wconf 92' lang='lat' dir='ltr'><strong>in</strong></span> <span class='ocrx_word' id='word_1_72' title='bbox 2407 2287 2697 2347; x_wconf 88' lang='lat' dir='ltr'><strong>diversis</strong></span> <span class='ocrx_word' id='word_1_73' title='bbox 2729 2287 3089 2362; x_wconf 90' lang='lat' dir='ltr'><strong>generibus</strong></span> <span class='ocrx_word' id='word_1_74' title='bbox 3139 2285 3384 2345; x_wconf 85' lang='lat' dir='ltr'><strong>fertilis</strong></span> 
     </span>
     <span class='ocr_line' id='line_1_13' title="bbox 1480 2390 3384 2470; baseline -0.003 -16"><span class='ocrx_word' id='word_1_75' title='bbox 1480 2401 1608 2470; x_wconf 91' lang='lat' dir='ltr'><strong>est,</strong></span> <span class='ocrx_word' id='word_1_76' title='bbox 1670 2395 1930 2454; x_wconf 89' lang='lat' dir='ltr'><strong>scilicet</strong></span> <span class='ocrx_word' id='word_1_77' title='bbox 1985 2394 2300 2470; x_wconf 90' lang='lat' dir='ltr'><strong>quoniam</strong></span> <span class='ocrx_word' id='word_1_78' title='bbox 2357 2392 2578 2453; x_wconf 90' lang='lat' dir='ltr'><strong>omnia</strong></span> <span class='ocrx_word' id='word_1_79' title='bbox 2637 2391 2923 2452; x_wconf 87' lang='lat' dir='ltr'><strong>formata</strong></span> <span class='ocrx_word' id='word_1_80' title='bbox 2979 2391 3048 2451; x_wconf 93' lang='lat' dir='ltr'><strong>in</strong></span> <span class='ocrx_word' id='word_1_81' title='bbox 3095 2390 3384 2450; x_wconf 91' lang='lat' dir='ltr'><strong>terrenis</strong></span> 
     </span>
     <span class='ocr_line' id='line_1_14' title="bbox 1480 2496 3389 2575; baseline -0.003 -15"><span class='ocrx_word' id='word_1_82' title='bbox 1480 2500 1810 2560; x_wconf 83' lang='lat' dir='ltr'><strong>creaturis</strong></span> <span class='ocrx_word' id='word_1_83' title='bbox 1842 2499 1924 2558; x_wconf 91' lang='lat' dir='ltr'><strong>de</strong></span> <span class='ocrx_word' id='word_1_84' title='bbox 1957 2505 2140 2559; x_wconf 86' lang='lat' dir='ltr'><strong>terra</strong></span> <span class='ocrx_word' id='word_1_85' title='bbox 2173 2498 2501 2575; x_wconf 90' lang='lat' dir='ltr'><strong>producta</strong></span> <span class='ocrx_word' id='word_1_86' title='bbox 2535 2502 2711 2556; x_wconf 90' lang='lat' dir='ltr'><strong>sunt.</strong></span> <span class='ocrx_word' id='word_1_87' title='bbox 2748 2496 2900 2573; x_wconf 91' lang='lat' dir='ltr'><strong>Ipsa</strong></span> <span class='ocrx_word' id='word_1_88' title='bbox 2934 2511 3202 2573; x_wconf 89' lang='lat' dir='ltr'><strong>quoque</strong></span> <span class='ocrx_word' id='word_1_89' title='bbox 3248 2511 3389 2554; x_wconf 86' lang='lat' dir='ltr'><strong>ma·-</strong></span> 
     </span>
     <span class='ocr_line' id='line_1_15' title="bbox 1477 2598 3388 2684; baseline -0.003 -20"><span class='ocrx_word' id='word_1_90' title='bbox 1477 2606 1649 2664; x_wconf 88' lang='lat' dir='ltr'><strong>teria</strong></span> <span class='ocrx_word' id='word_1_91' title='bbox 1681 2604 1907 2681; x_wconf 90' lang='lat' dir='ltr'><strong>operis</strong></span> <span class='ocrx_word' id='word_1_92' title='bbox 1941 2603 2059 2684; x_wconf 86' lang='lat' dir='ltr'><strong>Dei</strong></span> <span class='ocrx_word' id='word_1_93' title='bbox 2094 2604 2160 2662; x_wconf 89' lang='lat' dir='ltr'><strong>in</strong></span> <span class='ocrx_word' id='word_1_94' title='bbox 2195 2603 2461 2663; x_wconf 88' lang='lat' dir='ltr'><strong>homine</strong></span> <span class='ocrx_word' id='word_1_95' title='bbox 2493 2607 2622 2677; x_wconf 88' lang='lat' dir='ltr'><strong>est,</strong></span> <span class='ocrx_word' id='word_1_96' title='bbox 2658 2601 2774 2678; x_wconf 92' lang='lat' dir='ltr'><strong>qui</strong></span> <span class='ocrx_word' id='word_1_97' title='bbox 2823 2600 3106 2661; x_wconf 87' lang='lat' dir='ltr'><strong>materia</strong></span> <span class='ocrx_word' id='word_1_98' title='bbox 3154 2598 3388 2660; x_wconf 88' lang='lat' dir='ltr'><strong>huma-</strong></span> 
     </span>
     <span class='ocr_line' id='line_1_16' title="bbox 300 2705 3393 2792; baseline -0.004 -16"><span class='ocrx_word' id='word_1_99' title='bbox 300 2711 527 2776; x_wconf 81' lang='lat' dir='ltr'><strong>nitatis</strong></span> <span class='ocrx_word' id='word_1_100' title='bbox 553 2713 706 2775; x_wconf 84' lang='lat' dir='ltr'><strong>Filii</strong></span> <span class='ocrx_word' id='word_1_101' title='bbox 738 2713 855 2773; x_wconf 90' lang='lat' dir='ltr'><strong>Dei</strong></span> <span class='ocrx_word' id='word_1_102' title='bbox 887 2719 1013 2774; x_wconf 89' lang='lat' dir='ltr'><strong>est.</strong></span> <span class='ocrx_word' id='word_1_103' title='bbox 1047 2713 1127 2772; x_wconf 89' lang='lat' dir='ltr'><strong>Et</strong></span> <span class='ocrx_word' id='word_1_104' title='bbox 1158 2727 1313 2771; x_wconf 90' lang='lat' dir='ltr'><strong>ecce</strong></span> <span class='ocrx_word' id='word_1_105' title='bbox 1350 2711 1416 2769; x_wconf 93' lang='lat' dir='ltr'><strong>in</strong></span> <span class='ocrx_word' id='word_1_106' title='bbox 1449 2709 1837 2786; x_wconf 87' lang='lat' dir='ltr'><strong>supradicta</strong></span> <span class='ocrx_word' id='word_1_107' title='bbox 1871 2708 2136 2781; x_wconf 87' lang='lat' dir='ltr'><strong>nebula,</strong></span> <span class='ocrx_word' id='word_1_108' title='bbox 2173 2723 2345 2784; x_wconf 91' lang='lat' dir='ltr'><strong>quae</strong></span> <span class='ocrx_word' id='word_1_109' title='bbox 2379 2707 2648 2766; x_wconf 88' lang='lat' dir='ltr'><strong>diversa</strong></span> <span class='ocrx_word' id='word_1_110' title='bbox 2689 2721 2934 2782; x_wconf 90' lang='lat' dir='ltr'><strong>genera</strong></span> <span class='ocrx_word' id='word_1_111' title='bbox 2967 2705 3290 2792; x_wconf 60' lang='lat' dir='ltr'><strong>vitiorum</strong></span> <span class='ocrx_word' id='word_1_112' title='bbox 3325 2705 3393 2765; x_wconf 89' lang='lat' dir='ltr'><strong>in</strong></span> 
     </span>
     <span class='ocr_line' id='line_1_17' title="bbox 298 2811 3386 2895; baseline -0.002 -17"><span class='ocrx_word' id='word_1_113' title='bbox 298 2835 365 2878; x_wconf 82' lang='lat' dir='ltr'><strong>se</strong></span> <span class='ocrx_word' id='word_1_114' title='bbox 396 2818 653 2894; x_wconf 89' lang='lat' dir='ltr'><strong>habuit,</strong></span> <span class='ocrx_word' id='word_1_115' title='bbox 691 2825 765 2879; x_wconf 89' lang='lat' dir='ltr'><strong>ut</strong></span> <span class='ocrx_word' id='word_1_116' title='bbox 795 2818 1174 2895; x_wconf 86' lang='lat' dir='ltr'><strong>praefatum</strong></span> <span class='ocrx_word' id='word_1_117' title='bbox 1219 2823 1348 2892; x_wconf 85' lang='lat' dir='ltr'><strong>est,</strong></span> <span class='ocrx_word' id='word_1_118' title='bbox 1398 2831 1572 2875; x_wconf 88' lang='lat' dir='ltr'><strong>nunc</strong></span> <span class='ocrx_word' id='word_1_119' title='bbox 1619 2815 1824 2875; x_wconf 90' lang='lat' dir='ltr'><strong>etiam</strong></span> <span class='ocrx_word' id='word_1_120' title='bbox 1865 2819 2015 2874; x_wconf 90' lang='lat' dir='ltr'><strong>octo</strong></span> <span class='ocrx_word' id='word_1_121' title='bbox 2065 2814 2231 2873; x_wconf 88' lang='lat' dir='ltr'><strong>vitia</strong></span> <span class='ocrx_word' id='word_1_122' title='bbox 2279 2814 2342 2873; x_wconf 90' lang='lat' dir='ltr'><strong>in</strong></span> <span class='ocrx_word' id='word_1_123' title='bbox 2379 2813 2785 2889; x_wconf 89' lang='lat' dir='ltr'><strong>imaginibus</strong></span> <span class='ocrx_word' id='word_1_124' title='bbox 2835 2812 2981 2872; x_wconf 90' lang='lat' dir='ltr'><strong>suis</strong></span> <span class='ocrx_word' id='word_1_125' title='bbox 3013 2811 3141 2873; x_wconf 92' lang='lat' dir='ltr'><strong>hoc</strong></span> <span class='ocrx_word' id='word_1_126' title='bbox 3190 2811 3386 2872; x_wconf 90' lang='lat' dir='ltr'><strong>modo</strong></span> 
     </span>
     <span class='ocr_line' id='line_1_18' title="bbox 297 2915 3393 2999; baseline -0.001 -19"><span class='ocrx_word' id='word_1_127' title='bbox 297 2923 617 2984; x_wconf 86' lang='lat' dir='ltr'><strong>videbam.</strong></span> <span class='ocrx_word' id='word_1_128' title='bbox 652 2923 819 2983; x_wconf 90' lang='lat' dir='ltr'><strong>Nam</strong></span> <span class='ocrx_word' id='word_1_129' title='bbox 850 2923 1067 2999; x_wconf 88' lang='lat' dir='ltr'><strong>prima</strong></span> <span class='ocrx_word' id='word_1_130' title='bbox 1102 2922 1321 2996; x_wconf 84' lang='lat' dir='ltr'><strong>imago</strong></span> <span class='ocrx_word' id='word_1_131' title='bbox 1355 2925 1556 2996; x_wconf 90' lang='lat' dir='ltr'><strong>caput</strong></span> <span class='ocrx_word' id='word_1_132' title='bbox 1591 2923 1663 2979; x_wconf 91' lang='lat' dir='ltr'><strong>ut</strong></span> <span class='ocrx_word' id='word_1_133' title='bbox 1695 2918 2012 2977; x_wconf 89' lang='lat' dir='ltr'><strong>hinnulus</strong></span> <span class='ocrx_word' id='word_1_134' title='bbox 2049 2933 2399 2977; x_wconf 88' lang='lat' dir='ltr'><strong>cervorum</strong></span> <span class='ocrx_word' id='word_1_135' title='bbox 2437 2917 2748 2993; x_wconf 89' lang='lat' dir='ltr'><strong>habebat,</strong></span> <span class='ocrx_word' id='word_1_136' title='bbox 2777 2922 2846 2977; x_wconf 90' lang='lat' dir='ltr'><strong>et</strong></span> <span class='ocrx_word' id='word_1_137' title='bbox 2872 2915 3154 2976; x_wconf 90' lang='lat' dir='ltr'><strong>caudam</strong></span> <span class='ocrx_word' id='word_1_138' title='bbox 3185 2923 3257 2978; x_wconf 90' lang='lat' dir='ltr'><strong>ut</strong></span> <span class='ocrx_word' id='word_1_139' title='bbox 3283 2934 3393 2978; x_wconf 89' lang='lat' dir='ltr'><strong>ur·-</strong></span> 
     </span>
     <span class='ocr_line' id='line_1_19' title="bbox 299 3022 2266 3105; baseline -0.005 -16"><span class='ocrx_word' id='word_1_140' title='bbox 299 3045 434 3103; x_wconf 78' lang='lat' dir='ltr'><strong>8u8‚</strong></span> <span class='ocrx_word' id='word_1_141' title='bbox 474 3028 808 3105; x_wconf 88' lang='lat' dir='ltr'><strong>reliquum</strong></span> <span class='ocrx_word' id='word_1_142' title='bbox 841 3043 1002 3087; x_wconf 88' lang='lat' dir='ltr'><strong>vero</strong></span> <span class='ocrx_word' id='word_1_143' title='bbox 1036 3042 1283 3103; x_wconf 90' lang='lat' dir='ltr'><strong>corpus</strong></span> <span class='ocrx_word' id='word_1_144' title='bbox 1316 3024 1463 3101; x_wconf 89' lang='lat' dir='ltr'><strong>ejus</strong></span> <span class='ocrx_word' id='word_1_145' title='bbox 1497 3038 1702 3100; x_wconf 89' lang='lat' dir='ltr'><strong>porco</strong></span> <span class='ocrx_word' id='word_1_146' title='bbox 1737 3022 2266 3082; x_wconf 88' lang='lat' dir='ltr'><strong>assimilabatur.</strong></span> 
     </span>
    </p>
   </div>
   <div class='ocr_carea' id='block_1_7' title="bbox 1525 3251 2174 3519">
    <p class='ocr_par' dir='ltr' id='par_1_7' title="bbox 1525 3251 2174 3519">
     <span class='ocr_line' id='line_1_20' title="bbox 1819 3251 1864 3309; baseline 0 0"><span class='ocrx_word' id='word_1_147' title='bbox 1819 3251 1864 3309; x_wconf 92' lang='lat'><strong>1.</strong></span> 
     </span>
     <span class='ocr_line' id='line_1_21' title="bbox 1525 3443 2174 3519; baseline 0 -16"><span class='ocrx_word' id='word_1_148' title='bbox 1525 3444 1725 3503; x_wconf 78' lang='lat' dir='ltr'><strong>Verba</strong></span> <span class='ocrx_word' id='word_1_149' title='bbox 1775 3443 2174 3519; x_wconf 72' lang='lat' dir='ltr'><strong>Injustiliae.</strong></span> 
     </span>
    </p>
   </div>
   <div class='ocr_carea' id='block_1_8' title="bbox 302 3654 3442 4464">
    <p class='ocr_par' dir='ltr' id='par_1_8' title="bbox 302 3654 3442 4464">
     <span class='ocr_line' id='line_1_22' title="bbox 383 3654 3395 3733; baseline -0.001 -15"><span class='ocrx_word' id='word_1_150' title='bbox 383 3658 445 3719; x_wconf 78' lang='lat'><strong>2.</strong></span> <span class='ocrx_word' id='word_1_151' title='bbox 480 3656 563 3718; x_wconf 85' lang='lat' dir='ltr'><strong>Et</strong></span> <span class='ocrx_word' id='word_1_152' title='bbox 592 3656 827 3717; x_wconf 89' lang='lat' dir='ltr'><strong>eadem</strong></span> <span class='ocrx_word' id='word_1_153' title='bbox 877 3658 1097 3733; x_wconf 80' lang='lat' dir='ltr'><strong>imago</strong></span> <span class='ocrx_word' id='word_1_154' title='bbox 1144 3656 1428 3716; x_wconf 90' lang='lat' dir='ltr'><strong>dicebat:</strong></span> <span class='ocrx_word' id='word_1_155' title='bbox 1485 3675 1516 3713; x_wconf 81' lang='grc'><em>«</em></span> <span class='ocrx_word' id='word_1_156' title='bbox 1554 3654 1765 3732; x_wconf 89' lang='lat' dir='ltr'><strong>Super</strong></span> <span class='ocrx_word' id='word_1_157' title='bbox 1812 3672 2012 3732; x_wconf 89' lang='lat' dir='ltr'><strong>quern</strong></span> <span class='ocrx_word' id='word_1_158' title='bbox 2040 3655 2380 3731; x_wconf 85' lang='lat' dir='ltr'><strong>justitiam</strong></span> <span class='ocrx_word' id='word_1_159' title='bbox 2429 3671 2647 3715; x_wconf 88' lang='lat' dir='ltr'><strong>meam</strong></span> <span class='ocrx_word' id='word_1_160' title='bbox 2679 3654 2972 3732; x_wconf 64' lang='lat' dir='ltr'><strong>ponam?</strong></span> <span class='ocrx_word' id='word_1_161' title='bbox 3001 3656 3212 3732; x_wconf 85' lang='lat' dir='ltr'><strong>Super</strong></span> <span class='ocrx_word' id='word_1_162' title='bbox 3251 3657 3395 3716; x_wconf 88' lang='lat' dir='ltr'><strong>nul·</strong></span> 
     </span>
     <span class='ocr_line' id='line_1_23' title="bbox 302 3760 3393 3836; baseline 0 -15"><span class='ocrx_word' id='word_1_163' title='bbox 302 3780 331 3820; x_wconf 73' lang='grc' dir='ltr'><strong><em>ι</em></strong></span> <span class='ocrx_word' id='word_1_164' title='bbox 366 3763 526 3823; x_wconf 88' lang='lat' dir='ltr'><strong>lum.</strong></span> <span class='ocrx_word' id='word_1_165' title='bbox 560 3763 726 3823; x_wconf 90' lang='lat' dir='ltr'><strong>Nam</strong></span> <span class='ocrx_word' id='word_1_166' title='bbox 760 3764 818 3821; x_wconf 90' lang='lat' dir='ltr'><strong>si</strong></span> <span class='ocrx_word' id='word_1_167' title='bbox 854 3763 1044 3822; x_wconf 91' lang='lat' dir='ltr'><strong>illum</strong></span> <span class='ocrx_word' id='word_1_168' title='bbox 1075 3768 1143 3822; x_wconf 90' lang='lat' dir='ltr'><strong>et</strong></span> <span class='ocrx_word' id='word_1_169' title='bbox 1176 3762 1366 3821; x_wconf 90' lang='lat' dir='ltr'><strong>illum</strong></span> <span class='ocrx_word' id='word_1_170' title='bbox 1402 3761 1823 3835; x_wconf 86' lang='lat' dir='ltr'><strong>inspicerem,</strong></span> <span class='ocrx_word' id='word_1_171' title='bbox 1859 3766 2170 3821; x_wconf 86' lang='lat' dir='ltr'><strong>creatura</strong></span> <span class='ocrx_word' id='word_1_172' title='bbox 2205 3760 2320 3819; x_wconf 92' lang='lat' dir='ltr'><strong>Dei</strong></span> <span class='ocrx_word' id='word_1_173' title='bbox 2357 3777 2489 3821; x_wconf 92' lang='lat' dir='ltr'><strong>non</strong></span> <span class='ocrx_word' id='word_1_174' title='bbox 2535 3777 2781 3836; x_wconf 90' lang='lat' dir='ltr'><strong>essem,</strong></span> <span class='ocrx_word' id='word_1_175' title='bbox 2834 3761 2951 3821; x_wconf 90' lang='lat' dir='ltr'><strong>sed</strong></span> <span class='ocrx_word' id='word_1_176' title='bbox 3002 3762 3180 3822; x_wconf 90' lang='lat' dir='ltr'><strong>sicut</strong></span> <span class='ocrx_word' id='word_1_177' title='bbox 3219 3763 3393 3822; x_wconf 87' lang='lat' dir='ltr'><strong>asel-</strong></span> 
     </span>
     <span class='ocr_line' id='line_1_24' title="bbox 308 3849 3442 3944; baseline 0 -19"><span class='ocrx_word' id='word_1_178' title='bbox 308 3885 337 3925; x_wconf 78' lang='lat'><strong>»</strong></span> <span class='ocrx_word' id='word_1_179' title='bbox 372 3868 480 3929; x_wconf 91' lang='lat' dir='ltr'><strong>lus</strong></span> <span class='ocrx_word' id='word_1_180' title='bbox 512 3883 757 3943; x_wconf 88' lang='lat' dir='ltr'><strong>essem,</strong></span> <span class='ocrx_word' id='word_1_181' title='bbox 794 3868 909 3944; x_wconf 92' lang='lat' dir='ltr'><strong>qui</strong></span> <span class='ocrx_word' id='word_1_182' title='bbox 944 3868 1133 3927; x_wconf 89' lang='lat' dir='ltr'><strong>tarde</strong></span> <span class='ocrx_word' id='word_1_183' title='bbox 1169 3865 1438 3940; x_wconf 87' lang='lat' dir='ltr'><strong>incedit,</strong></span> <span class='ocrx_word' id='word_1_184' title='bbox 1475 3866 1605 3924; x_wconf 91' lang='lat' dir='ltr'><strong>nisi</strong></span> <span class='ocrx_word' id='word_1_185' title='bbox 1640 3881 1760 3941; x_wconf 91' lang='lat' dir='ltr'><strong>per</strong></span> <span class='ocrx_word' id='word_1_186' title='bbox 1794 3865 2143 3925; x_wconf 90' lang='lat' dir='ltr'><strong>stimulum</strong></span> <span class='ocrx_word' id='word_1_187' title='bbox 2178 3865 2487 3926; x_wconf 84' lang='lat' dir='ltr'><strong>minetur.</strong></span> <span class='ocrx_word' id='word_1_188' title='bbox 2525 3864 2903 3942; x_wconf 86' lang='lat' dir='ltr'><strong>Sapientior</strong></span> <span class='ocrx_word' id='word_1_189' title='bbox 2933 3867 3110 3926; x_wconf 90' lang='lat' dir='ltr'><strong>enim</strong></span> <span class='ocrx_word' id='word_1_190' title='bbox 3144 3872 3212 3926; x_wconf 90' lang='lat' dir='ltr'><strong>et</strong></span> <span class='ocrx_word' id='word_1_191' title='bbox 3243 3883 3399 3943; x_wconf 88' lang='lat' dir='ltr'><strong>pru·</strong></span> <span class='ocrx_word' id='word_1_192' title='bbox 3424 3849 3442 3867; x_wconf 72' lang='lat'><em>⁶</em></span> 
     </span>
     <span class='ocr_line' id='line_1_25' title="bbox 313 3969 3395 4045; baseline 0 -15"><span class='ocrx_word' id='word_1_193' title='bbox 313 3990 340 4024; x_wconf 66' lang='lat' dir='ltr'>n</span> <span class='ocrx_word' id='word_1_194' title='bbox 379 3970 645 4031; x_wconf 86' lang='lat' dir='ltr'><strong>dentior</strong></span> <span class='ocrx_word' id='word_1_195' title='bbox 678 3971 832 4031; x_wconf 89' lang='lat' dir='ltr'><strong>aliis</strong></span> <span class='ocrx_word' id='word_1_196' title='bbox 866 3987 1035 4031; x_wconf 91' lang='lat' dir='ltr'><strong>sum.</strong></span> <span class='ocrx_word' id='word_1_197' title='bbox 1073 3969 1292 4029; x_wconf 88' lang='lat' dir='ltr'><strong>Solem</strong></span> <span class='ocrx_word' id='word_1_198' title='bbox 1326 3985 1592 4045; x_wconf 89' lang='lat' dir='ltr'><strong>quoque</strong></span> <span class='ocrx_word' id='word_1_199' title='bbox 1623 3975 1691 4028; x_wconf 90' lang='lat' dir='ltr'><strong>et</strong></span> <span class='ocrx_word' id='word_1_200' title='bbox 1724 3969 1949 4028; x_wconf 88' lang='lat' dir='ltr'><strong>lunam</strong></span> <span class='ocrx_word' id='word_1_201' title='bbox 1982 3985 2062 4027; x_wconf 88' lang='lat' dir='ltr'><strong>ac</strong></span> <span class='ocrx_word' id='word_1_202' title='bbox 2096 3969 2332 4028; x_wconf 88' lang='lat' dir='ltr'><strong>stellas</strong></span> <span class='ocrx_word' id='word_1_203' title='bbox 2365 3984 2443 4028; x_wconf 90' lang='lat' dir='ltr'><strong>ac</strong></span> <span class='ocrx_word' id='word_1_204' title='bbox 2476 3975 2782 4029; x_wconf 86' lang='lat' dir='ltr'><strong>caeteras</strong></span> <span class='ocrx_word' id='word_1_205' title='bbox 2832 3976 3179 4030; x_wconf 85' lang='lat' dir='ltr'><strong>creaturas</strong></span> <span class='ocrx_word' id='word_1_206' title='bbox 3229 3972 3395 4045; x_wconf 85' lang='lat' dir='ltr'><strong>scio,</strong></span> 
     </span>
     <span class='ocr_line' id='line_1_26' title="bbox 311 4072 3401 4150; baseline 0.002 -22"><span class='ocrx_word' id='word_1_207' title='bbox 311 4092 339 4128; x_wconf 68' lang='grc' dir='ltr'><strong><em>ι</em></strong></span> <span class='ocrx_word' id='word_1_208' title='bbox 373 4079 442 4133; x_wconf 87' lang='lat' dir='ltr'><strong>et</strong></span> <span class='ocrx_word' id='word_1_209' title='bbox 476 4089 1015 4150; x_wconf 85' lang='lat' dir='ltr'><strong>unamquamque</strong></span> <span class='ocrx_word' id='word_1_210' title='bbox 1065 4089 1206 4133; x_wconf 90' lang='lat' dir='ltr'><strong>rem</strong></span> <span class='ocrx_word' id='word_1_211' title='bbox 1253 4080 1319 4133; x_wconf 90' lang='lat' dir='ltr'><strong>et</strong></span> <span class='ocrx_word' id='word_1_212' title='bbox 1366 4089 1642 4133; x_wconf 89' lang='lat' dir='ltr'><strong>causam</strong></span> <span class='ocrx_word' id='word_1_213' title='bbox 1691 4080 1871 4132; x_wconf 89' lang='lat' dir='ltr'><strong>recte</strong></span> <span class='ocrx_word' id='word_1_214' title='bbox 1905 4073 2266 4132; x_wconf 82' lang='lat' dir='ltr'><strong>constituO.</strong></span> <span class='ocrx_word' id='word_1_215' title='bbox 2316 4072 2395 4131; x_wconf 89' lang='lat' dir='ltr'><strong>Et</strong></span> <span class='ocrx_word' id='word_1_216' title='bbox 2439 4088 2647 4149; x_wconf 88' lang='lat' dir='ltr'><strong>quare</strong></span> <span class='ocrx_word' id='word_1_217' title='bbox 2683 4088 2788 4131; x_wconf 91' lang='lat' dir='ltr'><strong>me</strong></span> <span class='ocrx_word' id='word_1_218' title='bbox 2824 4074 3039 4149; x_wconf 91' lang='lat' dir='ltr'><strong>ipsam</strong></span> <span class='ocrx_word' id='word_1_219' title='bbox 3090 4074 3401 4150; x_wconf 88' lang='lat' dir='ltr'><strong>repudia-</strong></span> 
     </span>
     <span class='ocr_line' id='line_1_27' title="bbox 312 4175 3402 4253; baseline 0 -18"><span class='ocrx_word' id='word_1_220' title='bbox 312 4195 342 4235; x_wconf 79' lang='lat'><strong>»</strong></span> <span class='ocrx_word' id='word_1_221' title='bbox 379 4191 548 4251; x_wconf 87' lang='lat' dir='ltr'><strong>rem,</strong></span> <span class='ocrx_word' id='word_1_222' title='bbox 584 4177 781 4253; x_wconf 86' lang='lat' dir='ltr'><strong>quasi</strong></span> <span class='ocrx_word' id='word_1_223' title='bbox 815 4177 983 4236; x_wconf 90' lang='lat' dir='ltr'><strong>nihil</strong></span> <span class='ocrx_word' id='word_1_224' title='bbox 1016 4177 1295 4237; x_wconf 74' lang='lat' dir='ltr'><strong>scirem?</strong></span> <span class='ocrx_word' id='word_1_225' title='bbox 1327 4176 1393 4236; x_wconf 89' lang='lat' dir='ltr'><strong>Si</strong></span> <span class='ocrx_word' id='word_1_226' title='bbox 1426 4177 1627 4236; x_wconf 90' lang='lat' dir='ltr'><strong>etiam</strong></span> <span class='ocrx_word' id='word_1_227' title='bbox 1679 4176 1965 4251; x_wconf 89' lang='lat' dir='ltr'><strong>alicujus</strong></span> <span class='ocrx_word' id='word_1_228' title='bbox 2013 4177 2562 4236; x_wconf 89' lang='lat' dir='ltr'><strong>constitutionem</strong></span> <span class='ocrx_word' id='word_1_229' title='bbox 2597 4175 3061 4251; x_wconf 88' lang='lat' dir='ltr'><strong>repudiavero‚</strong></span> <span class='ocrx_word' id='word_1_230' title='bbox 3116 4175 3402 4236; x_wconf 89' lang='lat' dir='ltr'><strong>forsitan</strong></span> 
     </span>
     <span class='ocr_line' id='line_1_28' title="bbox 309 4279 3425 4367; baseline 0.002 -31"><span class='ocrx_word' id='word_1_231' title='bbox 309 4296 337 4333; x_wconf 68' lang='grc' dir='ltr'><strong><em>ι</em></strong></span> <span class='ocrx_word' id='word_1_232' title='bbox 375 4279 490 4338; x_wconf 92' lang='lat' dir='ltr'><strong>ille</strong></span> <span class='ocrx_word' id='word_1_233' title='bbox 526 4279 701 4338; x_wconf 91' lang='lat' dir='ltr'><strong>idem</strong></span> <span class='ocrx_word' id='word_1_234' title='bbox 735 4280 897 4338; x_wconf 90' lang='lat' dir='ltr'><strong>mihi</strong></span> <span class='ocrx_word' id='word_1_235' title='bbox 929 4280 1147 4340; x_wconf 81' lang='lat' dir='ltr'><strong>faciet.</strong></span> <span class='ocrx_word' id='word_1_236' title='bbox 1185 4280 1368 4352; x_wconf 91' lang='lat' dir='ltr'><strong>Quod</strong></span> <span class='ocrx_word' id='word_1_237' title='bbox 1403 4281 1461 4339; x_wconf 88' lang='lat' dir='ltr'><strong>si</strong></span> <span class='ocrx_word' id='word_1_238' title='bbox 1498 4286 1717 4340; x_wconf 89' lang='lat' dir='ltr'><strong>tamen</strong></span> <span class='ocrx_word' id='word_1_239' title='bbox 1755 4279 1997 4355; x_wconf 84' lang='lat' dir='ltr'><strong>fecero,</strong></span> <span class='ocrx_word' id='word_1_240' title='bbox 2052 4295 2198 4339; x_wconf 88' lang='lat' dir='ltr'><strong>mea</strong></span> <span class='ocrx_word' id='word_1_241' title='bbox 2225 4285 2469 4367; x_wconf 22' lang='lat' dir='ltr'><strong>‘tamen</strong></span> <span class='ocrx_word' id='word_1_242' title='bbox 2506 4280 2842 4339; x_wconf 90' lang='lat' dir='ltr'><strong>institutio</strong></span> <span class='ocrx_word' id='word_1_243' title='bbox 2877 4280 3108 4341; x_wconf 87' lang='lat' dir='ltr'><strong>utilior</strong></span> <span class='ocrx_word' id='word_1_244' title='bbox 3140 4286 3264 4341; x_wconf 90' lang='lat' dir='ltr'><strong>est.</strong></span> <span class='ocrx_word' id='word_1_245' title='bbox 3314 4281 3425 4341; x_wconf 86' lang='lat' dir='ltr'><strong>Et·</strong></span> 
     </span>
     <span class='ocr_line' id='line_1_29' title="bbox 316 4386 3402 4464; baseline 0.002 -21"><span class='ocrx_word' id='word_1_246' title='bbox 316 4402 345 4440; x_wconf 77' lang='lat'><strong>»</strong></span> <span class='ocrx_word' id='word_1_247' title='bbox 383 4401 507 4444; x_wconf 91' lang='lat' dir='ltr'><strong>cur</strong></span> <span class='ocrx_word' id='word_1_248' title='bbox 558 4386 623 4444; x_wconf 88' lang='lat' dir='ltr'><strong>in</strong></span> <span class='ocrx_word' id='word_1_249' title='bbox 671 4386 1066 4462; x_wconf 88' lang='lat' dir='ltr'><strong>memetipsa</strong></span> <span class='ocrx_word' id='word_1_250' title='bbox 1117 4387 1554 4461; x_wconf 87' lang='lat' dir='ltr'><strong>tabescerem,</strong></span> <span class='ocrx_word' id='word_1_251' title='bbox 1607 4387 1793 4445; x_wconf 88' lang='lat' dir='ltr'><strong>velut</strong></span> <span class='ocrx_word' id='word_1_252' title='bbox 1839 4386 2004 4445; x_wconf 88' lang='lat' dir='ltr'><strong>nihil</strong></span> <span class='ocrx_word' id='word_1_253' title='bbox 2057 4386 2212 4445; x_wconf 90' lang='lat' dir='ltr'><strong>boni</strong></span> <span class='ocrx_word' id='word_1_254' title='bbox 2261 4386 2529 4461; x_wconf 89' lang='lat' dir='ltr'><strong>scirem,</strong></span> <span class='ocrx_word' id='word_1_255' title='bbox 2581 4403 2733 4446; x_wconf 89' lang='lat' dir='ltr'><strong>cum</strong></span> <span class='ocrx_word' id='word_1_256' title='bbox 2782 4388 3005 4447; x_wconf 90' lang='lat' dir='ltr'><strong>omnia</strong></span> <span class='ocrx_word' id='word_1_257' title='bbox 3049 4403 3222 4464; x_wconf 91' lang='lat' dir='ltr'><strong>quae</strong></span> <span class='ocrx_word' id='word_1_258' title='bbox 3254 4405 3402 4449; x_wconf 92' lang='lat' dir='ltr'><strong>mea</strong></span> 
     </span>
    </p>
   </div>
   <div class='ocr_carea' id='block_1_9' title="bbox 313 4488 3399 4668">
    <p class='ocr_par' dir='ltr' id='par_1_9' title="bbox 313 4488 3399 4668">
     <span class='ocr_line' id='line_1_30' title="bbox 313 4488 3399 4570; baseline 0.002 -24"><span class='ocrx_word' id='word_1_259' title='bbox 313 4505 343 4545; x_wconf 79' lang='lat'>›</span> <span class='ocrx_word' id='word_1_260' title='bbox 383 4493 562 4562; x_wconf 86' lang='lat' dir='ltr'><strong>sunt,</strong></span> <span class='ocrx_word' id='word_1_261' title='bbox 600 4488 879 4547; x_wconf 89' lang='lat' dir='ltr'><strong>meliora</strong></span> <span class='ocrx_word' id='word_1_262' title='bbox 913 4494 980 4548; x_wconf 90' lang='lat' dir='ltr'><strong>et</strong></span> <span class='ocrx_word' id='word_1_263' title='bbox 1013 4490 1286 4549; x_wconf 87' lang='lat' dir='ltr'><strong>utiliora</strong></span> <span class='ocrx_word' id='word_1_264' title='bbox 1320 4497 1477 4551; x_wconf 86' lang='lat' dir='ltr'><strong>sunt</strong></span> <span class='ocrx_word' id='word_1_265' title='bbox 1510 4506 1712 4568; x_wconf 85' lang='lat' dir='ltr'><strong>quam</strong></span> <span class='ocrx_word' id='word_1_266' title='bbox 1745 4490 2051 4549; x_wconf 83' lang='lat' dir='ltr'><strong>aliorum.</strong></span> <span class='ocrx_word' id='word_1_267' title='bbox 2080 4489 2244 4548; x_wconf 87' lang='lat' dir='ltr'><strong>Nam</strong></span> <span class='ocrx_word' id='word_1_268' title='bbox 2272 4495 2532 4549; x_wconf 87' lang='lat' dir='ltr'><strong>tantum</strong></span> <span class='ocrx_word' id='word_1_269' title='bbox 2560 4491 2772 4566; x_wconf 85' lang='lat' dir='ltr'><strong>vale0‚</strong></span> <span class='ocrx_word' id='word_1_270' title='bbox 2802 4498 3127 4567; x_wconf 87' lang='lat' dir='ltr'><strong>quantum</strong></span> <span class='ocrx_word' id='word_1_271' title='bbox 3154 4492 3252 4552; x_wconf 91' lang='lat' dir='ltr'><strong>illi</strong></span> <span class='ocrx_word' id='word_1_272' title='bbox 3284 4493 3399 4570; x_wconf 88' lang='lat' dir='ltr'><strong>qui</strong></span> 
     </span>
     <span class='ocr_line' id='line_1_31' title="bbox 313 4591 1622 4668; baseline 0.002 -20"><span class='ocrx_word' id='word_1_273' title='bbox 313 4608 342 4645; x_wconf 65' lang='grc' dir='ltr'><strong><em>ι</em></strong></span> <span class='ocrx_word' id='word_1_274' title='bbox 379 4592 603 4650; x_wconf 88' lang='lat' dir='ltr'><strong>omnia</strong></span> <span class='ocrx_word' id='word_1_275' title='bbox 636 4591 1028 4651; x_wconf 86' lang='lat' dir='ltr'><strong>discernunt</strong></span> <span class='ocrx_word' id='word_1_276' title='bbox 1060 4600 1128 4652; x_wconf 90' lang='lat' dir='ltr'><strong>et</strong></span> <span class='ocrx_word' id='word_1_277' title='bbox 1160 4593 1549 4668; x_wconf 90' lang='lat' dir='ltr'><strong>dijudicant.</strong></span> <span class='ocrx_word' id='word_1_278' title='bbox 1591 4613 1622 4650; x_wconf 78' lang='lat'><strong>»</strong></span> 
     </span>
    </p>
   </div>
   <div class='ocr_carea' id='block_1_10' title="bbox 1440 4789 2239 5061">
    <p class='ocr_par' dir='ltr' id='par_1_10' title="bbox 1440 4789 2239 5061">
     <span class='ocr_line' id='line_1_32' title="bbox 1808 4789 1887 4849; baseline 0.025 -2"><span class='ocrx_word' id='word_1_279' title='bbox 1808 4789 1887 4849; x_wconf 84' lang='lat'><strong>11.</strong></span> 
     </span>
     <span class='ocr_line' id='line_1_33' title="bbox 1440 4984 2239 5061; baseline 0 -16"><span class='ocrx_word' id='word_1_280' title='bbox 1440 4984 1854 5061; x_wconf 77' lang='lat' dir='ltr'><strong>Responsum</strong></span> <span class='ocrx_word' id='word_1_281' title='bbox 1903 4985 2239 5046; x_wconf 73' lang='lat' dir='ltr'><strong>Justitiae.</strong></span> 
     </span>
    </p>
   </div>
   <div class='ocr_carea' id='block_1_11' title="bbox 400 5147 3408 5257">
    <p class='ocr_par' dir='ltr' id='par_1_11' title="bbox 400 5147 3408 5257">
     <span class='ocr_line' id='line_1_34' title="bbox 400 5147 3408 5257; baseline 0.001 -23"><span class='ocrx_word' id='word_1_282' title='bbox 400 5177 460 5234; x_wconf 80' lang='lat'><strong>3.</strong></span> <span class='ocrx_word' id='word_1_283' title='bbox 499 5175 574 5235; x_wconf 81' lang='lat' dir='ltr'><strong>El</strong></span> <span class='ocrx_word' id='word_1_284' title='bbox 609 5176 688 5235; x_wconf 86' lang='lat' dir='ltr'><strong>de</strong></span> <span class='ocrx_word' id='word_1_285' title='bbox 730 5177 993 5240; x_wconf 82' lang='lat' dir='ltr'><strong>turbida</strong></span> <span class='ocrx_word' id='word_1_286' title='bbox 1027 5176 1221 5253; x_wconf 78' lang='lat' dir='ltr'><strong>nube,</strong></span> <span class='ocrx_word' id='word_1_287' title='bbox 1261 5193 1429 5254; x_wconf 81' lang='lat' dir='ltr'><strong>quae</strong></span> <span class='ocrx_word' id='word_1_288' title='bbox 1468 5195 1537 5237; x_wconf 84' lang='lat' dir='ltr'><strong>se</strong></span> <span class='ocrx_word' id='word_1_289' title='bbox 1574 5178 1656 5239; x_wconf 85' lang='lat' dir='ltr'><strong>ab</strong></span> <span class='ocrx_word' id='word_1_290' title='bbox 1693 5179 1938 5240; x_wconf 79' lang='lat' dir='ltr'><strong>Austro</strong></span> <span class='ocrx_word' id='word_1_291' title='bbox 1976 5179 2056 5241; x_wconf 83' lang='lat' dir='ltr'><strong>ad</strong></span> <span class='ocrx_word' id='word_1_292' title='bbox 2093 5147 2517 5240; x_wconf 73' lang='lat' dir='ltr'><strong>Occidentem</strong></span> <span class='ocrx_word' id='word_1_293' title='bbox 2552 5181 2972 5255; x_wconf 79' lang='lat' dir='ltr'><strong>extenderat,</strong></span> <span class='ocrx_word' id='word_1_294' title='bbox 3026 5186 3093 5241; x_wconf 88' lang='lat' dir='ltr'><strong>ul</strong></span> <span class='ocrx_word' id='word_1_295' title='bbox 3145 5178 3408 5257; x_wconf 86' lang='lat' dir='ltr'><strong>praedi-</strong></span> 
     </span>
    </p>
   </div>
  </div>
 </body>
</html>
