4036 6117
658 478 663 484 ’
711 481 838 541 160
1864 501 1913 545 s.
1979 501 2533 549 nnnqunms

2032 721 2328 785 XXVIII.

1678 917 2025 993 Sapientia
2070 919 2156 976 ad
2203 918 2500 977 eamdem
2550 937 2710 977 rem.

727 1128 834 1190 36.
874 1128 1222 1189 Mulierem
1252 1124 1496 1203 fortem
1542 1125 1689 1201 quis
1721 1126 2053 1185 inveniet?
2102 1126 2345 1185 Procul
2394 1132 2453 1184 et
2506 1126 2587 1184 de
2634 1126 2894 1185 ultimis
2925 1123 3163 1205 finibus
3190 1127 3531 1203 praetium
3565 1120 3735 1200 εἰπε.

643 1234 918 1314 Confidit
953 1235 1026 1291 in
1060 1249 1140 1289 ea
1164 1246 1270 1289 cor
1303 1230 1431 1287 viri
1466 1232 1594 1302 sui,
1630 1234 1692 1288 et
1730 1228 1955 1305 spoliis
1989 1246 2124 1287 non
2157 1228 2491 1305 indiqebit.
2531 1230 2787 1290 Reddet
2820 1232 2882 1289 ei
2928 1229 3168 1289 bonum
3201 1237 3262 1289 et
3296 1248 3430 1290 non
3476 1232 3740 1290 malum

643 1337 937 1399 omnibus
985 1334 1211 1394 diebus
1259 1336 1431 1392 vitae
1466 1351 1641 1393 suae.
1681 1333 2012 1405 Quaesivit
2065 1333 2292 1392 lanam
2339 1339 2400 1391 et
2438 1334 2677 1409 linum,
2728 1340 2790 1392 et
2827 1341 3098 1411 operata
3139 1340 3232 1393 est
3286 1336 3557 1395 consilio
3594 1352 3740 1394 ma-

642 1460 855 1503 nuum
904 1456 1197 1499 suarum.
1249 1436 1452 1497 Facta
1498 1443 1592 1496 est
1641 1439 1832 1515 quasi
1879 1441 2066 1497 navis
2114 1440 2463 1512 institoris,
2516 1439 2597 1496 de
2646 1438 2833 1515 lonye
2877 1445 3154 1515 portans
3202 1457 3451 1515 panem
3514 1458 3735 1499 suum.

637 1544 842 1620 Cujus
892 1557 1130 1601 sensus
1180 1539 1338 1599 talis
1371 1545 1495 1599 est.
1534 1539 1767 1614 Homo,
1821 1539 1935 1615 qui
1971 1540 2187 1599 fidelis
2222 1555 2375 1599 esse
2408 1539 2770 1615 desiderat,
2807 1540 3205 1599 muliebrem
3238 1540 3580 1600 levitatem
3615 1541 3737 1600 ab-

632 1648 844 1725 jiciat,
897 1648 1097 1723 atque
1142 1644 1409 1703 virilem
1455 1642 1914 1702 fortitudinem
1951 1644 2011 1702 in
2051 1643 2272 1719 specie
2306 1643 2841 1703 mansuetudinis
2876 1643 3178 1703 studiose
3210 1643 3591 1719 quaerendo
3625 1661 3738 1705 ar-

638 1752 870 1828 ripiat,
907 1749 1066 1825 quia
1097 1750 1254 1808 tunc
1288 1748 1485 1823 quasi
1518 1748 1752 1823 procul
1786 1763 1906 1824 per
1937 1748 2223 1822 gloriam
2257 1749 2325 1807 et
2357 1747 2552 1823 quasi
2586 1747 2666 1806 de
2715 1748 2970 1807 ultimis
3018 1746 3263 1807 finibus
3310 1763 3432 1824 per
3480 1747 3736 1808 famam

636 1858 785 1917 laus
833 1853 980 1930 ejus
1028 1854 1319 1926 orietur,
1371 1868 1523 1911 curn
1571 1856 1846 1927 propter
1893 1851 2067 1910 bona
2114 1867 2316 1927 opera
2367 1851 2581 1927 ipsius
2627 1851 2803 1910 Deus
2837 1851 3271 1927 glorificatur.
3309 1851 3739 1928 Quapropter

634 1960 840 2020 etiam
887 1957 1354 2018 confidentiam
1402 1971 1595 2015 suam
1631 1956 1695 2014 in
1730 1956 1949 2031 ipsum
1985 1955 2084 2014 illi
2116 1956 2386 2030 ponant,
2423 1956 2539 2031 qui
2574 1955 2850 2031 majoris
2884 1955 3161 2015 virtutis
3209 1962 3386 2030 sunt,
3426 1956 3519 2016 ita
3550 1956 3735 2032 quod

634 2064 959 2123 honorem
1005 2060 1329 2121 virtutum
1380 2060 1509 2136 ipsi
1556 2055 1891 2134 exhibent,
1928 2059 2245 2135 quoniam
2285 2059 2517 2135 rapina
2550 2074 2759 2136 prava
2794 2061 3253 2136 usurpationis
3286 2075 3418 2119 non
3452 2060 3735 2136 indiget,

636 2170 898 2230 scilicet
930 2166 1108 2243 quod
1143 2166 1349 2226 ullam
1383 2164 1648 2224 laudem
1685 2164 2093 2223 mendaciter
2125 2163 2257 2224 sibi
2295 2169 2593 2239 usurpet.
2630 2164 2812 2224 Tunc
2845 2170 2913 2223 et
2946 2163 3102 2223 huic
3148 2163 3510 2223 reddentur
3555 2165 3737 2225 bona

634 2274 896 2346 merita,
948 2276 1016 2329 et
1061 2286 1193 2329 non
1239 2269 1416 2328 mala
1465 2268 1682 2341 lucra,
1732 2267 2054 2344 quamdiu
2101 2269 2201 2328 sic
2249 2270 2316 2328 in
2362 2268 2555 2327 bonis
2587 2267 2906 2343 operibus
2941 2267 3163 2341 durat,
3199 2268 3359 2343 quia
3394 2273 3531 2327 tam
3566 2268 3733 2328 aliis

632 2392 834 2455 quam
884 2372 1287 2449 sibimetipsi
1336 2372 1557 2431 fidelia
1603 2387 1808 2446 opera
1841 2387 1993 2431 cum
2022 2371 2228 2447 justis
2262 2371 2609 2431 laboribus
2646 2372 2791 2430 suis
2825 2376 3208 2446 congregat.
3245 2370 3518 2442 Quaerit
3549 2371 3736 2430 enim

632 2481 977 2541 lenitatem
1025 2482 1094 2536 et
1140 2475 1484 2545 duritiam,
1537 2480 1611 2534 ut
1658 2480 1995 2550 operetur,
2046 2475 2268 2534 sciens
2316 2475 2431 2535 ubi
2480 2474 2743 2549 suavis,
2795 2480 2862 2533 et
2897 2474 3011 2533 ubi
3047 2490 3246 2550 asper
3276 2490 3428 2534 esse
3462 2474 3733 2549 debeat,

638 2583 954 2659 quoniam
1000 2580 1355 2655 diligenter
1401 2578 1803 2651 considerat,
1840 2578 1999 2654 quid
2035 2578 2347 2654 cuiquam
2397 2579 2464 2638 in
2496 2578 2797 2638 moribus
2846 2578 3013 2655 suis,
3064 2578 3252 2637 velut
3301 2579 3364 2638 in
3407 2577 3735 2654 operibus

639 2688 810 2763 ejuS,
848 2684 1218 2745 conveniat.

720 2788 827 2848 37.
876 2787 957 2845 Et
1003 2786 1103 2845 sic
1150 2786 1224 2846 fit
1271 2787 1557 2861 portitor
1606 2803 1757 2846 cum
1806 2787 2140 2862 adjutorio
2192 2788 2435 2846 summi
2469 2787 2760 2861 DatoriS‚
2813 2786 2968 2846 dum
3021 2787 3309 2847 aliorum
3342 2786 3610 2861 delicta,
3646 2786 3736 2846 de

632 2897 827 2968 longe
860 2892 1043 2951 velut
1076 2908 1113 2950 a
1144 2891 1256 2949 via
1287 2891 1599 2950 veritatis
1631 2891 1950 2965 errantia,
1987 2907 2107 2967 per
2139 2891 2572 2950 sublevamen
2604 2892 2982 2951 orationum
3016 2895 3260 2967 portat;
3288 2896 3356 2949 et
3388 2890 3545 2949 dum
3572 2889 3734 2950 aliis

626 2995 1012 3057 necessaria
1057 2995 1259 3069 vitae,
1312 3010 1391 3053 ac
1422 2994 1626 3053 etiam
1658 2995 2044 3053 necessaria
2077 2995 2454 3070 praesentis
2488 3010 2730 3054 cursus
2768 2994 3261 3070 subministrat,
3298 3010 3419 3054 nec
3453 2994 3733 3055 sibimet

627 3104 696 3163 in
720 3101 1029 3179 plurimis
1056 3101 1123 3159 et
1147 3099 1547 3175 periculosis
1581 3098 2063 3159 tentationibus
2090 3115 2563 3175 perversarum
2593 3099 3097 3159 inundationum
3122 3099 3361 3175 parcit,
3391 3104 3731 3175 quatenus

627 3221 859 3267 omnes
910 3219 983 3263 se
1025 3203 1310 3264 fideliter
1343 3203 1683 3262 imitantes
1718 3203 1798 3262 ad
1834 3207 2104 3278 portum
2138 3204 2378 3264 salutis
2412 3202 2725 3280 perferat.
2762 3204 2931 3263 Num
2965 3204 3171 3264 etiam
3206 3205 3448 3264 iterum
3481 3207 3548 3264 et
3581 3221 3731 3266 rnu-

629 3310 884 3382 nerem,
920 3306 1182 3366 scilicet
1216 3305 1636 3380 sapientiam,
1679 3306 2023 3365 mollitiem
2062 3306 2507 3382 abjicientem,
2544 3322 2623 3365 ac
2660 3305 3047 3366 fortitudine
3084 3305 3323 3367 fortem
3352 3303 3399 3386 ¹)
3435 3308 3730 3369 existen-

626 3418 793 3485 tem,
845 3409 998 3485 quis
1046 3408 1386 3468 hominum
1435 3408 1720 3482 diligens
1771 3409 2187 3485 iniquitatem
2228 3410 2550 3469 inveniet?
2580 3410 2744 3469 Nam
2778 3425 2900 3469 nec
2932 3417 3207 3487 propter
3241 3410 3558 3487 taedium,
3596 3427 3726 3472 nec

632 3515 907 3590 propter
939 3512 1198 3572 itineris
1248 3512 1799 3588 longinquitatem
1847 3513 2258 3588 dimittetur,
2294 3514 2456 3589 quin
2488 3520 2851 3589 quaeratur
2883 3513 3091 3574 donec
3126 3515 3523 3590 inveniatur,
3558 3532 3729 3592 quo-

627 3620 809 3680 niam
859 3618 1004 3694 ipsa
1050 3632 1207 3676 esca
1254 3618 1381 3692 est,
1416 3633 1548 3692 qua
1594 3617 1820 3677 nullus
1855 3619 2150 3676 saturari
2184 3620 2427 3693 potest,
2464 3623 2531 3676 et
2566 3617 2785 3693 fulgor
2813 3615 2864 3697 2)
2900 3635 3030 3695 quo
3072 3619 3296 3680 omnia
3329 3627 3726 3682 ornamenta

627 3723 905 3798 fulgent,
932 3737 1013 3781 ac
1037 3721 1211 3797 lapis
1245 3721 1361 3796 qui
1395 3736 1632 3780 aurum
1665 3726 1877 3780 ornat.
1912 3720 2149 3780 Omnia
2180 3721 2383 3781 etiam
2418 3737 2589 3797 quae
2626 3723 2690 3781 in
2723 3723 3056 3782 creaturis
3086 3722 3525 3785 discernenda
3559 3732 3723 3786 sunt

624 3826 978 3899 discernit,
1014 3830 1082 3885 et
1116 3825 1182 3884 in
1230 3824 1585 3900 diligentes
1617 3826 1844 3901 partes
1880 3839 2157 3899 operum
2189 3840 2268 3884 ea
2301 3826 2765 3900 multipliciter
2797 3827 3005 3902 ponit,
3042 3843 3164 3887 nec
3199 3828 3283 3888 ab
3324 3827 3431 3888 bis
3464 3835 3717 3904 cessat,

625 3930 784 4007 quia
816 3927 1035 3989 omnis
1072 3927 1331 3988 utilitas
1367 3927 1433 3986 in
1468 3927 1613 4002 ipsa
1647 3928 1770 3987 est.
1804 3927 2045 3986 Procul
2078 3927 2255 3986 enirn
2291 3927 2355 3986 in
2388 3927 2795 3987 coelestibus
2828 3935 2895 3988 et
2928 3928 3009 3987 de
3044 3929 3301 3989 ultimis
3343 3930 3610 4005 finibus;
3651 3932 3720 3991 in

623 4033 910 4100 terrenis
957 4033 1238 4106 scilicet,
1275 4031 1431 4090 dum
1467 4032 1846 4108 spiritualia
1879 4037 1947 4090 et
1981 4031 2357 4091 saecularia
2390 4032 2733 4106 discernit,
2770 4033 3062 4108 pretium
3095 4033 3264 4108 ejus;
3304 4033 3461 4093 dum
3496 4033 3716 4095 fidelis

629 4140 824 4200 homo
858 4138 1148 4198 animam
1183 4152 1375 4196 suam
1411 4136 1507 4196 illi
1545 4137 1638 4196 ita
1663 4131 1715 4215 ⁸)
1767 4136 2206 4212 appretiatur,
2243 4136 2418 4212 quod
2467 4152 2615 4195 earn
2658 4136 2723 4194 in
2757 4137 3277 4211 contemplativa
3310 4139 3719 4215 contempla-

619 4244 820 4316 tione,
857 4247 925 4300 et
959 4243 1025 4302 in
1058 4242 1306 4301 actuali
1340 4241 1600 4300 actione
1633 4240 1714 4299 ad
1753 4255 1824 4299 se
1858 4239 2137 4314 colligit,
2174 4240 2333 4299 dum
2366 4240 2704 4315 sapienter
2736 4240 2876 4315 agit
2916 4241 3139 4300 omnia
3172 4257 3342 4317 quae
3378 4241 3557 4302 facit.

706 4344 814 4406 38.
850 4345 1003 4419 Ipsa
1031 4345 1207 4404 enim
1241 4344 1493 4419 placuit
1525 4345 1711 4404 cordi
1747 4344 2099 4404 fortissimi
2134 4360 2212 4403 ac
2246 4344 2720 4418 omnipotentis
2752 4344 2892 4418 Dei,
2931 4344 2997 4404 in
3028 4362 3159 4421 quo
3188 4347 3712 4422 necessaria-ne-

616 4450 902 4508 cessitas
936 4465 1065 4508 non
1096 4454 1224 4522 est,
1264 4449 1379 4507 sed
1414 4465 1675 4508 summa
1709 4448 2071 4524 plenitudo:
2108 4448 2220 4524 qui
2258 4452 2325 4506 et
2359 4448 2425 4507 in
2457 4448 2713 4508 nullum
2747 4449 3043 4524 respicit,
3082 4450 3258 4526 quod
3294 4451 3378 4510 ab
3411 4467 3489 4512 eo
3516 4453 3711 4528 quid-

616 4567 819 4628 quam
867 4551 1174 4626 accipiat,
1211 4551 1368 4626 quia
1401 4551 1710 4610 omnibus
1743 4551 1937 4611 bonis
1973 4550 2287 4610 abundat.
2323 4550 2505 4610 Unde
2539 4552 2606 4610 et
2638 4550 2813 4609 idem
2844 4550 3020 4610 Deus
3054 4551 3170 4613 dat
3201 4553 3261 4612 ei
3296 4569 3492 4614 omne
3525 4557 3707 4631 quod

616 4654 950 4715 laudabile
982 4659 1050 4713 et
1082 4654 1450 4729 gloriosum
1481 4656 1615 4728 est,
1650 4660 1718 4713 et
1751 4671 1882 4714 non
1929 4654 2525 4714 contradictionem
2558 4655 2847 4715 nominis
2883 4655 2988 4714 sui
3022 4656 3087 4714 in
3122 4656 3531 4731 longitudine
3565 4658 3705 4718 die-

620 4774 792 4834 rum,
829 4758 1074 4834 quibus
1107 4774 1258 4817 cum
1292 4757 1426 4817 Deo
1459 4763 1702 4833 manet,
1739 4759 2055 4834 quoniam
2091 4759 2238 4834 ipsa
2270 4773 2421 4818 cum
2457 4758 2571 4818 illo
2607 4774 2873 4835 semper
2909 4757 3055 4835 fuit,
3093 4762 3162 4821 et
3195 4761 3346 4820 cum
3380 4761 3494 4821 illo
3530 4778 3704 4822 sern-

612 4878 733 4938 per
778 4862 1214 4938 permanebit.
1252 4860 1375 4922 Sed
1410 4867 1476 4921 et
1511 4863 1656 4939 ipsa
1691 4864 1754 4922 in
1791 4869 2051 4922 secreto
2088 4862 2310 4921 studio
2347 4878 2469 4921 suo
2505 4864 2842 4938 quaesivit
2876 4865 3484 4941 mansuetudinem,
3524 4868 3700 4928 sicut

610 4967 861 5041 lanam,
912 4971 979 5025 et
1027 4967 1376 5042 pietatem,
1428 4967 1604 5028 sicut
1638 4967 1843 5026 linum
1867 5014 1883 5042 ,
1920 4974 1987 5027 et
2022 4966 2344 5027 coelestia
2392 4983 2594 5042 opera
2632 4966 2787 5027 fecit
2820 4984 2971 5027 curn
3007 4975 3202 5029 cauta
3245 4971 3698 5032 sollicitudine

672 5132 714 5199 ¹)
739 5135 1116 5206 fortitudinem
1140 5135 1331 5205 fortem
1360 5136 1447 5190 W.
1471 5137 1595 5198 -ἣ
1622 5135 1823 5207 fulqur
1845 5135 1912 5190 Α.
1935 5133 2055 5200 —⁸)
2084 5136 2188 5191 illa
2215 5138 2293 5190 ita
2313 5134 2383 5199 Α,
2407 5135 2497 5191 W.
2524 5140 2823 5208 corruptus
2853 5135 2980 5193 sort.
3009 5138 3164 5193 locus
3193 5137 3252 5192 in
3278 5138 3500 5196 duobus
3526 5140 3686 5198 codd.
