4036 6117
1233 502 1471 549 muna
1517 502 1717 548 virm
1764 498 2251 547 Mem-ronow.
2302 499 2362 545 r.
2412 498 2501 544 vr
3222 475 3347 537 227

1808 755 1934 815 XV.

1548 966 1641 1026 De
1689 965 1863 1023 malo
1913 963 2188 1025 Diaboli.

423 1174 525 1236 16.
571 1174 700 1235 Sed
750 1180 817 1234 ct
863 1175 1110 1235 malum
1161 1173 1308 1250 ejus
1356 1174 1533 1232 malo
1582 1172 1873 1233 hominis
1921 1172 2207 1249 nequius
2256 1176 2383 1245 est,
2421 1170 2580 1247 quia
2627 1168 2823 1229 bomo
2856 1167 3067 1228 Deum
3104 1164 3412 1241 videndo,

322 1278 891 1357 quemadmodum
926 1279 1094 1355 ipse,
1129 1294 1261 1337 non
1292 1276 1478 1337 vidit.
1532 1272 1574 1356 ¹)
1608 1276 1688 1338 Et
1722 1277 1892 1337 idem
1930 1282 2147 1337 rotam
2180 1274 2555 1336 nativitatis
2605 1271 2893 1333 hominis
2935 1270 3300 1344 concussit,
3340 1283 3418 1328 ac

319 1401 449 1463 per
481 1385 690 1445 multa
723 1384 896 1443 mala
933 1384 1120 1443 illum
1152 1382 1435 1458 decepit,
1471 1387 1539 1441 et
1572 1382 1656 1442 ob
1690 1381 1816 1441 hoc
1851 1381 2177 1442 maximas
2211 1380 2641 1442 confusiones
2677 1377 2807 1436 sibi
2858 1379 3208 1451 aggregat,
3260 1373 3417 1449 quia

318 1488 531 1547 etiam
569 1487 634 1546 in
665 1486 1036 1563 perditione
1084 1485 1456 1544 animarum
1506 1485 1817 1545 laetatur.
1861 1485 2044 1545 Unde
2082 1489 2148 1543 et
2185 1485 2327 1560 ipse
2362 1483 2426 1542 in
2462 1481 2695 1558 poenis
2730 1479 2895 1554 suiS,
2934 1478 3110 1537 sicut
3144 1477 3295 1537 exul
3330 1476 3418 1536 si-

319 1608 411 1652 ne
460 1592 936 1666 consolatione,
975 1605 1240 1665 semper
1271 1590 1422 1664 erit,
1458 1590 1773 1666 quoniam
1813 1589 2122 1664 deceptio
2173 1587 2387 1665 ipsius
2436 1602 2589 1646 cum
2635 1599 2876 1659 magna
2909 1580 3298 1642 confusione
3334 1579 3416 1639 ad

320 1712 483 1756 eum
516 1701 914 1772 revertetur,
950 1696 1018 1754 in
1043 1710 1177 1772 qua
1207 1694 1413 1754 etiam
1445 1691 1902 1754 erubescendo
1935 1692 2132 1753 valde
2167 1692 2528 1768 affligetur,
2565 1706 2716 1750 cum
2748 1689 2812 1748 ei
2845 1685 3073 1748 fideles
3118 1689 3253 1747 tam
3301 1701 3420 1761 per

318 1802 804 1878 poenitentiam
837 1816 1039 1877 quarn
1072 1815 1191 1877 per
1223 1798 1687 1875 purgationem
1717 1798 2116 1874 eripiuntur.

1791 2022 1946 2083 XVI.

1436 2232 1529 2293 De
1582 2229 1846 2292 Diabolo
1894 2237 1955 2290 et
2006 2238 2331 2308 serpente.

422 2441 528 2504 17.
577 2442 726 2521 Ipse
773 2445 992 2505 autem
1043 2444 1333 2518 primum
1382 2443 1714 2514 hominem
1766 2444 1832 2504 in
1880 2433 2200 2503 Paradiso
2250 2458 2370 2518 per
2418 2446 2797 2517 serpentem
2843 2438 3221 2515 deceperat,
3260 2440 3418 2517 quia

328 2546 399 2607 in
446 2548 627 2607 omni
673 2562 916 2623 genere
966 2548 1353 2607 animalium
1387 2548 1565 2607 aliud
1602 2548 1849 2607 animal
1893 2564 2024 2607 non
2060 2546 2332 2622 invenit,
2371 2545 2549 2622 quod
2582 2545 2664 2605 ad
2698 2543 3162 2619 decipiendum
3197 2545 3414 2605 homi-

327 2666 481 2711 nem
517 2651 804 2710 celerius
852 2657 1035 2711 esset
1082 2667 1285 2727 quam
1333 2667 1610 2726 serpens
1664 2650 1808 2726 fuit,
1860 2651 2176 2728 quoniam
2209 2649 2530 2710 Diabolus
2581 2649 2663 2708 ad
2713 2649 3049 2709 hominem
3096 2649 3415 2710 accedere

326 2761 559 2832 aperte
617 2761 773 2815 tunc
832 2756 1138 2829 timebat,
1197 2755 1370 2815 unde
1428 2757 1778 2816 materiam
1833 2756 2248 2831 deceptionis
2306 2755 2504 2832 hujus
2552 2761 2928 2830 serpentem
2977 2756 3204 2831 elegit.
3252 2756 3419 2816 Nam

324 2874 602 2933 serpens
638 2860 703 2918 in
734 2860 901 2919 duas
950 2866 1176 2936 partes
1225 2859 1485 2920 divisus
1518 2862 1644 2933 est,
1684 2861 1944 2925 scilicet
1975 2860 2152 2937 quod
2189 2861 2254 2919 in
2290 2876 2463 2936 aqua
2502 2860 2836 2920 interdum
2877 2865 3004 2933 est,
3040 2865 3108 2919 et
3140 2860 3317 2936 quod
3355 2861 3423 2920 in

326 2967 506 3022 terra
541 2962 848 3038 quiescit.
886 2962 1010 3021 Per
1043 2961 1164 3021 has
1198 2962 1365 3022 duas
1399 2970 1627 3038 partes
1663 2964 1984 3023 sibilosus
2021 2969 2086 3022 et
2120 2963 2411 3037 perfidus
2444 2969 2569 3022 est.
2604 2961 2696 3021 De
2732 2979 2905 3038 aqua
2955 2962 3130 3022 enim
3179 2962 3418 3023 sibilos

329 3072 394 3125 et
441 3065 524 3124 de
573 3071 755 3126 terra
786 3066 1131 3142 perfidiam
1169 3066 1393 3126 trahit.
1429 3067 1609 3128 Unde
1642 3074 1710 3128 et
1743 3068 1823 3127 de
1857 3084 2112 3144 aquoso
2145 3083 2300 3127 aere
2338 3068 2569 3142 serpit,
2606 3072 2673 3126 et
2706 3067 2786 3126 de
2821 3073 3003 3127 terra
3036 3066 3231 3142 quasi
3267 3083 3423 3143 sup-

327 3172 553 3246 plicat.
604 3170 853 3231 Natura
901 3172 1145 3247 quippe
1194 3171 1338 3246 ejus
1390 3171 1545 3230 talis
1579 3178 1704 3245 est,
1743 3171 1919 3248 quod
1971 3171 2302 3230 hominem
2354 3171 2758 3245 deceptuose
2808 3170 3077 3247 decipit;
3139 3174 3207 3230 et
3241 3170 3419 3246 quod

329 3271 862 3333 eummortifero
896 3287 1150 3331 veneno
1185 3272 1450 3332 occidit.
1489 3272 1612 3332 Sed
1648 3275 1706 3333 si
1741 3272 1938 3332 homo
1975 3274 2163 3333 illum
2196 3273 2458 3346 vicerit,
2497 3288 2570 3331 se
2603 3288 2756 3332 mox
2790 3270 3164 3347 abscondit,
3197 3287 3274 3332 ac
3307 3271 3420 3332 do-

339 3378 478 3437 lose
525 3376 609 3436 ad
660 3377 844 3436 illum
895 3392 967 3436 se
1015 3383 1260 3437 movet.
1311 3377 1389 3437 Et
1436 3393 1556 3453 per
1602 3377 1986 3452 huJusmodi
2036 3380 2217 3437 artes
2267 3377 2596 3452 serpentis
2639 3376 2957 3435 Diabolus
2991 3375 3242 3435 homini
3276 3390 3425 3452 per-

337 3481 575 3556 suasit,
613 3480 787 3556 quod
823 3496 944 3541 nec
992 3481 1309 3556 gaudium
1357 3497 1478 3542 nec
1527 3481 1836 3542 fiduciam
1870 3481 1953 3541 ad
1985 3480 2193 3541 Deum
2243 3480 2538 3541 haberet.
2566 3478 2614 3559 2)
2652 3481 3068 3557 Quapropter
3109 3479 3306 3541 homo
3358 3481 3425 3542 in

335 3591 537 3662 gustu
568 3586 747 3661 pomi
782 3587 1132 3646 scientiam
1165 3587 1325 3646 mali
1359 3588 1638 3664 accepit,
1675 3603 1754 3647 ac
1789 3587 1855 3647 in
1887 3603 2089 3652 succo
2131 3586 2314 3647 illius
2362 3592 2711 3663 peccatum
2746 3585 2983 3646 adesse
3034 3586 3264 3647 sensit.
3316 3585 3423 3647 Sic

332 3689 652 3751 Diabolus
686 3690 906 3750 omnia
941 3691 1116 3752 mala
1151 3689 1405 3751 homini
1438 3690 1740 3766 immisit,
1778 3708 1950 3767 quae
1983 3697 2220 3767 postea
2252 3706 2370 3765 per
2401 3706 2646 3768 aquam
2679 3689 3008 3751 suffocata
3042 3691 3216 3751 sunt.

1783 3916 1972 3977 XVII.

1280 4124 1463 4198 Quod
1508 4142 1673 4202 opus
1721 4127 2003 4185 hominis
2052 4142 2186 4185 non
2226 4123 2490 4203 peribit.

429 4332 534 4395 18.
563 4331 687 4393 Sed
722 4338 794 4393 ut
820 4349 988 4409 opus
1013 4332 1152 4408 Dei,
1183 4334 1357 4410 quod
1385 4334 1581 4395 homo
1606 4340 1735 4411 est,
1764 4352 1895 4395 non
1927 4336 2500 4411 exterminabitur,
2531 4336 2648 4397 sed
2673 4337 2964 4415 durabit,
2999 4333 3049 4420 ⁸)
3091 4339 3187 4400 ita
3212 4341 3418 4401 etiam

339 4451 503 4512 opus
535 4436 824 4495 hominis
857 4452 989 4494 non
1019 4443 1397 4512 evanescet,
1434 4439 1591 4514 quia
1624 4455 1793 4514 opus
1829 4438 2141 4514 hominiS,
2179 4439 2355 4515 quod
2384 4440 2465 4499 ad
2490 4439 2698 4500 Deum
2733 4442 2967 4518 tendit,
3014 4443 3083 4503 in
3123 4446 3433 4505 coelesti-

344 4537 468 4599 bus
503 4537 807 4614 fulgebit3
843 4555 1012 4615 opus
1047 4543 1268 4600 autem
1304 4541 1506 4617 illius,
1553 4542 1729 4618 quod
1763 4543 1846 4602 ad
1893 4542 2244 4603 Diabolum
2292 4543 2708 4620 extenditur,
2762 4546 2830 4605 in
2875 4547 3107 4622 poenis
3156 4547 3434 4609 manife-

278 4682 291 4693 ·
345 4644 651 4704 stabitur.
707 4643 869 4704 Cum
917 4644 1093 4704 enim
1140 4644 1314 4704 Deus
1364 4646 1698 4705 hominem
1746 4647 2023 4722 creavit,
2063 4648 2158 4706 illi
2198 4648 2476 4724 injunxit
2523 4653 2597 4710 ut
2640 4650 2707 4709 in
2741 4653 3074 4712 creaturis
3122 4668 3434 4729 operare-

346 4752 473 4810 tur.
521 4747 602 4806 Et
649 4753 722 4807 ut
772 4748 882 4808 ille
933 4765 1062 4808 non
1108 4748 1397 4825 finietur,
1433 4751 1565 4810 nisi
1603 4750 1781 4827 quod
1817 4751 1882 4810 in
1915 4751 2208 4811 cinerem
2262 4753 2656 4829 mutabitur,
2701 4760 2768 4814 et
2803 4762 2876 4815 ut
2907 4763 3143 4832 postea
3176 4763 3430 4833 surget,

353 4851 446 4911 sic
477 4857 544 4912 et
577 4868 780 4928 opera
828 4852 1043 4928 ipsius
1091 4853 1515 4930 videbuntur,
1551 4854 1725 4915 bona
1759 4856 2017 4915 scilicet
2066 4855 2147 4916 ad
2182 4857 2488 4933 gloriam,
2535 4859 2710 4918 mala
2760 4876 2918 4919 vero
2968 4860 3050 4920 ad
3100 4860 3436 4922 confusio-

354 4970 495 5015 nem
534 4955 769 5031 ipsiu8‚
807 4957 933 5015 nisi
969 4973 1086 5031 per
1120 4959 1592 5018 commercium
1630 4960 2095 5021 manifestatae
2128 4963 2575 5036 poenitentiae
2609 4961 2975 5022 deleantur.

423 5191 465 5258 ¹)
489 5192 765 5264 Suspenso
796 5192 1058 5264 periodus
1086 5210 1196 5249 non
1227 5193 1466 5252 videtur.
1506 5228 1566 5235 —
1591 5198 1637 5263 2)
1664 5196 1856 5252 habeat
1884 5197 1972 5253 W.
2006 5229 2070 5237 —
2099 5196 2143 5265 ³)
2170 5199 2261 5253 sed
2288 5204 2344 5253 ut
2368 5199 2592 5254 durabit
2616 5195 2684 5261 A.
2715 5196 2804 5253 W.
