4036 6117
1734 491 2207 538 musi-omis.
3309 473 3438 536 347

419 615 694 687 scimuS,
735 613 894 690 quia
928 612 1103 688 quod
1140 611 1302 671 haec
1338 612 1561 669 omnia
1608 627 1737 670 non
1772 611 2063 685 simplici
2099 612 2293 671 oculo
2332 613 2740 684 intentioniS,
2787 610 2905 670 sed
2943 611 3044 670 vel
3079 627 3279 669 causa
3313 611 3512 669 simo-

421 718 651 775 niacae
687 718 1042 793 pravitatis
1077 715 1441 792 perferunt,
1486 715 1635 774 ideo
1671 730 1908 790 parum
1958 723 2075 774 aut
2109 716 2274 775 nihil
2323 715 2725 792 proficiendo
2775 716 3046 775 minime
3096 717 3511 791 propositum

419 818 1006 894 comprehendunt:
1046 821 1247 879 immo
1299 819 1660 878 scintillam
1693 817 1982 895 Spiritus
2031 818 2148 879 Dei
2185 820 2251 878 in
2285 819 2452 895 ipsis
2486 834 2606 894 per
2655 819 3176 892 contumaciam,
3228 834 3360 893 qua
3394 817 3515 875 ali-

418 922 577 997 quid
613 925 782 998 ipsis
832 922 1142 982 videntur
1190 938 1365 996 esse,
1402 938 1682 996 prorsus
1730 922 2147 996 extinguunt;
2186 923 2279 982 ita
2328 921 2506 998 quod
2542 922 2622 980 ad
2672 919 3204 980 erubescentiam
3255 917 3515 978 moder-

417 1044 654 1086 norum
680 1028 1268 1096 scholasticorum,
1299 1024 1577 1086 scientia
1605 1026 1895 1101 desuper
1921 1027 2054 1086 sibi
2079 1020 2124 1104 ¹)
2155 1026 2311 1086 data
2340 1026 2780 1100 abutentium,
2812 1026 3093 1101 spiritus
3120 1023 3512 1101 prophetiae

418 1137 484 1188 et
519 1131 800 1188 visionis
852 1132 916 1189 in
950 1147 1199 1205 organo
1237 1146 1500 1189 massae
1553 1129 1941 1204 fragilioriS‚
1985 1131 2241 1207 absque
2290 1130 2718 1190 amminiculo
2755 1128 3183 1189 instrumenti
3227 1127 3512 1187 exterio-

422 1234 516 1292 ris
567 1235 1030 1306 resuscitatus,
1084 1233 1248 1291 talia
1280 1232 1600 1307 proferat,
1638 1248 1809 1308 quae
1844 1233 2027 1292 nulla
2060 1234 2323 1309 possint
2371 1248 2614 1308 capere
2665 1232 2945 1304 ratione,
2993 1231 3306 1306 quoniam
3341 1245 3513 1305 quae

418 1338 582 1411 vult,
638 1338 931 1411 instruit,
968 1344 1034 1396 et
1074 1336 1187 1395 ubi
1238 1337 1401 1407 vult,
1455 1338 1686 1413 spirat.
1740 1337 1919 1397 Unde
1970 1341 2038 1397 et
2085 1337 2194 1397 hic
2245 1335 2794 1397 manifestissime
2845 1335 2970 1395 hoc
3021 1335 3368 1410 impletum
3420 1334 3513 1391 vi-

418 1443 612 1500 detur
659 1458 833 1514 esse,
885 1441 1060 1516 quod
1109 1440 1282 1499 Deus
1334 1441 1538 1499 stulta
1585 1447 1652 1499 et
1699 1441 1960 1500 infirma
1996 1442 2247 1514 mundi,
2287 1446 2360 1500 ut
2410 1443 2745 1515 sapientes
2779 1444 2845 1500 et
2882 1440 3079 1500 fortia
3123 1437 3510 1506 confundat,

419 1544 664 1601 dicitur
697 1544 1007 1617 elegisse.
1309 1621 1312 1624 .
2056 1541 2061 1544 ’

509 1646 917 1706 Proferimus
967 1647 1235 1723 quidem
1288 1648 1478 1721 talia,
1531 1665 1661 1708 non
1712 1655 1785 1708 ut
1832 1650 1966 1715 vel,
2018 1655 2234 1707 mater
2281 1649 2746 1722 dilectissima,
2810 1651 2971 1709 moti
3034 1648 3217 1708 faece
3274 1650 3508 1709 livoris

421 1758 692 1828 propter
726 1755 981 1811 tantum
1017 1753 1285 1826 donum,
1325 1757 1476 1812 tuae
1527 1753 1944 1827 simplicitati
1977 1769 2137 1827 prae
2173 1754 2396 1812 studio
2443 1754 2827 1812 exercitatis
2861 1754 3202 1827 collatum,
3238 1753 3513 1828 deroge-

422 1873 592 1931 muS,
644 1873 762 1916 nec
810 1863 884 1917 ut
934 1858 1107 1916 idern
1156 1874 1278 1916 nos
1328 1858 1443 1932 qui
1492 1857 1876 1932 specialiter
1923 1857 2020 1915 tui
2070 1873 2328 1928 sumus,
2380 1862 2446 1916 et
2495 1858 2608 1933 qui
2662 1858 3046 1934 frequenter
3104 1861 3324 1917 tecum
3375 1874 3511 1916 ma-

429 1977 698 2034 nemuS,
736 1967 803 2020 et
838 1977 1071 2021 vocem
1108 1963 1286 2020 tuam
1325 1960 1558 2020 sedulo
1593 1961 1930 2034 audimuS‚
1972 1961 2148 2019 inani
2182 1960 2395 2034 gloria
2429 1961 2703 2035 gloriari
2744 1976 3177 2036 quaeramuS,
3230 1951 3413 2044 [sed]
3447 1962 3520 2019 ut

423 2066 689 2125 illorum
741 2066 990 2125 laboris
1041 2065 1465 2125 sedulitatem
1523 2082 1682 2141 prae
1731 2066 2044 2125 castitate
2101 2066 2422 2125 bonitatis
2479 2072 2547 2124 et
2600 2066 2893 2139 pietatiS,
2954 2064 3034 2122 ad
3073 2063 3515 2124 subtilitatem

422 2185 623 2228 verae
656 2169 998 2228 doctrinae
1035 2169 1563 2244 investigandam
1599 2175 1665 2229 et
1699 2168 2223 2245 adipiscendam,
2253 2186 2489 2245 parum
2515 2169 2740 2228 valere
2774 2168 3328 2228 demonstremus:
3358 2168 3518 2244 quia

426 2273 676 2331 frustra
710 2273 943 2331 doctor
979 2271 1139 2332 foris
1166 2278 1389 2331 movet
1415 2272 1624 2346 labra,
1655 2273 1787 2331 nisi
1819 2273 1907 2332 sit
1932 2273 2114 2332 intus
2144 2273 2450 2349 spirituS,
2480 2273 2593 2348 qui
2622 2271 3005 2331 auditorum
3032 2268 3345 2329 informet
3371 2285 3516 2329 cor-

429 2375 531 2434 da.
575 2375 772 2434 Plura
822 2376 998 2434 enirn
1047 2377 1366 2435 virtutum
1425 2376 1731 2449 insignia,
1783 2377 1976 2450 plura
2026 2377 2504 2435 miraculorum
2555 2375 2669 2433 Dei
2720 2380 2788 2434 et
2836 2373 3059 2432 Sancti
3110 2372 3397 2446 Spiritus
3447 2373 3517 2430 in

427 2486 487 2536 te
537 2484 858 2554 apparent
907 2494 1131 2552 opera,
1187 2495 1358 2554 quae
1406 2495 1527 2537 nos
1576 2478 1799 2536 dicere
1847 2479 2188 2553 possimus
2238 2485 2352 2537 aut
2400 2479 2704 2537 velimus.
2757 2478 2922 2537 Nam
2957 2478 3024 2536 et
3074 2475 3356 2535 aliorum
3407 2481 3511 2534 est

421 2589 485 2641 te
537 2582 808 2641 laudare
858 2588 924 2640 et
972 2581 1391 2657 praedicare,
1452 2588 1755 2641 nostrum
1807 2588 2029 2640 autem
2081 2588 2145 2640 te
2198 2583 2458 2655 mirari,
2512 2582 2820 2640 venerari
2880 2583 2948 2640 et
2994 2579 3293 2655 diligere.
3345 2579 3515 2650 Quo-

421 2687 596 2745 niam
634 2692 849 2744 autem
905 2685 1068 2744 haec
1101 2686 1323 2744 omnia
1374 2686 1586 2760 ipsius
1621 2686 1715 2744 rei
1766 2686 2220 2761 experimento
2272 2686 2508 2744 melius
2557 2684 2749 2743 nobis
2798 2684 3198 2759 cognovisti,
3251 2688 3319 2742 et
3352 2683 3512 2758 quia

419 2805 630 2864 pauca
680 2788 758 2847 ad
823 2788 1327 2862 intelligentiam
1378 2789 1668 2864 plurium
1720 2786 2087 2860 sufficiunt,
2142 2789 2429 2865 sapienti
2480 2788 2674 2862 plura
2721 2786 2945 2846 dicere
2992 2786 3393 2860 omittimuS,
3447 2792 3513 2844 et

421 2893 553 2951 Deo
586 2893 698 2967 qui
736 2893 955 2950 omnia
991 2894 1231 2966 potest,
1278 2896 1504 2966 grates
1539 2891 1921 2962 referimus,
1975 2895 2090 2968 qui
2129 2899 2192 2950 te
2227 2893 2420 2951 nobis
2456 2891 2660 2966 dedit,
2713 2896 2778 2950 et
2828 2891 2943 2967 qui
2993 2897 3058 2949 te
3108 2889 3189 2949 ad
3224 2890 3507 2964 gloriam

424 2996 709 3054 nominis
745 2996 847 3053 sui
897 3002 963 3053 et
996 2995 1077 3053 ad
1114 2996 1398 3054 salutern
1452 2996 1813 3054 multorum
1849 2995 2100 3072 Spiritu
2152 3011 2275 3054 suo
2314 2995 2741 3069 illuminavit,
2797 2995 3016 3069 ipsum
3053 2992 3401 3052 humiliter
3448 2998 3516 3051 et

422 3098 662 3158 ob'nixe
712 3099 1171 3173 deprecantes,
1210 3105 1540 3174 quatenus
1576 3100 1932 3158 sanitatem
1982 3100 2283 3173 corporis
2321 3105 2387 3157 et
2437 3098 3057 3157 corroborationem
3108 3097 3351 3156 mentis
3388 3096 3509 3155 tibi

428 3202 749 3275 conferat,
787 3203 879 3261 ita
917 3210 987 3260 ut
1021 3202 1266 3261 donum
1302 3220 1495 3261 suurn
1532 3204 1706 3278 quod
1745 3204 1810 3261 in
1843 3211 1907 3262 te
1943 3203 2200 3277 effudit,
2240 3204 2319 3262 ad
2356 3201 2883 3261 aedificationem
2925 3202 3129 3261 totius
3176 3200 3514 3260 Ecclesiae

432 3306 846 3365 abundanter
878 3306 1260 3366 distribuat.

1921 3590 2032 3653 IX.

906 3834 1292 3910 Hildeyardi
1346 3836 1715 3894 Conventus
1761 3837 2057 3912 fratrum
2106 3835 2185 3893 de
2236 3835 2422 3892 domo
2470 3837 2539 3893 in
2594 3835 2950 3911 Moquntia.
3000 3831 3050 3911 ²)

443 4048 702 4107 Monachi
747 4047 1068 4116 Moguntini
1118 4049 1175 4104 in
1220 4046 1491 4122 coenobio
1528 4048 1583 4105 S.
1627 4049 1864 4106 Martini
1916 4057 2118 4123 petunt
2158 4056 2221 4107 ut
2260 4050 2624 4121 Hildegardis
2651 4050 2860 4123 scripta
2887 4051 2955 4106 de
2982 4050 3239 4106 Catharis
3278 4051 3345 4105 ad
3392 4051 3518 4107 illos

515 4133 990 4190 transmittantur.

1745 4341 1874 4399 Post
1897 4360 1950 4399 a.
1991 4346 2168 4400 1163.

529 4570 820 4631 Domnae
855 4572 1315 4647 charissimae,
1371 4574 1703 4649 matrique
1739 4576 2232 4650 sanctissimae,
2286 4591 2363 4635 ac
2399 4576 2648 4637 Christi
2702 4575 3012 4648 famulae,
3050 4580 3116 4634 et
3160 4576 3524 4649 magistrae

441 4692 747 4736 sororum
794 4676 858 4735 in
893 4677 1209 4737 coenobio
1246 4678 1418 4738 beati
1455 4678 1730 4739 Roberti
1769 4679 1834 4738 in
1866 4679 2117 4754 PingiS,
2153 4679 2563 4755 Hildegardi,
2605 4682 2787 4740 totus
2836 4684 3201 4739 conventus
3240 4678 3524 4739 fratrum

442 4780 524 4839 de
567 4786 796 4840 sancto
846 4780 1151 4855 Martin0,
1207 4782 1268 4840 in
1317 4781 1512 4842 domo
1565 4783 1682 4843 Dei
1718 4799 1869 4842 cum
1918 4799 2250 4844 consensu
2300 4785 2666 4858 ambulare,
2718 4790 2785 4844 et
2829 4783 2893 4842 in
2943 4782 3067 4842 hac
3110 4783 3283 4842 valle
3332 4782 3526 4842 lacri-

445 4899 699 4944 marum
738 4901 984 4960 sponso
1022 4885 1349 4959 virginum
1390 4888 1821 4961 complacere.
2456 4892 2463 4897 '

525 5128 563 5195 ¹)
592 5132 692 5187 tibi
721 5132 806 5187 W.
845 5164 906 5171 —-
932 5136 976 5199 ²)
1011 5134 1074 5189 ln
1102 5135 1265 5190 catal.
1306 5133 1465 5192 codd.
1500 5150 1625 5193 mss.
1661 5135 1913 5194 Wisbad.
1947 5137 2112 5211 epist.
2138 5143 2264 5202 265.
2296 5154 2363 5195 cx
2405 5136 2524 5195 cod.
2570 5136 2798 5207 majori.
