4036 6117
677 391 809 453 354
1825 412 1876 457 s.
1928 412 2485 459 immineamus

699 530 872 590 Deus
921 547 1206 607 namque
1255 535 1601 592 creaturas
1644 532 1947 608 jussione
1997 552 2121 596 sua
2168 534 2493 595 officiales
2544 534 2725 606 fecit,
2776 543 3286 611 praecurrentes
3336 537 3713 609 hominem,

609 640 681 693 ut
715 633 964 694 homini
998 636 1348 696 servirent.
1400 636 1748 697 Hominem
1783 642 2005 697 autem
2054 638 2291 699 deinde
2324 639 2603 714 creavit,
2652 644 2721 699 et
2752 655 2956 715 opera
2991 641 3087 701 illi
3124 641 3429 717 injunxit,
3483 640 3577 700 ita
3628 639 3713 699 ut

605 743 662 802 si
697 743 940 803 bonum
976 743 1278 819 elegerit,
1319 742 1496 803 Deus
1533 744 1721 804 illum
1749 744 2033 820 juvabit3
2084 746 2193 807 vel
2226 747 2283 806 si
2320 745 2495 806 malo
2529 746 2969 820 consenserit,
3020 744 3339 804 Diabolus
3372 743 3458 803 ab
3488 743 3708 821 Aqui-⁶

607 848 751 909 lone
790 848 1070 908 insidias
1107 848 1202 907 illi
1236 852 1458 923 ponet,
1496 841 1540 925 ¹)
1592 849 1906 924 quoniam
1954 848 2153 909 homo
2202 849 2464 910 duabus
2514 850 2664 924 aIIS,
2719 849 3043 909 scientiae
3089 847 3403 907 videlicet
3436 846 3594 906 boni
3629 852 3713 907 et

604 953 787 1028 mali,
826 953 1177 1013 rationalis
1212 955 1336 1012 est.

694 1060 985 1120 Verbum
1034 1065 1256 1119 autem
1292 1058 1434 1118 sine
1481 1075 1644 1121 voce
1678 1077 1808 1120 non
1840 1063 1962 1122 est:
2013 1077 2136 1122 nec
2168 1078 2299 1121 vox
2334 1062 2684 1122 rationalis
2720 1063 2864 1122 sine
2905 1062 3135 1122 verbo.
3171 1062 3309 1121 Vox
3358 1061 3706 1122 interdum

603 1164 904 1238 auditur,
963 1169 1025 1223 et
1077 1164 1258 1223 nulla
1308 1163 1728 1224 rationalitas
1765 1164 1828 1223 In
1877 1180 1955 1223 ea
2003 1165 2454 1240 cognoscitur.
2490 1165 2781 1226 Verbum
2837 1171 3061 1225 autem
3109 1165 3329 1224 omnia
3379 1165 3568 1225 utilia
3625 1167 3707 1222 et

605 1269 866 1330 inutilia
914 1286 1066 1329 cum
1112 1284 1277 1331 voce
1323 1271 1607 1331 nuntiat:
1662 1271 1755 1330 ita
1793 1275 1860 1329 et
1908 1272 2327 1332 rationalitas
2377 1273 2521 1332 sine
2570 1273 2852 1333 scientia
2901 1289 3032 1332 non
3078 1277 3206 1346 est,
3260 1267 3704 1349 quemadmod-

599 1374 757 1432 dum
792 1389 910 1433 nec
947 1373 1142 1433 homo
1176 1375 1318 1434 sine
1353 1375 1750 1435 visceribus,

690 1477 814 1537 Sed
861 1478 1212 1538 dicendum
1261 1481 1401 1553 est,
1461 1479 1792 1555 quomodo
1842 1478 2039 1539 homo
2089 1481 2355 1556 operari
2405 1480 2702 1557 incipiat.
2752 1479 3051 1540 Primum
3103 1480 3281 1539 enim
3330 1480 3435 1540 lac
3481 1479 3696 1556 sugit,

598 1583 835 1644 deinde
871 1584 1136 1642 mollem
1176 1585 1398 1644 cibum
1434 1600 1587 1643 cum
1635 1584 1932 1644 anhelitu
1969 1585 2035 1643 in
2071 1599 2143 1643 se
2176 1584 2405 1645 trahit.
2456 1585 2528 1644 In
2575 1583 2776 1644 tertia
2825 1587 3047 1644 autem
3079 1591 3323 1659 aetate,
3373 1584 3695 1646 dentibus

599 1689 909 1762 comedit;
959 1694 1027 1746 et
1062 1690 1129 1747 in
1162 1690 1445 1749 scientia
1493 1688 1670 1765 quod
1703 1690 1869 1764 vult,
1923 1688 2055 1749 sibi
2099 1689 2310 1765 eligit,
2362 1694 2430 1748 et
2462 1689 2639 1764 quod
2673 1705 2802 1748 non
2837 1690 3000 1763 vult,
3052 1690 3181 1749 sibi
3213 1689 3567 1765 abstrahit,
3618 1696 3696 1751 et

598 1798 758 1852 tunc
806 1792 1074 1868 juvenis
1130 1799 1254 1852 est.
1313 1793 1393 1852 Et
1447 1797 1684 1866 postea
1739 1792 1822 1853 ad
1878 1798 2169 1852 aetatem
2224 1792 2590 1852 senectutis
2646 1788 2897 1867 currit,
2969 1793 3062 1853 ita
3116 1792 3292 1870 quod
3353 1795 3689 1857 medullae

596 1903 810 1980 ipsius
844 1903 1021 1961 omni
1067 1901 1348 1961 scientia
1380 1902 1614 1976 plenae
1650 1905 1825 1975 sunt,
1876 1902 1943 1960 et
1973 1899 2212 1958 deinde
2246 1899 2349 1958 lac
2381 1904 2448 1958 et
2480 1899 2648 1959 duas
2682 1900 2944 1975 priores
2993 1905 3250 1959 aetates
3283 1917 3415 1961 non
3456 1902 3683 1964 sentit.

595 2010 712 2069 sed
751 2014 1005 2068 mutata
1040 2015 1228 2068 aetas
1267 2008 1486 2083 ipsum
1524 2006 1781 2080 imbuit,
1811 2007 1905 2066 ita
1937 2007 2116 2083 quod
2148 2007 2504 2066 veritatem
2538 2008 2906 2082 cognoscit.

685 2114 791 2174 Sic
840 2119 992 2173 ante
1039 2113 1377 2172 Diluvium
1428 2114 1531 2172 lac
1581 2111 1728 2186 fuit3
1781 2112 1847 2169 in
1893 2112 2029 2170 Noe
2077 2117 2325 2186 autem,
2379 2109 2601 2171 mollis
2649 2111 2866 2185 cibus;
2927 2111 2993 2170 in
3039 2111 3384 2172 Abraham
3431 2119 3679 2190 autem,

598 2224 895 2284 dentium
946 2221 1271 2280 comestio
1309 2213 1386 2279 'et
1419 2219 1552 2279 cibi
1585 2220 1848 2294 electio;
1900 2219 2013 2279 sed
2054 2220 2120 2278 in
2152 2219 2377 2295 Moyse
2425 2220 2648 2280 omnia
2678 2221 2964 2297 puerilia
3008 2236 3208 2295 opera
3257 2220 3680 2298 finiebantur,

590 2328 854 2404 quando
887 2343 1006 2402 per
1052 2325 1459 2385 oblationem
1492 2322 1784 2382 carnalis
1817 2325 2166 2383 creaturae
2214 2325 2570 2384 veritatem
2604 2325 3132 2400 praenunciavit,
3182 2330 3249 2384 et
3282 2325 3523 2385 Filium
3557 2326 3680 2386 Dei

597 2433 841 2507 tetigit,
895 2433 959 2491 in
995 2447 1126 2507 quo
1160 2429 1382 2489 omnia
1416 2428 1642 2505 priora
1678 2427 2101 2502 finiebantur,
2153 2432 2220 2486 et
2256 2428 2322 2486 in
2354 2428 2595 2488 militia
2624 2426 2676 2507 ²)
2713 2430 3166 2503 mutabantur,
3217 2445 3372 2489 cum
3408 2431 3545 2504 ipse
3576 2433 3685 2491 vir

594 2539 831 2613 plenae
866 2537 1108 2597 aetatis
1144 2535 1545 2610 sapientiam
1577 2537 1646 2591 et
1678 2534 2035 2593 veritatem
2068 2533 2369 2594 docebat.

685 2640 808 2698 Sed
845 2645 1032 2698 aetas
1072 2639 1355 2712 virginis
1392 2636 1723 2696 interdum
1773 2635 1837 2694 in
1872 2634 2155 2696 lascivia
2188 2643 2312 2697 est:
2351 2637 2612 2696 scilicet
2662 2638 2726 2696 in
2762 2639 3057 2698 vanitate
3092 2638 3411 2698 lasciviae
3444 2642 3678 2715 currit,

487 2755 490 2756 ’
590 2756 657 2808 et
708 2748 766 2807 si
814 2748 1004 2819 virgo
1052 2750 1187 2818 est,
1251 2741 1413 2801 illud
1465 2741 1860 2800 multociens
1912 2741 1977 2799 in
2028 2740 2320 2801 motibus
2369 2747 2435 2801 et
2485 2743 2550 2800 in
2601 2742 2899 2801 moribus
2948 2742 3091 2801 suis
3138 2742 3454 2818 ostendit;
3504 2745 3683 2806 sicut

587 2853 792 2914 etiam
840 2852 898 2910 si
949 2849 1138 2924 virgo
1187 2863 1319 2907 non
1364 2852 1491 2920 est,
1545 2845 1709 2904 illud
1755 2845 2069 2921 plurimis
2118 2846 2329 2920 signis
2379 2847 2600 2905 celare
2648 2862 2780 2905 non
2825 2847 3091 2921 poterit.
3142 2847 3209 2907 Si
3255 2849 3433 2908 enim
3482 2850 3676 2925 virgo

592 2958 852 3019 coelum
909 2957 1175 3033 aspicit,
1237 2955 1329 3014 ita
1386 2953 1561 3030 quod
1620 2952 1936 3012 mundum
1992 2951 2329 3012 veraciter
2385 2951 2725 3028 relinquit,
2784 2953 3027 3012 Filium
3058 2953 3176 3014 Dei
3232 2956 3557 3031 imitatur,
3610 2960 3684 3019 et

589 3065 797 3124 Deum
848 3063 1152 3137 attendit,
1191 3063 1304 3139 qui
1355 3061 1649 3136 serpenti
1698 3061 1885 3135 dixit,
1923 3060 2100 3136 quod
2135 3064 2337 3136 caput
2386 3060 2599 3135 ipsius
2646 3074 2767 3136 per
2800 3061 3147 3122 mulierem
3199 3065 3678 3126 conterendum

587 3175 784 3247 esset,
838 3174 995 3248 quia
1033 3172 1292 3231 initium
1348 3170 1563 3246 ipsius
1611 3185 1892 3245 parvum
1939 3167 2086 3241 fuit,
2140 3165 2317 3244 quod
2351 3166 2550 3241 Virgo
2600 3167 2995 3227 conculcare
3043 3169 3296 3244 debuit,
3350 3169 3465 3229 illa
3494 3168 3679 3230 vide-

592 3283 747 3343 licet
781 3297 952 3357 quae
988 3281 1226 3339 filium
1260 3278 1375 3337 Dei
1410 3276 1658 3353 genuit.

2066 3499 2196 3570 IV.

673 3754 836 3813 Nam
886 3756 953 3809 et
988 3767 1024 3808 a
1074 3746 1239 3807 Filio
1285 3743 1402 3802 Dei
1457 3756 1699 3800 novum
1749 3740 2095 3799 saeculum
2142 3756 2261 3816 per
2308 3757 2554 3818 aquam
2605 3741 3137 3817 recuperationis
3177 3735 3225 3820 ⁸)
3275 3747 3495 3801 ortum
3542 3747 3668 3816 est;

587 3862 699 3938 qui
751 3859 953 3920 etiam
987 3856 1156 3915 duos
1205 3852 1507 3927 planetas
1543 3847 1624 3907 ad
1675 3861 1748 3905 se
1783 3847 2078 3922 collegit,
2130 3849 2242 3923 qui
2287 3848 2810 3908 incarnationem
2848 3849 3060 3924 ipsius
3093 3849 3445 3921 ornabant,
3496 3849 3676 3909 scili-

589 3971 694 4023 cet
729 3962 1024 4037 virgines
1060 3965 1126 4018 et
1161 3955 1551 4026 monachOS,
1602 3955 1717 4031 qui
1754 3961 1905 4013 ante
1941 3954 2360 4014 nativitatem
2413 3955 2560 4031 ejus
2594 3972 2729 4015 non
2774 3961 3260 4032 apparuerunt;
3313 3956 3430 4016 sed
3465 3958 3530 4016 in
3560 3974 3675 4017 na-

585 4070 849 4130 tivitate
884 4066 1094 4143 ipsius
1131 4063 1262 4123 orti
1298 4069 1473 4137 sunt,
1510 4077 1664 4121 eum
1698 4057 2151 4134 ostendentes,
2189 4060 2753 4137 quemadmodum
2787 4061 3113 4121 matutina
3148 4062 3344 4121 stella
3378 4062 3609 4121 solem.

671 4177 852 4237 Unde
887 4177 1078 4250 signa
1114 4180 1183 4232 et
1214 4171 1540 4230 miracula
1589 4173 1745 4227 tunc
1778 4166 2039 4243 plenius
2074 4183 2275 4242 quam
2322 4168 2508 4243 prius
2547 4168 3130 4244 resplenduerunt,
3182 4170 3497 4244 quoniam
3530 4169 3672 4245 ipse

585 4298 705 4358 per
739 4279 1221 4338 humanitatem
1256 4290 1449 4334 suam
1498 4278 1747 4332 terram
1784 4270 2031 4345 tetigit3
2083 4275 2150 4329 et
2183 4271 2361 4345 quod
2395 4287 2527 4330 vox
2576 4272 3055 4347 prophetarum
3091 4272 3279 4348 prius
3328 4278 3497 4347 erat,
3548 4271 3674 4330 hoc

585 4401 756 4446 nunc
789 4383 998 4443 Filius
1031 4381 1147 4441 Dei
1182 4396 1302 4457 per
1351 4379 1787 4453 semetipsum
1822 4375 2084 4451 plenius
2120 4376 2543 4450 operabatur,
2597 4376 2773 4435 sicut
2806 4377 3131 4453 scriptum
3164 4382 3289 4436 est:
3329 4377 3672 4454 Speciosus

579 4495 796 4570 forma
824 4508 988 4566 prae
1021 4488 1176 4566 filiis
1210 4487 1571 4557 hominum,
1606 4476 1654 4559 ⁴)
1706 4487 1774 4541 et
1810 4481 1986 4539 sicut
2021 4480 2165 4556 ipse
2199 4481 2505 4540 occultus
2543 4479 2753 4538 Filius
2800 4479 2918 4539 Dei
2953 4479 3213 4539 occulte
3250 4480 3317 4539 in
3350 4479 3671 4540 mundum

584 4597 786 4669 venit,
843 4595 932 4652 ita
969 4593 1170 4652 etiam
1205 4591 1489 4651 alienam
1525 4593 1834 4646 naturam
1870 4585 1951 4645 ad
1987 4601 2061 4644 se
2095 4585 2387 4660 collegit,
2440 4585 2754 4645 videlicet
2788 4585 2964 4661 quod
3000 4584 3302 4645 homines
3352 4583 3672 4644 mundum

582 4710 648 4762 et
703 4717 1015 4778 pompam
1081 4695 1304 4756 mundi
1366 4693 1767 4767 relinquunt.
1828 4690 1950 4750 Sed
2009 4697 2077 4750 et
2141 4690 2697 4766 quemadmodum
2757 4693 2954 4752 stella
3015 4689 3307 4750 diversis
3359 4690 3670 4765 personis

582 4814 801 4888 ipsum
857 4804 1371 4875 demonstravit,
1431 4803 1498 4861 et
1545 4805 1618 4859 ut
1651 4799 1732 4857 de
1784 4798 1950 4873 ipsis
1999 4796 2308 4873 personis
2343 4802 2526 4881 totus
2582 4798 2868 4859 mundus
2926 4797 3421 4871 illustrabatur,
3482 4795 3582 4856 sic
3630 4811 3671 4855 a

653 5066 694 5131 ¹)
725 5065 759 5119 s.
790 5068 942 5136 ponit
972 5063 1058 5116 W.
1095 5092 1153 5100 —-
1181 5062 1225 5125 ²)
1250 5060 1339 5114 An
1368 5059 1470 5126 leg.
1502 5057 1760 5112 meliora?
1785 5087 1851 5095 —
1876 5054 1918 5122 ³)
1947 5056 2368 5127 recuperationis
2395 5053 2487 5109 vix
2517 5054 2726 5124 legitur
2752 5052 2814 5109 in
2839 5066 3028 5124 apogr.
3071 5083 3138 5093 —
3165 5051 3208 5119 ⁴)
3246 5052 3335 5107 Ps.
3366 5049 3571 5115 XLIV,
3601 5054 3656 5110 4.
