4036 6117
761 483 897 547 4⁴14
1918 502 1972 548 s.
2033 499 2574 548 nunnoAnms

688 619 1041 696 possibilia
1090 620 1226 679 sint
1275 617 1448 696 apud
1497 618 1745 693 Deum,
1809 620 2115 681 recolens
2164 637 2430 696 quoque
2486 616 2664 695 quod
2714 617 2977 693 Moyses
3026 616 3141 693 qui
3191 615 3615 693 loquebatur
3665 628 3821 673 cum

686 722 858 797 Deo,
912 725 1109 799 quasi
1143 725 1341 784 homo
1390 741 1543 783 cum
1577 725 1792 784 amico
1845 740 1991 799 suc,
2029 725 2188 785 dum
2239 724 2784 784 incircumcisum
2834 723 3037 791 labiis,
3073 729 3141 783 et
3175 724 3697 798 ineloquentem
3750 735 3821 777 se

688 829 1119 901 memoraret,
1170 829 1394 886 Aaron
1446 827 1724 886 fratrem
1773 844 1964 887 suum
2003 828 2071 887 in
2121 827 2499 887 subsidium
2548 826 2928 902 proferendi
2980 827 3311 886 sermonis
3359 824 3643 899 abipso
3682 821 3816 880 Deo

688 931 1057 1005 acceperit3
1110 931 1286 1006 quod
1325 931 1739 1004 Hieremiae,
1792 931 1968 1007 quod
2020 932 2291 991 diceret:
2347 933 2507 992 Ecce
2566 934 2786 990 nescio
2841 933 3057 1007 loqui,
3105 933 3421 1007 quoniam
3466 947 3655 1004 puer
3705 941 3814 1000 eqo

690 1052 861 1108 sum,
915 1049 1311 1110 responsum
1348 1043 1472 1095 est:
1510 1037 1663 1095 Noli
1696 1038 1916 1096 dicere
1939 1084 1955 1111 ,
2002 1056 2178 1112 puer
2211 1055 2394 1109 sum,
2444 1039 2603 1113 quia
2634 1037 2721 1094 ad
2768 1039 2991 1094 omnia
3021 1054 3190 1112 quae
3224 1037 3489 1092 mittam
3528 1039 3619 1104 te,
3662 1030 3810 1102 ibis,

688 1145 755 1199 et
788 1141 1104 1199 universa
1150 1159 1317 1217 quae
1364 1142 1766 1200 mandavero
1815 1140 1953 1215 tibi,
1991 1142 2309 1218 loqueris;
2357 1136 2402 1218 ¹)
2441 1141 2796 1200 revolvens
2843 1139 3280 1199 nihilominus
3330 1136 3509 1213 quod
3563 1151 3645 1194 ex
3693 1150 3809 1193 ore

690 1242 1047 1303 infantium
1096 1243 1456 1319 perfecerit
1486 1244 1664 1304 Deus
1714 1245 1976 1304 laudem
2014 1261 2244 1316 suam,
2297 1245 2471 1319 quod
2509 1245 2840 1317 sapientia
2870 1259 3003 1303 non
3037 1243 3253 1303 solum
3296 1258 3418 1302 ora
3455 1245 3807 1299 mutorum

689 1349 947 1423 aperit,
998 1355 1066 1408 et
1100 1349 1363 1424 linguas
1412 1350 1760 1411 balborum
1813 1350 1971 1409 fecit
2022 1349 2338 1422 disertaS,
2376 1349 2493 1409 sed
2541 1354 2609 1408 et
2642 1348 2820 1425 quod
2870 1347 3459 1408 inusitatissimum
3511 1350 3647 1414 est,
3688 1357 3807 1416 per

692 1449 1047 1525 subjugale
1099 1458 1356 1511 mutum
1389 1454 1716 1515 insensati
1766 1453 2132 1529 prophetae
2163 1453 2524 1528 aliquando
2572 1453 2899 1527 corripuit
2933 1451 3409 1527 insipientiam:
3462 1448 3659 1520 haec,
3709 1449 3805 1505 in-

693 1569 921 1629 quam,
958 1557 1179 1615 omnia
1228 1556 1578 1616 conferens
1614 1558 1680 1617 in
1713 1558 1914 1617 corde
1948 1575 2093 1633 su0,
2133 1559 2397 1618 tandem
2435 1557 2515 1617 ad
2542 1556 3002 1632 exequendum
3035 1554 3213 1632 quod
3241 1554 3609 1630 jubebatur
3633 1549 3690 1627 ²)
3728 1565 3802 1608 se

693 1661 1006 1720 accinxit.
1055 1654 1104 1738 ⁸)
1142 1662 1222 1721 Ut
1256 1677 1414 1720 vero
1449 1662 1695 1721 bonum
1730 1662 1896 1721 bene
1943 1667 2010 1721 et
2048 1661 2729 1737 irreprehensibiliter
2760 1664 2990 1736 ageret
3027 1655 3335 1736 (perdere
3368 1656 3548 1716 enim
3584 1655 3803 1714 virtu-

599 1792 615 1809 ·
694 1769 830 1824 tem
878 1765 1032 1825 boni
1065 1767 1314 1841 operiS,
1369 1769 1481 1843 qui
1519 1769 1584 1827 in
1636 1767 1937 1827 faciendo
1975 1769 2219 1828 lineam
2256 1769 2526 1843 reliquit
2561 1767 2840 1840 ordiniS,
2893 1782 3021 1826 non
3055 1770 3201 1825 erat
3235 1763 3521 1839 ignara),
3562 1763 3627 1822 id
3666 1779 3799 1822 me-

693 1874 930 1945 tuens,
984 1870 1130 1946 ipsa
1180 1872 1470 1931 sollicite
1518 1874 1719 1945 cavit,
1757 1889 1837 1931 ne
1887 1873 1942 1931 si
1979 1879 2160 1932 recte
2209 1872 2485 1932 offerret
2519 1876 2587 1932 et
2633 1888 2761 1931 non
2801 1873 2982 1930 recte
3029 1869 3399 1941 divideret,
3451 1872 3791 1943 peccaret,

691 1981 761 2035 et
808 1992 886 2035 ex
920 1978 1326 2054 negligentia
1375 1980 1656 2039 alterius
1691 1980 1976 2038 alterum
2025 1979 2357 2055 perderet:
2393 1996 2525 2055 quo
2574 1981 2754 2038 circa
2795 1978 3096 2053 exemplo
3146 1974 3474 2051 praedicti
3523 1971 3795 2045 Moysis,

693 2079 880 2139 illius
907 2083 1126 2156 magni
1164 2083 1691 2143 confabulatoris
1719 2083 1857 2158 Dei,
1895 2084 2235 2159 quaelibet
2267 2085 2527 2159 agentis
2550 2079 2598 2161 ⁴)
2627 2097 2932 2159 quaeque
2957 2081 3240 2142 coelitus
3270 2078 3793 2144 insinuarentur,

691 2185 1052 2245 consilium
1105 2193 1326 2248 tamen
1376 2190 1539 2248 utile
1589 2188 1879 2248 hominis
1927 2189 2201 2263 gentilis
2251 2189 2483 2248 audire
2532 2204 2663 2247 non
2711 2187 3136 2261 contempsit:
3188 2186 3289 2245 sic
3335 2189 3402 2243 et
3446 2184 3668 2258 ipsam
3715 2195 3795 2239 ex

689 2289 970 2350 consilio
1021 2297 1090 2351 et
1122 2295 1529 2352 auctoritate
1578 2294 1861 2369 praelati
1897 2293 2041 2366 sui,
2094 2295 2160 2352 et
2195 2292 2340 2368 hoc,
2381 2299 2452 2352 ut
2486 2299 2776 2365 caetera,
2815 2290 3036 2351 facere
3071 2289 3392 2361 decrevit,
3428 2290 3791 2362 quatenus,

691 2391 1318 2470 quomodocumque
1369 2411 1475 2454 res
1509 2396 1815 2471 cederet,
1868 2396 2024 2455 dum
2070 2397 2253 2455 nulla
2300 2394 2868 2471 praesumptione,
2903 2397 3054 2468 post
3104 2391 3351 2451 factum
3388 2406 3517 2449 non
3566 2388 3797 2463 poeni-

692 2498 887 2556 teret.
937 2497 1099 2557 Nam
1135 2501 1202 2558 et
1247 2501 1464 2559 eidem
1498 2503 1730 2577 Moysi,
1768 2503 1881 2579 qui
1918 2519 2048 2561 non
2081 2518 2202 2561 suo
2237 2502 2544 2575 arbitrio,
2582 2500 2698 2560 sed
2731 2499 2984 2574 Spiritu
3014 2498 3128 2558 Dei
3166 2499 3482 2574 populum
3517 2495 3794 2555 ductan-

691 2599 850 2660 dum
886 2610 1299 2679 susceperat,
1332 2606 1524 2681 longe
1552 2623 1751 2682 quam
1782 2608 1968 2666 ratus
2003 2609 2206 2676 esset,
2237 2606 2519 2680 contigit
2547 2622 2583 2663 a
2616 2604 2774 2679 Deo,
2814 2609 2886 2663 ut
2920 2604 3063 2679 ipse
3097 2608 3164 2662 et
3197 2603 3414 2661 Aaron
3450 2607 3514 2659 et
3543 2616 3719 2675 quos
3742 2594 3787 2674 ⁵)

692 2703 779 2763 ad
828 2705 1300 2779 possidendam
1351 2711 1821 2784 promissionis
1871 2716 2118 2768 terram
2170 2710 2251 2769 de
2288 2712 2585 2784 Aegypto
2633 2709 2977 2781 eduxerat,
3029 2713 3297 2784 praeter
3340 2706 3538 2765 Josue
3571 2711 3639 2763 et
3676 2705 3795 2763 Ca-

691 2806 801 2866 leb
848 2810 916 2868 et
961 2809 1353 2871 Eleazarum
1402 2814 1840 2887 sacerdotem,
1894 2830 2126 2874 omnes
2176 2813 2467 2872 diversis
2504 2812 2835 2872 mortibus
2872 2813 2938 2872 in
2985 2812 3253 2870 deserto
3289 2816 3792 2886 prosterneren-

695 2916 825 2972 tur.
878 2911 1159 2972 Proinde
1210 2917 1537 2976 accersito
1590 2917 1853 2991 abbate,
1892 2920 1999 2976 cui
2052 2918 2350 2990 suberat,
2388 2920 2457 2975 et
2503 2918 2696 2992 cujus
2732 2917 2796 2975 in
2844 2916 3152 2976 omnibus
3199 2918 3433 2974 nutum
3483 2919 3791 2989 expecta-

694 3014 832 3088 bat,
883 3015 1175 3078 divinam
1213 3019 1296 3079 ad
1345 3036 1416 3080 se
1457 3022 1701 3081 factam
1750 3021 1830 3080 de
1865 3022 2372 3081 conscribendis
2407 3021 2780 3082 visionibus
2816 3021 2960 3080 suis
2991 3012 3091 3080 'illi
3126 3021 3344 3095 aperit
3379 3019 3791 3095 praeceptio-

693 3134 869 3195 nem,
897 3127 964 3181 et
990 3123 1302 3197 quoniam
1331 3128 1609 3185 eatenus
1644 3126 1916 3185 obedire
1945 3128 2256 3199 voluerit,
2286 3143 2435 3186 eam
2461 3122 2508 3204 ⁶)
2539 3143 2671 3201 qua
2699 3132 2835 3185 tam
2862 3126 2977 3183 diu
3010 3124 3463 3194 decumberet,
3492 3122 3787 3197 perferre

697 3222 948 3283 fatetur
995 3231 1300 3303 corporis
1338 3230 1888 3305 invaletudinem3
1941 3238 2297 3306 propterea
2342 3247 2543 3306 super
2589 3230 2697 3289 his
2731 3229 3084 3288 consilium
3134 3229 3279 3303 ejus
3313 3228 3546 3287 audire
3594 3227 3785 3298 velle,

694 3333 765 3386 et
799 3328 1131 3391 licentiam
1186 3334 1244 3393 si
1278 3335 1549 3409 dignum
1599 3336 1874 3394 duceret
1906 3335 2268 3410 explendae
2312 3335 2639 3410 jussionis
2673 3336 3019 3410 optinere3
3073 3332 3474 3393 monachum
3522 3348 3784 3408 quoque

696 3432 764 3491 in
812 3434 1207 3511 suffragium
1242 3439 1612 3513 excipiendi
1661 3446 1728 3499 et
1762 3438 2142 3513 corrigendi
2194 3439 2399 3498 verba
2434 3455 2557 3497 sua
2592 3438 2720 3497 sibi
2755 3437 3177 3513 designatum
3214 3437 3561 3496 humiliter
3601 3452 3787 3510 expe·

698 3544 861 3596 tere.
900 3538 1134 3616 Stupet
1167 3542 1374 3601 abbas
1408 3544 1726 3602 novitatis
1756 3545 1978 3602 tantae
2009 3543 2246 3614 relatu,
2279 3558 2399 3600 nec
2428 3548 2649 3600 tamen
2677 3558 2836 3617 prae
2865 3542 3086 3601 subito
3116 3545 3393 3616 stupore
3420 3542 3631 3614 impos
3660 3540 3781 3601 sui.

696 3655 820 3698 nec
853 3649 1079 3703 certus
1129 3645 1304 3704 flecti
1343 3646 1691 3722 incertum,
1746 3649 2087 3721 multaque
2122 3662 2345 3705 secum
2384 3652 2725 3721 reputanS,
2780 3645 3137 3720 respondet
3186 3660 3260 3703 se
3308 3642 3647 3704 effundere
3680 3658 3786 3700 su-

697 3758 819 3820 per
852 3760 923 3805 re
955 3744 1003 3826 ⁷)
1042 3754 1176 3807 tam
1215 3749 1608 3824 inopinabili
1643 3751 2081 3826 praecipitem
2115 3750 2515 3809 sententiam
2550 3766 2682 3809 non
2715 3748 2963 3808 audere
2998 3763 3070 3807 se
3104 3750 3240 3807 tam
3277 3747 3684 3806 subtilem...
3715 3739 3763 3821 ⁸)

2066 3911 2438 3985 XXVIII.

1455 4108 1767 4183 Philippo
1821 4106 2195 4166 Coloniensi
2247 4106 2546 4181 episcopo
2584 4104 2958 4166 Guibertus.
3005 4099 3055 4184 ¹')

700 4242 954 4321 Rogatus
981 4260 1048 4310 ut
1071 4255 1141 4312 de
1167 4257 1285 4312 vita
1314 4257 1679 4327 Hildegardis
1705 4256 1933 4319 reserat.
1962 4272 2021 4314 se
2047 4260 2302 4320 excusat.
2331 4255 2601 4311 nonnulla
2633 4270 2763 4314 vero
2784 4270 2926 4311 nova
2954 4255 3162 4317 mittit,
3187 4270 3334 4326 quae
3357 4261 3689 4326 sequuntur.

2034 4378 2159 4428 ante
2184 4388 2238 4427 a.
2278 4373 2307 4425 1
2324 4371 2456 4426 191.

790 4493 1361 4557 Reverentissimo
1413 4497 1593 4556 Patri
1643 4500 1710 4557 et
1757 4496 2058 4569 Domino,
2095 4493 2210 4552 Dei
2262 4493 2477 4567 gratia
2529 4492 2947 4553 Coloniensis
3003 4491 3331 4551 ecclesiae
3380 4492 3666 4551 antistiti
3722 4490 3786 4550 P.

705 4596 918 4658 frater
951 4600 1023 4659 G.
1060 4601 1480 4676 professione
1516 4602 1905 4675 monachuS,
1952 4598 2464 4660 conversatione
2512 4598 2801 4673 tepiduS,
2839 4599 3153 4657 devotum
3204 4604 3270 4656 et
3305 4598 3423 4657 filii
3459 4597 3787 4658 affectum.

777 4743 820 4812 ¹)
857 4747 1064 4802 Ierem.
1105 4745 1153 4809 l,
1194 4752 1244 4803 6.
1288 4778 1356 4787 -
1378 4750 1424 4813 2)
1462 4750 1750 4805 videbatur
1775 4747 1896 4804 cod.
1938 4778 2006 4788 --
2039 4746 2085 4811 ³)
2122 4763 2209 4800 ac-
2301 4742 2359 4797 in
2387 4741 2499 4796 alio
2526 4741 2719 4799 codice
2745 4743 3060 4812 quaerenda
3088 4748 3244 4805 sunt.
3273 4740 3319 4798 si
3348 4747 3563 4798 extant.
3593 4741 3820 4810 Sequen-

702 4834 857 4888 cem’t
893 4832 1012 4889 cod.
1057 4832 1188 4889 Mox
1224 4836 1499 4905 perderem
1527 4835 1599 4890 id.
1636 4865 1694 4873 —
1724 4834 1767 4898 ⁴)
1793 4835 2013 4890 cuilibet
2049 4848 2212 4904 nyen-
2302 4830 2381 4883 tia
2431 4834 2616 4882 tamen
2657 4828 2918 4891 suadent,
2950 4828 3071 4899 ipso
3111 4833 3374 4883 monente
3419 4827 3718 4887 Guiberto‚
3760 4825 3822 4877 ab

705 4917 782 4971 da
807 4915 882 4973 id.
911 4949 973 4958 —
996 4919 1040 4983 ⁵)
1066 4918 1308 4992 quodid.
1338 4934 1468 4973 mox
1491 4920 1718 4992 caleph,
1745 4951 1808 4960 —
1836 4920 1882 4983 ⁶)
1907 4938 1972 4975 ea
1991 4918 2112 4974 cod.
2146 4948 2213 4958 --
2303 4916 2404 4972 illo
2428 4915 2600 4970 vitam
2624 4932 2691 4972 ex
2718 4914 2937 4983 integro
2965 4931 3075 4970 non
3106 4913 3278 4969 fuisse
3300 4913 3591 4984 scriptam.
3617 4944 3684 4953 -
3703 4912 3747 4970 ⁹)
3768 4909 3823 4963 ln

705 5001 754 5069 ⁷)
779 5021 942 5078 super
966 5010 1016 5061 te
1041 5004 1117 5062 id.
1149 5037 1216 5047 -
1237 5007 1280 5069 ⁸)
1304 5006 1596 5063 Hactenus
1625 5013 1864 5077 uterque
1886 5007 2080 5062 codex.
2107 5005 2215 5061 Sed
2302 5006 2423 5062 eod.
2462 5005 2585 5062 cod.
2618 5006 2725 5061 sub
2751 5019 2907 5061 num.
2938 5006 3100 5065 5532.
3126 5001 3223 5060 sol.
3270 5005 3371 5059 130
3401 5017 3580 5058 verso.
3621 4997 3823 5066 Philip-

708 5088 893 5159 palam
921 5096 1009 5146 est
1035 5091 1369 5163 scriptorem
1396 5094 1535 5150 satis
1564 5094 1852 5164 loquacem
1881 5110 1949 5149 ex
1977 5094 2219 5165 abrupto
2307 5108 2412 5165 pus
2439 5092 2509 5145 ab
2537 5089 2859 5157 Heinsberg
2898 5087 3011 5144 suit
3046 5086 3397 5144 Coloniensis
3435 5086 3732 5159 episcopus
3763 5080 3824 5134 nb

707 5172 768 5229 in
806 5175 987 5232 media
1017 5178 1246 5250 periodo
1274 5197 1386 5236 non
1434 5179 1680 5235 stetisse:
1716 5178 1987 5234 ulteriora
2039 5177 2217 5247 igitur
2315 5194 2364 5233 a.
2403 5181 2540 5232 1¹67
2567 5176 2633 5230 ad
2661 5192 2711 5231 a.
2742 5178 2897 5229 1¹91.
