4036 6117
1316 521 1564 568 mssa
1621 519 1831 569 v1'rAE
1887 519 2362 567 ussmronun
3236 506 3320 566 37

295 654 409 699 nec
441 636 882 714 ascendendo,
918 654 1038 698 nec
1071 635 1556 714 descendendo,
1593 655 1714 699 nec
1748 639 1873 698 hac
1905 645 1972 698 et
2009 639 2162 698 illac
2195 636 2582 698 divertendo
2632 644 2958 712 movetur3
2996 638 3153 714 quia
3187 636 3393 697 obdu-

295 746 458 804 ratio
493 745 574 803 ad
613 744 959 820 superiora
994 759 1125 803 non
1159 744 1392 818 tendit,
1432 750 1503 804 ut
1544 750 1820 820 propter
1852 743 2061 802 Deum
2097 763 2133 802 a
2171 744 2424 802 malitia
2461 760 2582 802 sua
2634 743 2982 818 liquescat3
3021 757 3140 800 nec
3174 740 3255 800 ad
3296 739 3392 799 in-

299 847 536 905 feriora
570 847 882 913 declinat,
922 852 994 906 ut
1027 854 1300 923 propter
1334 847 1668 906 hominem
1701 847 1950 907 duritia
1985 864 2108 906 sua
2146 847 2512 922 mollescat3
2550 861 2671 905 nec
2706 846 2788 905 ad
2822 846 2992 905 alias
3039 849 3391 904 creaturas

292 950 583 1025 divertit,
624 958 695 1011 ut
742 958 1016 1027 propter
1051 954 1202 1012 illas
1253 972 1291 1012 a
1323 954 1621 1028 nequitia
1670 970 1791 1013 sua
1826 960 2067 1013 cesset:
2120 953 2236 1012 sed
2273 958 2526 1011 tantum
2577 953 2704 1012 fixa
2741 953 2805 1012 in
2854 951 3178 1027 praefatis
3214 958 3393 1012 tene-

289 1057 424 1117 bris
458 1065 704 1133 manet,
741 1059 1056 1135 quoniam
1107 1060 1171 1118 in
1209 1075 1335 1118 uno
1371 1063 1555 1118 statu
1587 1059 1842 1134 absque
1890 1059 2071 1118 omni
2107 1059 2396 1117 motione
2446 1059 2512 1117 in
2546 1057 3132 1117 maledictionibus
3182 1058 3386 1116 male-

284 1160 651 1221 dictionum
694 1170 1107 1237 perseverat,
1144 1163 1302 1239 quia
1353 1162 1520 1222 nihil
1556 1162 1737 1221 aliud
1772 1178 1972 1238 quam
2008 1162 2410 1221 afflictiones
2447 1161 2789 1221 hominurn
2839 1160 3198 1220 desiderat.
3236 1160 3390 1234 Ipsa

285 1266 456 1325 enim
488 1267 670 1326 sicut
694 1267 1067 1343 plumbum,
1097 1266 1274 1343 quod
1300 1268 1368 1327 in
1392 1265 1823 1326 vehementes
1857 1283 2068 1343 aquas
2102 1266 2414 1341 mittitur,
2454 1266 2521 1326 in
2552 1265 3007 1341 profunditate
3026 1265 3228 1340 Jacet,
3265 1279 3389 1323 nec

289 1387 358 1431 se
388 1371 472 1431 ad
510 1373 715 1432 ullius
750 1372 1169 1433 commodum
1204 1378 1449 1446 movet;
1490 1371 1607 1430 sed
1641 1371 1982 1431 dexteram
2016 1372 2276 1431 Domini
2325 1370 2515 1446 fugit,
2552 1387 2723 1447 quae
2758 1370 2980 1430 omnia
3031 1370 3098 1428 in
3130 1374 3392 1428 creatu-

291 1475 380 1532 ris
414 1474 494 1533 ad
531 1476 898 1536 utilitatem
932 1475 1222 1536 hominis
1257 1475 1783 1552 comprehendit,
1818 1482 1886 1534 et
1919 1492 2090 1551 quae
2123 1474 2455 1535 hominem
2500 1475 2842 1549 exaltavit,
2879 1488 2958 1532 ac
2988 1489 3143 1531 eum
3177 1474 3244 1532 in
3276 1489 3391 1548 pa·-

289 1594 361 1636 ce
392 1580 768 1640 constituit.
804 1579 969 1639 Nam
1001 1579 1177 1640 Deus
1210 1579 1547 1639 hominem
1580 1586 1655 1639 ut
1700 1581 2277 1653 elegantissimum
2311 1579 2600 1655 lapidem
2635 1580 2702 1638 in
2750 1584 2999 1638 terram
3033 1580 3281 1654 posuit,
3321 1579 3388 1637 in

284 1682 468 1757 cujus
505 1682 770 1759 fulgore
803 1684 1021 1745 omnis
1053 1691 1365 1744 creatura
1400 1700 1473 1742 se
1520 1684 1739 1759 ipsam
1771 1684 2176 1758 considerat,
2231 1685 2389 1760 quia
2425 1685 2567 1759 ipse
2600 1679 2645 1762 ¹)
2698 1700 2901 1757 supra
2937 1699 3169 1742 omnes
3204 1700 3389 1742 crea-

287 1790 466 1845 turas
499 1794 630 1848 est:
669 1794 736 1847 et
770 1786 917 1849 ideo
970 1788 1278 1848 illicitum
1311 1794 1438 1863 est,
1489 1789 1665 1864 quod
1700 1789 2053 1848 obduratio
2088 1804 2240 1847 eum
2286 1806 2407 1864 pro
2443 1788 2651 1847 nihilo
2685 1793 3052 1863 computat,
3102 1794 3168 1846 et
3201 1790 3378 1864 quod

287 1906 354 1951 se
384 1891 716 1952 adversus
742 1892 932 1953 illurn
959 1891 1244 1953 indurat.
1274 1892 1453 1952 Haec
1478 1894 1655 1951 enim
1681 1894 2052 1969 pessimum
2078 1894 2326 1952 malum
2356 1894 2684 1951 malorum
2716 1898 2843 1965 est,
2881 1892 3045 1950 nulli
3073 1907 3380 1967 parcenS,

284 1998 441 2056 nulli
475 1996 1015 2057 misericordiam
1063 1996 1408 2072 exhibens;
1448 1997 1565 2056 sed
1601 1998 1936 2057 hominem
1983 1998 2295 2073 despicit,
2332 2002 2398 2057 et
2433 2016 2470 2056 a
2503 1998 2851 2057 commodo
2903 1997 3084 2057 illius
3117 2013 3191 2056 se
3235 1998 3391 2057 sub-

287 2102 506 2176 trahit,
558 2117 687 2161 nec
733 2103 795 2161 ei
842 2101 1237 2177 congaudet,
1289 2118 1409 2162 nec
1456 2103 1518 2161 ei
1566 2102 1738 2162 hona
1784 2103 2168 2179 persuadet,
2221 2103 2338 2161 sed
2389 2103 2455 2161 in
2488 2102 2795 2161 omnibus
2844 2102 3013 2161 dura
3059 2102 3382 2175 existens,

286 2205 497 2264 omnia
530 2204 924 2278 contemnit,
960 2207 1147 2264 velut
1177 2206 1383 2265 etiam
1420 2207 1485 2265 in
1516 2207 1745 2267 verbis
1779 2208 1945 2281 suis,
1987 2213 2059 2266 ut
2092 2206 2505 2282 praedictum
2556 2212 2682 2279 est,
2719 2206 3031 2265 ostendit.
3069 2206 3191 2265 Cui
3224 2220 3386 2266 vera

292 2307 754 2369 misericordia
790 2307 1169 2383 respondet,
1205 2314 1274 2368 et
1305 2314 1379 2368 ut
1412 2308 1584 2369 bona
1618 2310 1928 2369 omnibus
1964 2310 2245 2385 benigne
2280 2309 2768 2385 impendantur,
2805 2308 3136 2367 admonet.

1729 2516 1939 2577 LXXI.

1619 2729 1712 2790 De
1760 2732 2042 2807 iqnavia.

370 2933 471 2995 84.
522 2934 659 2996 Sed
691 2938 925 3013 quinta
958 2937 1178 3013 imago
1230 2938 1564 3013 ignaviam
1598 2939 1918 3015 declarat,
1954 2955 2127 3017 quae
2160 2939 2670 3001 obdurationem
2703 2938 2813 2999 hic
2855 2939 3041 2999 velut
3076 2937 3392 3000 sordidus

289 3038 449 3101 livor
480 3043 818 3118 sequitur,
857 3043 1032 3103 sicut
1079 3043 1284 3103 etiam
1317 3044 1509 3119 parvi
1553 3060 1820 3105 vermes
1854 3062 1932 3104 ex
1968 3051 2149 3106 terra
2197 3046 2549 3122 pullulant;
2587 3045 2745 3122 quia
2794 3051 3153 3121 postquam
3188 3044 3386 3104 homo

289 3145 635 3207 induratus
669 3148 837 3207 nihil
872 3148 1025 3208 boni
1058 3150 1450 3225 quaesierit,
1491 3150 1557 3209 in
1594 3151 1925 3225 ignaviam
1964 3153 2270 3226 vertitur3
2307 3153 2400 3219 ita
2434 3151 2609 3227 quod
2643 3151 2809 3210 nihil
2860 3151 3150 3226 amplius
3185 3148 3393 3207 bono-

294 3250 401 3326 riS‚
435 3252 611 3311 nihil
646 3254 935 3328 amplius
969 3254 1351 3314 sanctitatis
1386 3254 1747 3331 desiderat,
1784 3256 1900 3315 sed
1936 3257 2279 3316 taediosus
2313 3272 2391 3316 ac
2424 3257 2797 3316 obliviosus
2844 3256 3062 3317 omnis
3094 3255 3391 3330 probita-

292 3356 373 3416 tis
406 3363 660 3433 manet‚
695 3374 817 3418 nec
849 3360 1035 3419 vitiis
1070 3375 1143 3418 se
1187 3376 1523 3438 opponere
1555 3361 1722 3436 vult,
1759 3361 1877 3421 sed
1910 3378 1987 3422 ea
2022 3379 2142 3438 per
2178 3362 2511 3438 ignaviam
2545 3362 2675 3421 sibi
2725 3359 3024 3421 attrahit.
3059 3359 3240 3431 Quae
3274 3357 3394 3417 hu-

286 3473 547 3521 manum
599 3467 804 3537 caput
836 3461 1059 3538 habet,
1110 3471 1384 3540 excepto
1419 3464 1594 3542 quod
1644 3466 1921 3526 sinistra
1955 3467 2259 3526 auricula
2305 3465 2452 3541 ejus
2487 3470 2560 3524 ut
2608 3464 2906 3524 auricula
2959 3461 3208 3538 leporis
3256 3465 3387 3534 est,

289 3562 396 3622 sed
428 3569 662 3623 tamen
696 3569 918 3626 tantae
952 3567 1374 3643 quantitatiS,
1410 3569 1588 3645 quod
1622 3569 1767 3646 ipsa
1797 3566 1849 3648 ²)
1887 3570 2062 3630 idem
2094 3576 2295 3646 caput
2329 3576 2540 3630 totum
2573 3569 2814 3645 operit,
2849 3567 3163 3643 quoniam
3197 3563 3390 3625 stulti

291 3665 595 3729 homines
633 3670 699 3729 in
734 3671 1117 3747 insipientia
1151 3690 1274 3734 sua
1307 3690 1380 3733 se
1413 3674 1663 3751 probos
1696 3691 1849 3735 esse
1880 3681 2141 3751 putant,
2178 3677 2244 3735 in
2276 3692 2407 3753 qua
2436 3677 2644 3735 etiam
2685 3674 3101 3736 otiositatem
3134 3674 3385 3743 amant,

284 3785 395 3830 nec
424 3773 572 3832 ulla
603 3773 775 3834 bona
808 3775 937 3834 sibi
987 3777 1364 3852 provident,
1403 3776 1520 3837 sed
1555 3777 1639 3837 ad
1687 3780 1937 3839 malum
1971 3780 2273 3840 auditum
2321 3796 2396 3839 se
2428 3783 2920 3851 convertenteS,
2974 3773 3386 3836 susurratio-

286 3874 472 3935 nibus
529 3882 601 3936 et
631 3876 1164 3941 detractionibus
1213 3882 1544 3958 ignaviter
1578 3883 1918 3958 insistunt;
1970 3901 2141 3960 quas
2176 3886 2268 3945 ita
2315 3884 2621 3958 dilatant,
2660 3883 2837 3960 quod
2884 3882 3090 3942 etiam
3122 3893 3390 3940 omnem

289 3974 724 4040 intentionem
754 3981 980 4041 cordis
1016 3984 1120 4043 sui
1157 3984 1223 4043 in
1255 3985 1589 4060 pravitate
1639 3986 2049 4048 obnubilant.
2085 3989 2271 4060 Quod
2320 3995 2545 4048 autem
2579 3988 2914 4064 reliquum
2963 3999 3209 4060 corpus
3240 3982 3391 4057 ejus

290 4085 551 4161 corpori
585 4087 838 4146 vermis
870 4088 1312 4165 assimilatur,
1348 4091 1464 4167 qui
1504 4090 1776 4151 ossibus
1808 4099 2016 4167 caret,
2052 4100 2119 4154 et
2152 4096 2269 4172 qui
2304 4095 2370 4153 in
2416 4095 2776 4154 cavernula
2812 4108 2934 4150 sua
2969 4090 3260 4149 intextus
3287 4086 3389 4162 ja-

291 4193 408 4263 cet,
435 4190 633 4249 velut
659 4189 877 4249 infans
903 4194 1018 4268 qui
1045 4195 1423 4269 panniculis
1449 4197 1836 4273 involvitur,
1865 4197 1993 4258 hoc
2017 4205 2144 4274 est,
2174 4199 2350 4276 quod
2377 4215 2498 4275 per
2530 4198 2705 4259 idem
2736 4197 2977 4258 vitium
3004 4193 3291 4254 taediosi
3321 4197 3392 4253 et

291 4292 505 4370 ignavi
554 4295 861 4358 homines
894 4299 1228 4376 fiduciam,
1279 4319 1482 4378 quam
1524 4304 1590 4363 in
1623 4305 1870 4364 auxilio
1900 4305 2016 4365 Dei
2050 4312 2118 4366 et
2152 4307 2219 4366 in
2252 4306 2713 4366 sublevatione
2762 4303 3103 4364 hominum
3138 4298 3386 4358 habere

291 4397 629 4473 deberent,
682 4400 764 4459 ad
797 4403 1032 4462 sordes
1069 4407 1437 4481 voluptatis
1471 4422 1656 4482 suae,
1693 4409 1876 4468 velut
1908 4411 2160 4469 vermis
2197 4410 2602 4484 immunduS,
2652 4411 3073 4479 convertunt,
3110 4409 3177 4463 et
3209 4401 3386 4479 quod

297 4508 597 4568 mollitiei
647 4509 871 4568 carnis
921 4525 1084 4569 suae
1130 4513 1348 4586 magis
1397 4529 1600 4589 quam
1639 4513 1905 4574 divinae
1939 4514 2313 4577 fortitudini
2352 4516 2711 4590 confidunt,
2747 4514 3010 4575 occulta
3043 4509 3393 4586 cogitatio-

292 4625 438 4669 num
490 4627 771 4670 suarum
806 4610 1155 4687 intranteS‚
1206 4632 1284 4676 ac
1319 4616 1456 4676 illis
1489 4633 1608 4692 per
1656 4618 2014 4678 stultitiam
2048 4635 2121 4679 se
2171 4621 2610 4694 involventes,
2649 4620 2742 4679 ita
2790 4617 2967 4695 quod
3010 4630 3085 4675 se
3116 4612 3199 4674 ad
3246 4610 3392 4671 nul-

295 4712 416 4775 lam
448 4716 858 4791 probitatem
891 4717 1219 4778 virtutum
1251 4720 1511 4796 erigere
1543 4729 1848 4798 possunt,
1887 4723 2003 4784 sed
2038 4726 2212 4800 quod
2250 4726 2316 4785 in
2348 4731 2621 4800 torpore
2652 4722 3096 4799 negligentiae
3129 4723 3198 4777 et
3228 4715 3390 4775 insi-

293 4819 576 4893 pientiae
610 4820 986 4881 vanitatum
1019 4824 1351 4899 ignaviter
1397 4834 1809 4902 permanent,
1845 4829 2030 4888 velut
2063 4831 2267 4890 etiam
2302 4815 2477 4890 idem
2507 4831 2743 4890 vitium
2799 4829 2863 4887 in
2897 4827 3229 4887 locutione
3262 4838 3384 4880 sua

299 4922 605 4996 superius
638 4921 1075 4986 demonstrat.
1111 4927 1237 4988 Sed
1272 4945 1595 5006 responso
1625 4930 1893 4992 divinae
1925 4933 2250 4994 victoriae
2283 4935 2669 5012 corripitur,
2698 4939 2765 4995 et
2798 4940 2873 4994 ut
2904 4931 3208 4992 homines
3237 4926 3389 4986 Dia-

297 5019 437 5083 bolo
473 5031 871 5103 repugnent,
906 5045 1027 5105 per
1062 5030 1236 5091 idem
1271 5048 1671 5110 responsum
1703 5034 2162 5100 admonentur.

366 5193 405 5264 ι)
430 5201 567 5271 quia
596 5201 719 5272 ipsa
745 5199 837 5257 W.
868 5219 1031 5274 super
1055 5218 1232 5262 omnes
1255 5205 1324 5264 A.
1355 5237 1423 5246 —-
1447 5206 1493 5274 ²)
1522 5209 1635 5281 ipse
1656 5206 1726 5272 A,
1757 5207 1848 5265 W.
