4036 6117
730 471 858 531 480
1878 492 1927 534 s.

660 606 740 660 De
766 602 1059 661 oculorum
1088 602 1369 675 lacrymis.

659 691 739 746 De
765 690 995 746 auditus
1018 689 1419 746 diminutione.

658 781 740 835 De
762 777 1022 833 dentium
1048 777 1259 833 dolore.

658 865 740 919 De
764 860 1023 919 dentium
1051 861 1341 918 firmitate.

656 949 738 1006 De
764 948 1054 1004 vermibus
1083 947 1142 1002 in
1165 946 1451 1002 dentibus.

657 1036 739 1090 De
761 1033 947 1091 cordis
972 1033 1181 1088 dolore.

660 1122 741 1177 De
767 1118 1053 1193 pulmonis
1078 1118 1287 1173 dolore.

659 1208 739 1263 De
766 1205 989 1278 hepatis
1012 1204 1244 1261 duritie.

661 1297 742 1352 De
768 1295 980 1366 splenis
1005 1294 1213 1349 dolore.

661 1385 742 1439 De
767 1378 1041 1438 stomachi
1068 1378 1278 1434 dolore.

663 1471 743 1527 De
771 1466 1165 1538 indigestione.

1993 488 2536 538 HILDEGARDIS

2286 604 2364 659 De
2392 605 2612 660 renium
2639 604 2846 674 dolore.

2285 689 2364 744 De
2391 689 2573 746 iliaca.

2287 773 2365 828 De
2394 775 2586 832 lateris
2610 777 2820 833 dolore.

2288 859 2365 913 De
2395 866 2614 918 tumore
2640 863 2859 930 ostei(?)

2289 946 2368 1000 De
2396 948 2758 1016 stranguiria.

2287 1031 2366 1086 De
2394 1034 2703 1089 sterilitate
2730 1031 2984 1089 masculi.

2290 1119 2397 1173 Pro
2424 1120 2731 1175 sterilitate
2758 1119 3018 1175 feminae.

2289 1209 2367 1264 De
2394 1207 2653 1279 podagra.

2290 1293 2369 1348 De
2395 1294 2602 1348 fistula.

2289 1382 2369 1436 De
2396 1381 2599 1435 ulcere.

2290 1471 2370 1525 De
2398 1469 2816 1525 insomnietate.

659 1558 740 1612 De
764 1557 907 1627 sisae
929 1553 972 1621 ¹)
1000 1556 1254 1621 ruptura.

755 1700 848 1760 De
882 1694 1300 1786 aromatibus.
1346 1693 1529 1755 Nunc
1566 1703 1789 1756 autem
1825 1693 1907 1755 de
1942 1697 2307 1772 praedictis
2363 1698 2867 1758 infirmitatibus
2903 1695 3328 1771 subscriptae
3367 1694 3756 1768 medicinae,

662 1824 698 1865 a
732 1805 866 1865 Deo
915 1804 1444 1875 demonstratae,
1497 1807 1612 1860 aut
1645 1801 1981 1861 hominem
2031 1803 2434 1878 liberabunt,
2489 1807 2606 1862 aut
2645 1803 2786 1877 ipse
2837 1802 3183 1875 morietur,
3238 1803 3351 1860 aut
3382 1800 3559 1859 Deus
3609 1816 3759 1859 eum

663 1909 937 1969 liberari
977 1924 1108 1968 non
1143 1907 1306 1966 vult.
1338 1901 1387 1983 ²)
1416 1906 1580 1965 Nam
1617 1906 1924 1964 diversae
1951 1913 2017 1965 et
2052 1908 2309 1967 nobiles
2345 1908 2592 1967 herbae
2620 1913 2687 1966 et
2713 1907 2938 1982 pulvis
2965 1910 3165 1981 atque
3200 1905 3625 1964 condimenta
3650 1920 3763 1962 no-

660 2014 897 2074 bilium
933 2011 1303 2071 herbarum
1350 2010 1726 2069 inordinate
1758 2013 2080 2084 comesta,
2134 2012 2317 2071 sanis
2352 2011 2737 2070 hominibus
2778 2028 2909 2071 non
2942 2010 3331 2087 proderunt,
3384 2011 3500 2069 sed
3533 2011 3758 2085 potius

661 2118 1026 2177 laesionem
1080 2116 1180 2176 eis
1213 2114 1532 2188 inferunt3
1588 2116 1681 2173 ita
1716 2115 1893 2191 quod
1945 2115 2338 2189 sanguinem
2381 2131 2618 2176 eorum
2668 2116 3063 2189 arefaciunt,
3122 2121 3189 2174 et
3237 2131 3475 2175 carnes
3523 2130 3751 2175 eorum

663 2229 1026 2298 macerant,
1065 2223 1378 2299 quoniam
1415 2221 1732 2280 humores
1770 2221 1921 2280 illos
1960 2222 2024 2281 in
2060 2223 2160 2281 eis
2193 2239 2324 2282 non
2362 2223 2728 2298 inveniunt,
2780 2223 2843 2281 in
2881 2222 3125 2298 quibus
3158 2222 3342 2281 vires
3376 2237 3537 2280 suas
3574 2236 3755 2279 exer-

666 2343 819 2387 cere
869 2332 1172 2404 possunt.
1224 2326 1390 2385 Nam
1438 2322 1503 2384 in
1554 2324 1937 2384 hominibus
1989 2326 2167 2384 vires
2218 2343 2347 2385 non
2397 2331 2667 2402 augent,
2717 2341 2839 2384 nec
2888 2341 3125 2384 carnes
3174 2340 3404 2383 eorum
3455 2338 3756 2381 crescere

663 2433 938 2508 faciunt,
993 2433 1111 2492 sed
1150 2438 1408 2491 tantum
1447 2432 1660 2491 malos
1712 2432 2030 2491 humores
2066 2433 2314 2508 quibus
2365 2432 2830 2504 adversantur,
2884 2431 3210 2490 minuunt.
3261 2428 3384 2488 Sed
3419 2444 3630 2504 quum
3677 2428 3757 2486 ab

663 2538 894 2613 aliquo
946 2540 1329 2609 sumuntur,
1382 2534 1507 2593 hoc
1556 2533 1849 2592 discrete
1883 2539 1950 2592 et
2000 2534 2383 2593 rationabili
2432 2534 2837 2593 necessitate
2891 2534 3003 2592 fiat
3035 2539 3102 2592 et
3134 2548 3283 2591 cum
3334 2546 3505 2606 pane
3538 2530 3648 2588 vel
3693 2533 3754 2588 in

661 2641 818 2700 vino
850 2640 960 2699 vel
992 2654 1144 2698 curn
1177 2638 1309 2698 alio
1344 2637 1569 2712 aliquo
1596 2639 2018 2698 condimento
2056 2640 2381 2714 ciborum,
2412 2645 2479 2698 et
2514 2655 2663 2698 raro
2699 2654 2740 2697 a
2767 2638 2991 2713 Jejuno
3022 2636 3287 2696 homine
3314 2635 3748 2710 accipiantur:

663 2744 964 2820 alioquin
1011 2746 1244 2818 pectus
1295 2744 1621 2802 sumentis
1667 2743 2021 2817 suffocant,
2058 2750 2125 2802 et
2159 2745 2539 2824 pulmonem
2588 2743 2733 2818 ejus
2769 2742 3060 2814 laedunt,
3114 2758 3192 2801 ac
3227 2740 3650 2800 stomachum
3687 2740 3756 2798 il-

664 2848 797 2907 lius
845 2846 1214 2906 incidentes
1262 2846 1551 2905 debilem
1598 2847 1903 2921 reddunt,
1955 2848 2271 2924 quoniam
2305 2845 2561 2924 absque
2610 2849 3035 2908 condimento
3076 2853 3342 2923 sumpta
3377 2854 3554 2906 sunt.
3595 2846 3756 2916 Quia

667 2953 848 3012 sicut
895 2951 1119 3028 pulvis
1168 2956 1413 3024 terrae,
1468 2964 1664 3025 quem
1701 2950 1898 3010 homo
1952 2955 2315 3010 introrsum
2365 2952 2595 3026 trahit,
2646 2969 2798 3012 eum
2834 2953 3059 3026 laedit,
3098 2953 3198 3012 sic
3231 2959 3298 3011 et
3335 2952 3466 3011 ista
3518 2952 3757 3010 inordi-

663 3064 818 3120 nate
867 3062 1166 3134 accepta,
1196 3056 1531 3118 hominem
1583 3056 1797 3131 magis
1841 3057 1923 3116 ad
1971 3056 2446 3118 detrimentum
2495 3076 2694 3135 quam
2745 3060 2827 3119 ad
2877 3061 3235 3119 sanitatem
3283 3056 3555 3117 ducunt.
3595 3057 3751 3117 Nam

665 3162 731 3222 in
765 3161 914 3223 cibo
949 3162 1056 3221 vel
1089 3167 1242 3237 post
1276 3161 1496 3221 cibum
1534 3161 1846 3234 hominis,
1900 3161 2047 3220 ideo
2082 3162 2438 3236 praecipue
2473 3163 2860 3239 accipienda
2896 3170 3073 3237 sunt,
3127 3163 3286 3238 quia
3320 3167 3481 3220 tunc
3527 3161 3754 3220 humo-

665 3282 773 3327 res
800 3268 1105 3327 ciborum
1133 3268 1402 3328 illorum
1429 3271 1798 3340 attenuant,
1828 3271 1894 3325 et
1930 3266 2265 3325 hominem
2294 3271 2643 3341 acceptum
2672 3268 2892 3327 cibum
2929 3267 3232 3342 digerere
3268 3266 3545 3337 faciunt,
3575 3280 3756 3324 exce-

658 3377 774 3448 pto
823 3372 882 3431 si
915 3370 1114 3431 homo
1164 3371 1548 3448 hujusmodi
1599 3371 2025 3431 infirmitates
2075 3370 2297 3441 habet,
2349 3377 2583 3431 contra
2630 3389 2799 3448 quas
2835 3373 3092 3432 nobiles
3141 3378 3210 3433 et
3247 3372 3460 3431 fortes
3514 3371 3749 3429 herbas

672 3482 788 3536 aut
822 3478 1192 3553 pretiosum
1228 3477 1573 3553 pulverem
1603 3477 1874 3553 Jejunus
1910 3482 2314 3550 accepturus
2350 3477 2459 3537 sit.

2065 3733 2215 3794 LIB.
2267 3733 2366 3795 IV.

738 3948 879 4004 Item
906 3947 974 4004 de
1001 3947 1279 4003 menstrui
1307 3945 1644 4002 retentione.

671 4036 752 4093 De
780 4040 1202 4091 menstruorum
1229 4034 1405 4089 ssuxu.

679 4124 760 4179 De
787 4127 980 4194 partus
1006 4120 1356 4177 difficultate.

665 4208 748 4265 De
776 4207 985 4264 salivae
1011 4211 1069 4263 et
1095 4203 1477 4262 emunctionis
1504 4202 1858 4276 purgatione.

671 4294 817 4348 ltem
845 4293 913 4348 de
940 4291 1234 4361 sanguinis
1260 4291 1438 4346 fluxu.

669 4376 750 4433 De
769 4393 989 4433 corzza.
1020 4376 1065 4441 ⁸)

670 4464 752 4518 De
779 4462 1110 4533 potionibus
1136 4460 1500 4532 accipiendis.

668 4548 750 4603 De
776 4547 949 4603 dieta.
981 4548 1027 4611 ⁴)

676 4636 756 4692 De
786 4633 1220 4691 incontinentia.

2296 3942 2376 3997 De
2401 3944 2691 4000 oculorum
2720 3944 3029 4013 caligine...

2293 4028 2497 4084 Contra
2529 4030 2830 4087 luxuriam.

2290 4117 2495 4172 Contra
2527 4117 2844 4174 fantasiam.

2290 4205 2370 4260 De
2395 4195 2701 4261 oblivione.

2291 4291 2370 4345 De
2396 4291 2672 4361 singultu.

2292 4376 2496 4432 Contra
2529 4394 2826 4434 venenum.

2291 4466 2370 4520 De
2396 4480 2633 4536 spasmo,

2290 4552 2369 4607 De
2398 4552 2763 4610 tortionibus.
2794 4555 2837 4617 ⁵)

2291 4639 2373 4693 De
2400 4638 2482 4693 ira
2508 4645 2567 4696 et
2597 4639 2853 4695 tristitia.

735 4824 781 4883 ¹)
823 4824 983 4897 δαΐα·
1019 4824 1250 4880 videtur
1286 4823 1530 4879 describi
1577 4824 1649 4879 ab
1698 4824 1867 4881 initio
1904 4825 2164 4897 capituli:
2259 4828 2549 4885 scribitur:
2592 4852 2612 4878 ι
2649 4829 2707 4885 Si
2750 4828 2963 4885 nimius
3001 4829 3160 4886 dolor
3197 4846 3329 4902 prae
3367 4830 3553 4886 multo
3584 4825 3753 4887 fluore

659 4934 688 4961 ι
720 4911 780 4969 si
811 4911 869 4967 in
913 4911 1106 4983 aliquo
1140 4911 1373 4965 homine
1415 4910 1656 4965 interior
1680 4912 1945 4982 pellicula
1976 4912 2036 4967 in
2060 4928 2171 4983 qua

671 4999 952 5055 intestina
1004 4998 1192 5053 clausa
1247 5002 1398 5052 sunt.
1455 5020 1476 5045 ι
1527 4997 1715 5066 Vulgo
1756 5003 2056 5070 peritoine?
2103 5033 2172 5041 —

652 5087 708 5149 α)
755 5082 850 5139 sic
896 5083 1178 5155 repetitur
1221 5082 1371 5153 quod
1422 5081 1589 5138 initio
1639 5083 1770 5138 libri
1818 5098 1944 5139 cum
1990 5084 2172 5140 minio

660 5169 1013 5240 praefigitur.
1063 5199 1125 5208 —
1154 5168 1198 5235 ³)
1227 5169 1439 5224 Corzza
1478 5169 1548 5223 ab
1589 5168 1762 5224 initio
1800 5170 2038 5240 capituli
2078 5172 2170 5227 de-

2262 4914 2319 4969 in
2350 4914 2581 4969 naribus
2610 4914 2858 4969 hominis
2884 4914 3214 4970 excreverit.
3260 4937 3278 4962 ι
3320 4947 3388 4954 -
3413 4915 3458 4975 ⁴)
3484 4915 3754 4987 Sequitur

2258 5008 2425 5074 caput
2454 5001 2576 5057 sine
2607 5001 2798 5062 titulo,
2825 5001 2921 5055 ubi
2953 5000 3220 5055 librarius
3244 5006 3460 5055 tantum
3491 5001 3753 5073 praefixit

2260 5088 2512 5144 candide:
2544 5088 2713 5143 Mhi!
2732 5091 2938 5149 inveni,
2956 5089 3104 5143 nihil
3121 5092 3329 5160 scripsi.
3352 5120 3416 5130 —
3432 5091 3477 5154 ⁵)
3491 5090 3746 5146 Alterum

2260 5171 2519 5243 sequitur
2544 5177 2717 5244 caput
2741 5172 3205 5244 anepigraphum.
