4036 6117
1261 570 1499 614 mssa
1549 569 1753 613 vrrs-2
1805 565 2296 611 MERITORUM.
2351 566 2406 607 P.
2459 563 2521 605 v.
3245 547 3373 606 217

1766 818 2030 878 LXXVI.

1103 1031 1535 1091 Peccatorum
1583 1030 1903 1106 consessio
1959 1028 2354 1087 Trinitatem
2405 1024 2710 1083 ostendit.

438 1238 547 1299 95.
583 1239 748 1300 Nam
782 1238 839 1297 si
874 1237 1070 1297 homo
1104 1240 1380 1312 peccata
1414 1253 1536 1297 sua
1568 1252 1687 1312 per
1721 1252 1955 1296 aurem
1989 1232 2360 1294 sacerdotis
2394 1232 2526 1291 Deo
2567 1230 2992 1301 manifestat,
3031 1230 3156 1291 hoc
3187 1230 3270 1289 de
3303 1230 3444 1305 Spi-

353 1343 488 1403 ritu
521 1342 761 1402 Sancto
810 1347 951 1415 est,
1003 1341 1118 1418 qui
1167 1341 1416 1400 virtute
1466 1357 1588 1400 sua
1636 1356 1848 1416 aquas
1884 1339 2112 1413 fluere,
2149 1344 2217 1397 et
2259 1353 2376 1396 eas
2411 1351 2639 1395 omnes
2676 1334 3136 1394 immunditias
3172 1335 3446 1394 abluere

355 1445 571 1520 dedit3
607 1445 781 1507 unde
813 1451 881 1505 et
910 1444 1121 1505 Deum
1153 1444 1344 1504 decet
1376 1446 1652 1519 peccata
1686 1444 1752 1504 in
1785 1458 1961 1520 aqua
1994 1441 2335 1502 mundare.
2372 1440 2585 1500 Homo
2614 1439 2862 1516 quippe
2895 1438 3010 1515 qui
3044 1454 3117 1497 se
3150 1438 3448 1513 culpabi-

349 1549 479 1607 lem
512 1546 597 1607 de
629 1552 904 1622 peccato
937 1563 1057 1608 suo
1092 1547 1334 1622 reddit,
1373 1553 1673 1607 sanctam
1708 1547 2105 1606 Trinitatem
2138 1543 2461 1617 ostendit,
2502 1543 2763 1603 scilicet
2798 1543 2864 1601 in
2890 1542 3298 1619 poenitentia
3328 1542 3450 1602 Pa-

353 1657 522 1710 trem
545 1692 565 1720 ,
602 1651 670 1711 in
704 1649 1124 1712 confessione
1161 1651 1577 1710 incarnatum
1612 1650 1883 1724 Filium,
1915 1650 1980 1709 in
2008 1648 2251 1708 sudore
2284 1646 2728 1706 verecundiae
2765 1644 3085 1720 Spiritum
3112 1644 3446 1705 Sanctum.

1749 1862 2045 1967 LXXVII.

1155 2116 1329 2175 Deus
1377 2114 1453 2174 ab
1500 2116 1752 2192 angelis
1802 2121 1863 2174 et
1915 2113 2283 2176 hominibus
2336 2113 2673 2172 laudatur.

437 2324 551 2384 96.
588 2324 668 2385 Et
699 2329 775 2384 ut
801 2318 982 2385 Deus
1015 2323 1100 2383 ab
1134 2324 1391 2399 angelis
1424 2324 1757 2397 laudatur,
1795 2330 1861 2384 et
1893 2331 1969 2384 ut
2003 2325 2070 2383 in
2103 2324 2228 2384 hac
2278 2323 2473 2383 laude
2523 2339 2728 2398 opera
2778 2324 2992 2399 ipsius
3040 2341 3453 2400 cognoscun-

351 2430 482 2501 tur,
510 2422 561 2505 ¹)
598 2428 711 2487 ubi
750 2428 816 2487 in
849 2426 1129 2487 citharis
1163 2432 1231 2486 et
1264 2428 1331 2486 in
1375 2427 1787 2503 symphoniis
1822 2443 1900 2486 ac
1935 2428 2002 2487 in
2036 2427 2345 2488 omnibus
2378 2426 2660 2486 vocibus
2695 2426 2958 2486 laudem
2993 2434 3253 2503 sonant,
3291 2430 3450 2507 quia

354 2528 479 2590 hoc
531 2530 844 2592 officialis
892 2531 997 2590 lex
1044 2546 1278 2590 eorum
1327 2537 1452 2605 est,
1506 2532 1600 2589 ita
1647 2531 1851 2590 etiam
1899 2534 1966 2590 et
2014 2531 2098 2591 ab
2133 2530 2517 2590 hominibus
2554 2530 2928 2590 laudandus
2962 2538 3089 2607 est,
3130 2534 3448 2609 quoniam

357 2640 423 2692 et
469 2633 674 2693 homo
725 2634 792 2693 in
839 2633 1099 2693 duabus
1146 2634 1451 2709 partibus
1502 2640 1808 2709 apparet,
1863 2635 2125 2694 scilicet
2173 2635 2349 2709 quod
2396 2633 2602 2692 Deum
2641 2634 2893 2708 laudat,
2932 2638 2999 2695 ct
3046 2637 3226 2712 quod
3274 2637 3447 2697 bona

357 2753 563 2814 opera
597 2738 666 2798 in
700 2753 772 2797 se
804 2737 1119 2811 ostendit,
1157 2739 1314 2814 quia
1341 2753 1459 2812 per
1487 2737 1748 2797 laudem
1779 2738 1990 2813 ipsius
2013 2737 2190 2797 Deus
2228 2739 2679 2816 cognoscitur,
2716 2744 2783 2797 et
2815 2754 2936 2815 per
2969 2740 3143 2799 bona
3170 2756 3373 2817 opera
3397 2739 3448 2819 ²)

355 2841 681 2901 miracula
713 2840 830 2900 Dei
866 2842 932 2900 in
964 2840 1112 2916 ipso
1147 2841 1477 2923 videntur.
1527 2841 1692 2900 Nam
1743 2840 1940 2901 homo
1989 2857 2109 2916 per
2156 2841 2421 2900 laudem
2468 2842 2816 2916 angelicus
2872 2847 2999 2917 est,
3035 2848 3102 2903 et
3134 2859 3254 2919 per
3302 2861 3453 2903 san-

351 2949 457 3004 cta
504 2960 716 3021 opera
761 2944 959 3005 homo
1008 2950 1132 3005 est.
1184 2945 1332 3021 Ipse
1382 2960 1669 3021 namque
1717 2946 1989 3021 plenum
2038 2961 2205 3021 opus
2253 2945 2372 3004 Dei
2420 2949 2545 3021 est,
2599 2947 2758 3022 quia
2805 2948 3135 3009 laudando
3184 2953 3251 3012 et
3297 2968 3450 3029 ope-

349 3051 582 3126 rando,
621 3052 946 3113 miracula
976 3050 1095 3111 Dei
1128 3051 1350 3113 omnia
1386 3052 1451 3112 in
1484 3051 1634 3128 ipso
1669 3051 2126 3128 perficiuntur.

1733 3275 2060 3336 LXXVIII.

647 3481 830 3555 Quod
878 3480 1223 3543 animabus
1268 3483 1738 3561 defunctorum
1788 3490 2015 3544 sancta
2061 3501 2263 3563 opera
2306 3487 2670 3545 viventium
2720 3495 3141 3550 succurrunt.

431 3687 545 3748 97.
597 3687 720 3748 Sed
755 3691 823 3749 et
855 3688 1227 3765 animabu8‚
1266 3705 1437 3765 quae
1473 3690 1539 3749 in
1587 3691 1921 3751 oblivione
1954 3708 2087 3753 non
2123 3699 2300 3767 sunt,
2354 3694 2471 3754 sed
2519 3711 2689 3771 quae
2728 3666 2800 3754 in
2850 3700 3171 3759 memoria
3218 3717 3449 3781 super-

344 3808 466 3851 nae
515 3792 953 3853 beatitudinis
1002 3794 1320 3869 existunt,
1372 3795 1709 3854 orationes
1742 3797 1809 3855 et
1839 3796 2285 3857 eleemosinae
2319 3813 2399 3856 ac
2449 3799 2564 3858 alii
2599 3800 2982 3862 sanctitatis
3031 3803 3299 3867 labores
3348 3812 3444 3869 vi-

346 3898 644 3957 ventium
698 3901 1120 3973 succurrunt,
1172 3904 1240 3958 et
1288 3899 1455 3975 ipsis
1504 3899 1870 3959 remedium
1929 3900 2322 3962 salutiferae
2373 3905 2738 3979 ereptionis
2795 3906 3103 3985 asserunt,
3153 3913 3320 3974 ‘dum
3378 3918 3444 3976 in

346 4001 581 4074 poenis
617 4001 1084 4076 purgationum
1119 4007 1294 4062 sunt.

1711 4224 2066 4286 LXXVIIII.

672 4427 765 4486 De
811 4431 1184 4505 purqatorii
1225 4432 1487 4507 poenis,
1538 4432 1618 4489 de
1665 4433 1977 4508 paradiso
2026 4389 2327 4495 terrestri
2378 4442 2438 4495 et
2490 4439 2570 4496 de
2619 4438 2764 4498 luce
2814 4443 3096 4505 coelesti.

429 4630 542 4692 98.
577 4632 741 4692 Nam
775 4649 894 4709 per
929 4633 1368 4697 fortissimam
1414 4639 1550 4697 vim
1583 4635 1992 4715 DivinitatiS,
2045 4657 2217 4717 quae
2266 4648 2540 4718 peccata
2574 4645 2876 4724 dimittit,
2913 4657 2980 4711 et
3014 4669 3187 4728 quae
3238 4657 3453 4730 infer<

346 4750 503 4796 num
549 4735 976 4812 despoliavit,
1017 4741 1083 4799 in
1115 4741 1516 4817 quibusdam
1567 4743 1917 4804 elementis
1963 4752 2031 4806 ot
2080 4763 2201 4822 per
2247 4749 2576 4822 quaedam
2634 4753 2960 4813 elementa
3002 4761 3435 4832 purgatoriae

345 4853 597 4912 poenae
648 4839 1010 4902 liberandis
1059 4844 1409 4904 animabus
1459 4846 1720 4918 positae
1771 4853 1944 4907 sunt.
1982 4847 2107 4908 Sed
2145 4853 2491 4911 terrestris
2525 4854 2880 4928 paradisus
2914 4860 3218 4934 purgatis
3253 4865 3318 4921 et
3352 4863 3433 4922 de

346 4942 578 5015 poenis
612 4944 862 5017 ereptis
899 4946 1250 5006 animabus
1287 4963 1434 5007 mox
1469 4949 1666 5008 datus
1700 4956 1824 5011 est.
1863 4951 1998 5011 Lux
2033 4958 2254 5012 autem
2294 4955 2409 5015 illa
2453 4958 2791 5031 coelestis,
2829 4975 3028 5034 quarn
3066 4962 3265 5023 homo
3316 4981 3438 5024 nec

448 5216 488 5280 ¹>
515 5226 904 5288 munau-antur
930 5221 1018 5276 W.
1055 5252 1119 5260 —
1145 5223 1189 5286 ²)
1219 5222 1312 5278 hic
1340 5225 1498 5295 plura
1528 5241 1637 5282 om.
1671 5226 1735 5282 Α.
1769 5227 1839 5281 ab
1869 5228 2054 5283 verbis
2082 5234 2141 5284 in
2165 5249 2219 5284 se
2245 5233 2474 5287 ostendit
2502 5247 2678 5302 usque
2704 5232 2771 5287 ad
2798 5235 2935 5289 bona
2961 5252 3141 5298 opera.

3198 5334 3234 5373 s
