4036 6117
659 502 832 550 xvm
1858 502 2354 550 PROOEMIUM

554 651 669 714 tus
704 648 808 711 est
842 639 951 710 vir
986 639 1249 731 doctus,
1292 638 1474 709 inter
1506 637 1899 709 didascalos
1933 640 2472 733 universitatum
2510 638 2928 731 gallicarum
2965 637 3154 709 haud
3193 638 3501 728 ultimus,
3539 637 3664 732 qui

555 766 958 860 theologum
1023 764 1528 859 Hildegardem
1598 765 1789 837 coelo
1851 765 2268 856 attollebat,
2350 764 2881 857 mirabaturque
2955 764 3264 835 nondum
3327 772 3664 859 exceptas

554 892 769 964 fuisse
805 916 894 964 ex
946 891 1155 963 certis
1190 891 1498 986 ejusdem
1551 892 1879 987 operibus
1913 891 2253 964 formulas
2287 890 2623 985 egregias,
2671 891 2925 983 quibus
2960 890 3242 984 singula
3294 889 3455 960 fidei
3490 889 3661 983 dog-

552 1028 748 1092 mata
783 1028 927 1091 tam
978 1019 1343 1115 perspicue
1380 1020 1972 1116 pronunciantur,
2015 1028 2092 1091 ut
2127 1020 2340 1114 digna
2375 1018 2466 1090 sit
2503 1019 2757 1090 nobilis
2801 1019 3177 1111 abbatissa,
3233 1043 3416 1113 quae
3449 1041 3653 1089 voce-

558 1156 674 1219 tur
712 1147 1052 1242 Magistra
1074 1147 1620 1220 sententiarum.

656 1278 971 1350 Caeteris
1003 1279 1285 1373 quidem
1323 1279 1604 1350 uberior
1650 1288 1753 1350 est
1805 1279 1890 1350 de
1942 1303 2016 1349 re
2067 1276 2462 1371 theologica
2519 1278 2693 1350 liber
2743 1279 3021 1362 Salvias,
3081 1279 3148 1348 in
3204 1303 3342 1373 quo
3397 1284 3665 1374 praeci·

549 1433 692 1504 pua
745 1409 903 1480 fidei
952 1408 1380 1481 christianae
1430 1409 1667 1504 capita
1702 1433 1743 1479 a
1780 1409 2132 1480 Trinitate
2186 1417 2255 1479 et
2303 1410 2659 1481 creatione
2711 1410 2798 1480 ad
2856 1410 3369 1482 Antichristum
3417 1418 3486 1482 et
3538 1435 3664 1481 no-

552 1537 844 1609 vissima.
877 1546 1192 1633 tempora
1226 1537 1696 1628 declarantur,
1753 1560 1835 1608 ac
1886 1537 1937 1609 si
1996 1538 2470 1610 celebraretur
2525 1538 2922 1635 triumphus
2974 1539 3331 1611 Ecclesiae
3385 1540 3455 1611 in
3502 1540 3666 1611 dra-

555 1666 813 1738 matico
864 1667 1159 1755 canticO,
1216 1667 1364 1737 sive
1406 1667 1661 1738 Ordine
1693 1668 2037 1755 virtutum,
2092 1689 2231 1759 quo
2289 1665 2495 1753 liber,
2551 1666 2901 1738 coronidis
2954 1667 3197 1759 instar,
3253 1669 3664 1741 absolvitur.

548 1793 764 1865 Liber
815 1795 1228 1866 Divinorum
1285 1817 1563 1886 operum
1619 1792 1877 1865 referre
1936 1792 2216 1864 videtur
2278 1792 2625 1887 quoddam
2693 1793 3183 1866 Hexaemeron
3251 1818 3408 1867 cum
3463 1797 3659 1892 Apo·

548 1921 819 2017 calypsi
862 1922 1210 2016 junctum.
1271 1952 1299 1988 α
1338 1921 1633 1993 Curiosa
1685 1921 1909 1992 multa
1942 1921 2274 2002 continet,
2316 1920 2416 1990 ait
2453 1920 2862 1992 Dominicus
2908 1920 3158 2009 Mansi,
3214 1931 3293 1994 ut
3328 1923 3415 1994 de
3448 1925 3664 1997 totius

554 2050 796 2122 mundi
836 2058 1233 2146 systemate,
1290 2050 1375 2120 de
1424 2048 1728 2121 hominis
1781 2048 2111 2120 exteriori
2165 2058 2232 2119 et
2285 2046 2597 2118 interiori
2652 2048 2947 2143 physica
2997 2049 3516 2139 constitutione,
3580 2051 3671 2123 de

555 2179 737 2251 aeris
771 2180 1404 2269 vicissitudinibuS,
1462 2177 1546 2249 de
1597 2177 1859 2250 morbis
1890 2176 2275 2266 hominum,
2333 2184 2399 2248 et
2453 2175 2610 2247 aliis
2643 2176 2855 2271 hujus
2890 2177 3159 2272 saporis
3195 2177 3484 2271 (Patrol.
3531 2179 3664 2251 eol.

562 2311 804 2399 144).»
845 2307 1319 2379 Intermedius
1352 2306 1560 2377 Liber
1605 2305 1795 2376 Vitae
1826 2307 2219 2377 meritorum
2268 2328 2541 2375 omnem
2591 2305 2781 2377 vitae
2833 2305 3262 2379 christianae
3313 2309 3659 2380 rationem

534 2432 887 2527 explicat,
931 2431 1164 2503 varias
1199 2430 1561 2503 hominum
1604 2430 1858 2502 classes
1909 2430 2482 2523 conditionesque
2535 2430 2838 2517 instruit,
2897 2455 2978 2501 ac
3029 2431 3328 2526 singulis
3379 2434 3660 2505 virtuti-

559 2564 688 2634 bus
723 2563 899 2634 vitia
933 2562 1211 2657 singula
1249 2569 1390 2633 tam
1430 2570 1595 2657 apte
1632 2570 1699 2632 et
1733 2560 2070 2657 graphice
2112 2560 2488 2655 componit,
2546 2561 2994 2655 opponitque,
3046 2570 3121 2632 ut
3163 2563 3284 2633 vix
3339 2561 3479 2633 alia
3534 2565 3668 2635 tibi

557 2694 940 2767 occurrerit
974 2692 1298 2765 doctrina
1335 2715 1603 2763 morum
1641 2690 1913 2786 plenior
1947 2697 2014 2760 et
2055 2689 2542 2783 praestantior.

658 2824 870 2897 Unde
920 2825 977 2896 si
1031 2823 1188 2918 quis
1238 2821 1696 2916 Hildegardis
1733 2818 2107 2913 trilogiam,
2148 2827 2224 2887 ut
2259 2818 2429 2906 dixi,
2472 2818 2663 2888 brevi
2706 2820 2914 2889 verbo
2956 2819 3110 2890 vult
3167 2822 3659 2916 perstringere,

552 2958 659 3030 illi
713 2956 981 3053 primus
1035 2955 1210 3025 liber
1263 2952 1702 3046 dogmaticus
1768 2950 1932 3037 erit,
1997 2947 2343 3018 secundus
2395 2945 2702 3032 moralis,
2773 2946 3025 3016 tertius
3090 2946 3453 3041 physicus;
3522 2950 3664 3044 pri·

556 3111 713 3160 mus
772 3084 1278 3178 theologorum,
1334 3081 1513 3152 alter
1564 3078 1987 3168 ethicorum,
2046 3075 2294 3146 tertius
2347 3073 2917 3168 philosophorum
2981 3097 3103 3169 per
3155 3098 3265 3145 me
3317 3075 3482 3147 licet
3543 3077 3659 3147 de-

564 3215 893 3287 claretur.

662 3341 737 3413 Si
773 3361 939 3424 vero
993 3339 1225 3410 minus
1276 3319 1673 3410 consideras
1724 3335 2060 3407 librorum
2115 3337 2527 3426 argumenta
2582 3353 2793 3423 quam
2831 3327 3177 3399 scribendi
3217 3327 3555 3399 rationem
3595 3337 3668 3398 et

559 3468 863 3557 modum,
923 3466 1135 3537 nolim
1190 3474 1258 3536 te
1316 3463 1554 3536 statim
1608 3463 1692 3534 de
1726 3464 1966 3556 aliqua
2002 3461 2427 3532 obscuritate
2468 3455 2917 3527 stomachari.
2960 3454 3274 3525 Primum
3312 3454 3665 3525 monearis

559 3607 853 3697 oportet,
896 3597 1429 3692 ambiguitatem
1480 3618 1621 3667 non
1655 3592 1867 3664 semel
1906 3591 2072 3663 oriri
2126 3591 2216 3661 ab
2269 3588 2543 3660 incuria
2595 3587 3125 3659 amanuensium
3165 3595 3289 3657 aut
3338 3587 3664 3682 typothe-

555 3740 788 3802 tarum
844 3726 1220 3825 protervia,
1276 3723 1529 3796 menda
1580 3720 1850 3793 mendis
1901 3718 2222 3792 certatim
2277 3717 2707 3788 addentium.
2764 3715 3036 3786 Deinde
3089 3714 3479 3787 obscuritas
3518 3739 3659 3787 non

560 3868 761 3931 tanta
811 3855 1181 3928 scribentis
1233 3862 1364 3942 est,
1420 3860 1695 3948 quanta
1744 3851 2061 3946 legentis,
2111 3849 2222 3920 cui
2270 3848 2511 3942 ignota
2547 3856 2729 3932 sunt,
2774 3847 2842 3916 in
2879 3845 3015 3917 hac
3052 3853 3317 3917 remota
3353 3853 3669 3917 vetusta-

555 4002 648 4082 te,
708 3992 1013 4089 plurima
1049 3989 1437 4084 regionum,
1476 3986 1806 4076 virorum,
1845 3984 2283 4080 negotiorum
2320 3981 2745 4069 discrimina,
2785 3983 3041 4076 quibus
3073 3981 3177 4052 uti
3216 3980 3442 4052 obviis
3483 3978 3666 4050 allu-

553 4130 745 4201 ditur
779 4149 923 4199 uno
954 4124 1190 4211 verbo,
1228 4120 1341 4193 vel
1375 4120 1573 4192 brevi
1607 4118 1945 4215 symbolO,
1984 4125 2152 4189 tunc
2180 4115 2388 4186 facile
2423 4113 2812 4210 perspicu03
2842 4111 3029 4184 unde
3057 4110 3321 4181 multae
3359 4109 3669 4204 paginae

551 4257 885 4350 caligant,
916 4249 1222 4324 tenebris
1248 4247 1516 4319 obsitae
1543 4244 1937 4318 cimmeriis
1961 4242 2282 4337 Denique
2309 4265 2465 4314 cum
2493 4241 2695 4335 gravi
2723 4237 3113 4310 Trithemio
3143 4236 3374 4307 dicere
3402 4234 3508 4305 fas
3535 4241 3660 4306 est:

558 4415 585 4451 α
630 4383 724 4456 Et
759 4403 1002 4452 revera
1054 4377 1125 4448 in
1160 4382 1505 4470 quantum
1538 4397 1666 4446 nos
1691 4372 2012 4469 judicare
2065 4393 2447 4466 possumne,
2505 4369 2653 4463 ejus
2687 4366 2949 4462 scripta
2982 4389 3123 4436 non
3158 4364 3466 4435 humano
3510 4385 3668 4433 sen·

554 4541 635 4589 su
671 4512 781 4586 vel
818 4508 1177 4583 intellectu
1213 4512 1377 4577 sunt
1412 4504 1623 4589 edita,
1659 4503 1779 4575 sed
1813 4501 2052 4573 divino
2089 4499 2320 4595 potius
2353 4497 2606 4591 spiritu
2658 4492 3079 4564 mirabiliter
3112 4490 3366 4584 infusa,
3403 4490 3472 4561 et
3507 4489 3666 4560 ideo

555 4665 697 4713 non
732 4637 990 4734 passim
1045 4632 1538 4726 intelliguntur
1596 4631 1685 4701 ab
1747 4629 2091 4718 omnibus,
2144 4625 2263 4696 sed
2318 4625 2408 4696 ab
2460 4622 2601 4693 illis
2653 4621 3026 4693 dumtaxat
3078 4604 3458 4712 utcumque
3509 4639 3670 4712 pos-

555 4778 720 4842 sunt
774 4762 1109 4858 intelligi,
1178 4784 1478 4855 quorum
1536 4783 1717 4855 pura
1780 4780 1975 4829 mens
2038 4753 2186 4826 Deo
2255 4776 2380 4848 per
2447 4772 2756 4821 amorem
2827 4744 3081 4818 meruit
3148 4744 3336 4816 uniri
3389 4743 3672 4834 (Chr-on.

557 4897 923 4984 Hirsauq.)
966 4921 991 4955 ιο

654 5021 764 5091 Ad
804 5043 884 5089 ea
919 5041 1101 5112 quae
1133 5041 1323 5087 nune
1375 5014 1642 5087 odimus
1693 5012 1877 5108 quod
1920 5018 2212 5108 spectat,
2271 5031 2498 5104 pauca
2549 5006 2606 5077 si
2645 5004 3113 5099 excipiantur,
3171 4998 3408 5071 omnia
3443 4996 3667 5093 plana

555 5169 621 5223 et
661 5149 1018 5220 luculenta
1071 5154 1264 5236 sunt,
1334 5167 1558 5237 neque
1597 5141 1940 5213 nonnulla
1996 5140 2373 5211 identidem
2413 5138 2850 5210 desideratur
2887 5130 3264 5226 elegantia.
3321 5129 3427 5200 Ea
3463 5150 3670 5199 nam-
