4036 6117
627 444 759 508 3'00
1772 458 1823 502 s.
1890 455 2442 503 uthEoAnnts

648 578 972 656 Apertum
1008 582 1103 636 est
1138 580 1365 636 autem
1389 575 1593 650 illico,
1626 574 1691 634 id
1724 581 1832 635 est
1866 580 2215 636 reservata
2240 581 2368 646 est,
2405 592 2472 633 os
2506 572 2672 649 ejus,
2703 574 2767 634 id
2800 579 2906 635 est
2938 573 3330 652 prophetiae
3378 573 3673 635 manife-

561 686 785 760 statio,
822 692 884 744 et
921 685 1151 762 linqua
1182 681 1347 759 ejus,
1385 681 1699 742 videlicet
1724 681 1990 757 justitia
2023 682 2387 757 Ecclesiae,
2424 688 2486 741 et
2537 680 2921 758 loquebatur
2972 680 3361 741 benedicens
3411 681 3656 753 Deum,

559 786 711 850 eum
746 789 1076 849 laudando
1114 788 1177 847 in
1214 787 1648 848 humanitate.

650 893 732 953 Et
778 895 997 970 factus
1032 898 1124 952 cst
1160 894 1358 951 timor
1391 909 1591 967 super
1637 908 1860 949 omnes
1894 893 2143 950 vicinos
2176 907 2429 964 eorum,
2468 891 2562 950 ita
2605 894 2678 948 ut
2712 904 2944 949 omnes
2976 890 3117 949 nati
3151 889 3233 949 de
3266 888 3661 949 hominibus

560 1001 906 1070 stuperent
931 1000 998 1054 et
1023 1000 1408 1068 tremerent,
1444 999 1506 1053 et
1541 1012 1741 1070 super
1773 995 1999 1053 omnia
2030 1000 2374 1063 montana,
2406 992 2470 1052 id
2502 998 2607 1052 est
2639 1007 2845 1068 super
2874 991 3296 1052 altitudinem
3331 992 3655 1064 Judaeae,

557 1100 818 1160 scilicet
868 1100 1120 1159 veteris
1154 1098 1620 1171 institutioniS,
1671 1095 2183 1174 divulyabantur
2215 1100 2438 1157 omnia
2482 1096 2678 1156 verba
2709 1099 2897 1171 haec,
2950 1094 3407 1156 circumducta
3440 1100 3514 1154 ut
3548 1109 3663 1154 ro-

563 1206 652 1278 ta,
690 1210 1024 1279 quatenus
1061 1203 1224 1262 haec
1259 1202 1728 1277 intelligerent.

651 1309 731 1370 Et
763 1315 1127 1387 posuerunt
1165 1326 1385 1367 omnes
1428 1323 1636 1367 novos
1672 1322 1912 1366 sensus
1947 1312 2016 1366 et
2049 1306 2431 1366 intellectus
2466 1306 2532 1365 in
2564 1322 2738 1366 nova
2771 1306 2965 1381 Lege,
3000 1306 3114 1383 qui
3146 1304 3499 1363 audierant
3536 1302 3660 1362 bo-

557 1429 643 1472 na
677 1413 1041 1472 intentione
1090 1415 1161 1471 in
1195 1412 1384 1471 corde
1437 1428 1551 1469 suo
1594 1411 1910 1484 dicentes,
1963 1410 2223 1470 scilicet
2273 1410 2338 1468 in
2385 1409 2580 1470 bonis
2626 1408 3005 1469 desideriis:
3060 1408 3219 1480 Quis
3248 1412 3449 1483 putas
3476 1423 3657 1481 puer

559 1518 685 1574 iste
734 1518 898 1575 erit‘?
933 1515 999 1573 in
1046 1531 1217 1573 nova
1252 1514 1446 1588 Lege,
1500 1514 1656 1590 quia
1690 1530 1820 1572 non
1868 1519 1969 1572 est
2002 1511 2087 1572 de
2119 1513 2384 1573 mundo.
2423 1514 2687 1573 Etenim
2728 1530 2968 1572 manus
3003 1512 3293 1584 Domini,
3338 1507 3657 1569 videlicet

560 1620 781 1679 virtus
814 1624 880 1678 et
913 1633 1080 1694 opus
1113 1618 1230 1677 Dei
1264 1624 1404 1676 erat
1441 1636 1591 1677 cum
1623 1617 1741 1677 illo
1777 1617 1843 1675 in
1876 1617 2243 1676 miraculis,

653 1724 734 1783 Et
763 1723 1114 1782 Zacharias
1143 1730 1338 1798 pater
1379 1719 1542 1796 ejuS,
1582 1720 1840 1780 scilicet
1874 1720 2226 1797 prophetia
2261 1735 2431 1797 quae
2468 1721 2535 1780 in
2566 1720 2778 1780 veteri
2811 1718 2982 1794 Lege
3020 1716 3167 1791 fuit,
3205 1716 3519 1794 impletus
3554 1720 3658 1774 est

566 1828 824 1904 Spiritu
861 1828 1120 1902 Sancto,
1161 1827 1340 1886 velut
1372 1825 1673 1885 balsamo
1731 1825 2012 1885 sudante
2050 1826 2115 1884 in
2169 1825 2477 1899 veritate,
2536 1831 2597 1883 et
2650 1824 3066 1902 prophetavit
3114 1821 3341 1880 dicens
3377 1819 3443 1878 111
3491 1833 3657 1878 vera

565 1929 973 1989 ostensione:

652 2033 1055 2093 Benedictus
1089 2033 1157 2092 111
1190 2033 1549 2093 sanctitate
1585 2034 1902 2094 Dominus
1940 2035 2115 2094 Deus
2152 2034 2384 2108 Israel,
2424 2032 2489 2092 id
2523 2039 2627 2093 est
2659 2049 2859 2093 verae
2894 2030 3457 2104 circumcisioniS‚
3493 2029 3656 2105 quia

558 2140 844 2197 visitavit
910 2137 1390 2212 corporaliter,
1442 2144 1504 2195 et
1552 2139 1712 2215 fecit
1763 2138 2287 2215 redemptionem
2347 2139 2412 2196 in
2463 2135 2811 2212 refrigerio
2868 2141 2935 2195 et
2984 2134 3394 2213 plenitudine
3438 2129 3651 2210 plebis

558 2261 737 2316 suae,
777 2241 1091 2301 videlicet
1123 2241 1480 2301 Ecclesiae.

2074 2452 2150 2511 11.

1905 2645 2055 2704 Alio
2102 2644 2310 2704 modo,

657 2836 1011 2912 Elisabeth,
1051 2836 1115 2896 id
1149 2841 1253 2895 est
1280 2836 1677 2896 humilitatis
1705 2838 1972 2911 111011ῑί3,
2007 2839 2361 2915 impletum
2394 2845 2489 2897 est
2530 2839 2595 2897 in
2629 2838 3059 2913 perfectione,
3095 2844 3356 2915 tempus
3382 2838 3656 2916 parien-

565 2944 664 3015 di,
719 2941 784 3000 id
817 2946 922 2999 est
970 2940 1037 2999 111
1070 2956 1469 3016 processura
1515 2955 1793 3016 operum
1843 2939 2209 3017 humiliari,
2247 2948 2309 3001 et
2352 2946 2615 3019 peperit
2663 2943 2913 3022 filium,
2966 2942 3229 3002 scilicet
3276 2942 3453 3018 quod
3500 2957 3652 3017 pro-

570 3046 757 3106 duxit
791 3050 1025 3105 sancta
1059 3061 1281 3121 opera.

656 3151 736 3209 Et
786 3149 1147 3208 audierunt
1181 3151 1408 3224 vicini,
1448 3149 1512 3209 id
1546 3155 1650 3209 est
1683 3150 1925 3226 angeli,
1959 3155 2028 3211 et
2060 3154 2318 3230 coqnati
2352 3148 2519 3226 ejus,
2557 3151 2870 3213 videlicet
2901 3153 3016 3212 alii
3052 3152 3289 3228 sancti,
3326 3154 3484 3229 quia
3512 3167 3653 3209 ma-

563 3255 891 3334 qnificavit
944 3254 1263 3314 Dominus
1299 3254 1366 3312 in
1398 3254 1826 3330 ampliatione
1858 3256 2186 3316 virtutum
2232 3257 2757 3316 misericordiam
2790 3275 2978 3316 suam
3012 3275 3159 3317 cum
3195 3257 3344 3326 illa,
3392 3251 3437 3334 ¹)
3474 3253 3653 3315 scili-

565 3359 670 3417 cet
706 3358 772 3416 in
807 3358 1243 3434 inspiratione
1279 3357 1604 3416 virtutum
1639 3365 1700 3416 et
1737 3359 2366 3435 conqratulabantur
2400 3361 2488 3429 ei,
2526 3360 2683 3434 quia
2716 3359 2964 3419 bonum
3000 3358 3287 3418 fructum
3338 3355 3641 3434 perfecit.

658 3465 738 3523 Et
786 3465 1043 3541 factum
1090 3471 1184 3522 est
1234 3465 1307 3521 in
1357 3464 1463 3522 die
1497 3470 1740 3537 octava,
1794 3463 1859 3522 id
1906 3464 2113 3523 estin
2163 3464 2289 3524 fine
2323 3464 2578 3540 operis,
2630 3465 2737 3524 vel
2772 3465 2840 3524 in
2888 3470 3105 3524 morte
3137 3463 3512 3536 hominum,
3548 3479 3654 3519 ve-

566 3578 813 3632 nerunt
865 3573 1084 3646 angeli
1118 3579 1184 3632 et
1234 3572 1449 3631 sancti
1498 3574 1967 3633 circumcidere
2005 3571 2297 3651 (scilicet
2331 3574 2596 3634 auferre
2629 3573 3048 3648 putredinem
3096 3571 3352 3646 0011113,
3409 3568 3459 3646 ²)
3488 3588 3655 3648 pue-

566 3695 742 3749 rum,
797 3675 1058 3734 scilicet
1093 3676 1266 3735 bona
1313 3691 1516 3749 opera
1551 3677 2013 3751 sacrificando,
2065 3682 2128 3735 et
2161 3676 2471 3737 vocabant
2506 3696 2660 3737 eum
2692 3679 2962 3737 nomine
3005 3679 3221 3755 patris
3258 3678 3384 3751 sui,
3421 3673 3655 3734 videli-

569 3785 674 3839 cet
711 3779 829 3838 Dei
862 3779 944 3838 de
979 3795 1110 3854 quo
1145 3780 1470 3854 exierunt,
1509 3780 1928 3851 Zachariam,
1966 3780 2033 3840 id
2066 3787 2171 3840 est
2206 3782 2551 3841 sanctitas,
2586 3776 2636 3860 ³)

659 3885 738 3944 Et
775 3884 1182 3960 respondens
1229 3888 1443 3942 mater
1491 3880 1656 3957 ejus,
1709 3883 2025 3944 videlicet
2081 3884 2427 3944 humilitas
2483 3887 2765 3960 mentis,
2818 3886 3034 3945 dioeit:
3096 3884 3529 3962 Nequaquam
3573 3881 3656 3940 de

567 3989 830 4049 meritis
863 3989 1034 4049 meis
1068 4004 1271 4065 opera
1307 4004 1455 4048 mea
1493 3988 1820 4048 laudanda
1856 3996 2034 4064 sunt,
2065 3991 2179 4049 sed
2209 3990 2544 4051 vocabitur
2577 3992 2889 4065 JoanneS,
2927 4007 3050 4052 seu
3071 3988 3119 4070 ⁴)
3151 3989 3233 4050 de
3265 3990 3484 4066 gratia
3514 3987 3652 4048 Dei.

657 4095 742 4153 Et
790 4094 1112 4154 dixerunt
1146 4093 1231 4152 ad
1277 4093 1470 4152 illam
1519 4093 1967 4154 humilitatem
2017 4096 2283 4169 mentiS,
2320 4099 2478 4172 quia
2522 4112 2716 4155 nemo
2748 4102 2845 4155 est
2879 4099 2950 4155 in
2985 4098 3365 4174 coquatione
3412 4100 3552 4169 tua,
3589 4092 3656 4151 id

567 4202 675 4256 est
706 4213 837 4256 non
884 4202 990 4257 est
1023 4196 1204 4256 aliud
1256 4198 1598 4257 inventum
1631 4198 1699 4256 in
1745 4199 2000 4257 sanctis
2036 4199 2353 4274 operibus
2387 4200 2547 4274 tuiS,
2582 4203 2698 4278 qui
2730 4205 2995 4260 vocetur
3039 4203 3157 4260 hoc
3208 4201 3497 4272 nomine,
3528 4197 3658 4258 301-

572 4303 730 4361 licet
765 4303 893 4361 nisi
928 4308 1002 4362 ut
1037 4305 1269 4363 sancta
1302 4303 1523 4362 anima
1559 4303 1842 4362 voceris,

662 4405 1034 4465 Innuebant
1084 4414 1308 4464 autem
1335 4408 1520 4482 patri
1568 4403 1733 4481 ejuS,
1773 4407 1864 4466 ita
1912 4412 1986 4466 ut
2018 4407 2412 4483 permittant
2459 4407 2527 4466 111
2563 4406 2892 4483 judicium
2922 4406 3063 4483 Dei,
3100 4425 3295 4485 quem
3326 4405 3522 4467 vellet
3555 4421 3660 4464 vo-

572 4511 710 4569 cari
743 4527 918 4581 eum,
956 4508 1216 4567 scilicet
1250 4508 1427 4583 quod
1462 4509 1773 4569 meritum
1809 4509 1905 4568 illi
1939 4509 2100 4569 dare
2133 4510 2316 4568 velit.

662 4612 744 4671 Et
765 4611 1133 4687 postulans,
1171 4610 1235 4669 id
1263 4617 1367 4670 est
1401 4611 1759 4670 ostendens
1788 4612 2217 4690 pupillarem,
2256 4612 2515 4672 scilicet
2553 4612 2617 4671 in
2652 4613 2935 4672 scientia
2977 4613 3130 4673 boni
3163 4617 3229 4671 et
3262 4611 3444 4686 mali,
3480 4610 3658 4687 quod

571 4721 829 4776 rectum
883 4717 1008 4775 iter
1057 4716 1313 4791 fecerit,
1367 4720 1632 4793 scripsit
1682 4719 1908 4778 dicens
1957 4718 2025 4777 in
2074 4724 2256 4777 recto
2302 4718 2575 4793 jndicio:
2613 4717 2902 4778 Joannes
2951 4726 3044 4778 est
3072 4736 3312 4778 nomen
3360 4714 3524 4791 eJ'us,
3562 4717 3657 4776 ita

567 4822 643 4880 ut
675 4835 793 4895 per
840 4821 1125 4893 gratiam
1158 4819 1274 4879 Dei
1325 4826 1557 4880 sancta
1592 4821 1811 4881 anima
1861 4822 1927 4880 in
1961 4820 2155 4881 honis
2205 4822 2521 4896 operibus
2558 4821 2665 4882 sit.
2717 4823 2799 4882 Et
2833 4825 3062 4882 mirati
3108 4829 3259 4881 sunt
3299 4821 3364 4880 in
3396 4820 3660 4880 meritis

572 4922 754 4981 illius
787 4923 1106 4996 universi,
1146 4921 1210 4981 id
1245 4924 1346 4981 est
1380 4924 1596 4982 omnis
1633 4923 1828 4983 turba
1864 4929 2269 4983 sanctorum.

647 5122 688 5189 ¹)
719 5125 815 5178 illo
841 5123 960 5179 cod.
999 5155 1057 5163 —-
1084 5126 1128 5192 ²)
1156 5129 1353 5180 cineris
1382 5123 1453 5180 id.
1491 5158 1552 5165 —-
1581 5124 1627 5190 ³)
1658 5125 1714 5180 in
1743 5125 1862 5183 cod.
1897 5142 1964 5181 cx
1990 5124 2257 5194 ambiguo
2284 5141 2472 5198 apogr.
2503 5131 2729 5184 sortitas.
2762 5159 2826 5168 —-
2856 5126 2899 5194 ⁴)
2927 5124 3015 5179 des
3041 5123 3160 5180 cod.
