4036 6117
1552 513 2060 565 PROOEMIUM
3201 511 3240 558 V

274 644 506 716 finibus
539 644 785 716 sistere
821 644 1116 737 soleant,
1156 644 1329 716 mihi
1364 652 1757 741 temperare
1794 670 2087 741 nequeo,
2111 647 2304 741 quin,
2335 646 2555 717 donec
2591 646 2887 718 edocear
2912 645 2998 717 de
3025 644 3341 741 profuge,

274 770 589 866 appellari
632 771 923 866 jubeam
976 771 1339 843 Sarmatas
1373 780 1442 843 et
1476 772 1768 866 Moscos‚
1825 773 2067 844 Dauos
2119 784 2188 844 et
2225 774 2503 861 Succos,
2559 772 2833 866 Anglos
2867 779 2936 843 et
2987 771 3059 842 in
3094 770 3344 842 ultimo

274 903 417 973 orbe
464 902 865 974 Britannos,
921 900 1064 973 Ubi
1122 923 1285 973 vero
1323 901 1527 973 editis
1563 912 1728 973 ante
1781 927 1906 975 nos
1964 906 2101 975 145
2145 902 2457 1000 epistolis
2489 925 2676 973 nunc
2728 924 2949 973 novas
2988 901 3180 996 justo
3231 922 3346 971 eo-

274 1030 405 1102 dem
438 1054 726 1103 numero
762 1030 1104 1118 addimm,
1135 1029 1310 1101 nihil
1348 1029 1527 1103 forte
1561 1053 1723 1102 casu
1764 1039 1888 1103 aut
1923 1030 2111 1103 furto
2150 1032 2381 1127 periit.

351 1157 475 1229 Sed
507 1182 727 1252 quum
765 1158 849 1228 ad
888 1181 1137 1228 manus
1172 1158 1311 1228 sint
1340 1157 1675 1254 epistolae
1710 1160 1872 1251 290,
1930 1158 2164 1229 taedet
2201 1157 2418 1229 nostri
2452 1181 2589 1229 non
2629 1180 2774 1228 esse
2811 1156 3114 1229 instituti
3147 1165 3343 1229 texe-

268 1312 331 1359 re
364 1289 747 1360 universam
785 1289 1095 1360 omnium
1150 1287 1604 1383 Hildegardis
1640 1287 2031 1360 litterarum
2071 1288 2391 1359 notitiam
2428 1287 2831 1359 historicam
2865 1293 2934 1358 et
2976 1283 3340 1358 chronolo-

266 1414 486 1509 gicam.
516 1415 742 1488 Nemo
772 1439 909 1487 non
938 1415 1132 1487 videt
1166 1424 1436 1510 quanta
1469 1415 1596 1486 lux
1629 1426 2078 1510 spargeretur
2115 1439 2250 1487 non
2289 1416 2514 1488 solum
2547 1415 2619 1486 in
2656 1414 2939 1510 longam
2967 1413 3115 1509 ejus
3153 1412 3341 1484 vitae

266 1545 619 1640 periodum,
653 1547 739 1617 ad
770 1546 1124 1641 octoginta
1160 1570 1380 1641 usque
1416 1570 1638 1618 annos
1674 1547 2106 1652 productam,
2145 1546 2263 1617 sed
2296 1546 2366 1616 in
2394 1553 2618 1617 totum
2655 1543 2809 1616 XII
2842 1541 3105 1616 saeculi
3140 1540 3341 1635 thea-

261 1691 446 1775 trum3
475 1682 542 1752 in
580 1706 722 1776 quo
756 1680 962 1751 simul
1017 1703 1176 1751 cum
1228 1678 1664 1774 Hildegarde
1698 1682 2087 1752 consistunt
2135 1679 2529 1769 Pontifices,
2590 1701 2805 1772 regeS,
2863 1676 3339 1772 imperatores,

259 1807 532 1902 episcopi
568 1816 641 1878 et
681 1806 1014 1903 praelati,
1055 1806 1290 1878 clerici
1329 1814 1397 1878 et
1434 1805 1782 1897 monachi,
1820 1830 1902 1877 ac
1937 1806 2334 1878 saeculares
2366 1807 2867 1902 cujuscumque
2899 1782 3342 1889 conditionis,

262 1934 486 2027 quibus
529 1934 982 2029 prophetissa
1025 1933 1452 2005 Germanica
1487 1932 1783 2027 singulis
1830 1932 1975 2004 fere
2028 1933 2273 2004 diebus
2325 1933 2584 2004 direxit
2618 1930 2908 2041 monita,
2945 1930 3193 2021 minas,
3229 1927 3338 1998 in-

262 2065 687 2160 crepationeS,
743 2063 1068 2156 oracula,
1120 2063 1207 2135 de
1257 2062 1753 2158 qualicumque
1813 2072 2266 2157 argumento,
2330 2062 2419 2133 ab
2481 2060 2838 2133 altissimis
2895 2054 3341 2153 dogmatibus

265 2192 454 2262 saeris
507 2215 730 2286 usque
781 2191 873 2262 ad
935 2190 1317 2262 domestica
1367 2197 1436 2261 et
1488 2190 1761 2261 minuta
1813 2190 2116 2285 negotia.
2177 2188 2473 2275 Utinam
2525 2192 2829 2282 exurgat
2879 2206 3154 2280 gnavus
3213 2205 3335 2254 ve-

263 2328 460 2390 terum
515 2342 748 2390 rerum
802 2318 1218 2412 indagator,
1275 2318 1396 2411 qui
1446 2324 1760 2412 spartam
1817 2317 2002 2388 hanc
2059 2317 2443 2413 suscipiat,
2508 2326 2577 2387 et
2627 2337 2784 2385 cum
2845 2311 3122 2407 integro
3173 2308 3337 2381 Hil-
3397 2344 3406 2353 ·

266 2447 556 2541 degardis
609 2448 938 2542 registrO,
995 2470 1085 2517 ex
1137 2445 1380 2518 ordine
1431 2452 1820 2541 temporum
1885 2454 2172 2534 exact0‚
2230 2445 2513 2517 evolvat
2564 2451 2633 2516 et
2692 2440 3007 2515 conferat
3057 2446 3336 2511 caetera

263 2574 464 2644 omnia
516 2572 905 2647 duodecimi
960 2572 1220 2644 saeculi
1273 2572 1650 2644 tabularia!
1706 2573 1855 2645 Nos
1906 2573 2387 2646 Analectorum
2429 2572 2567 2667 legi
2619 2569 3078 2665 mancipatae,
3130 2589 3336 2663 opor-

267 2709 351 2769 tet
396 2726 571 2773 nova
625 2702 989 2792 anecdota,
1046 2708 1252 2797 prout
1295 2701 1556 2796 jacent,
1612 2701 2006 2793 rescribere,
2063 2701 2179 2772 hic
2230 2724 2396 2773 vero
2448 2699 2644 2771 brevi
2699 2705 2973 2777 tantum
3025 2695 3100 2767 in
3151 2719 3340 2767 com-

266 2828 490 2921 pendio
542 2830 800 2902 referre
843 2830 1178 2902 historica
1210 2831 1540 2923 subsidia,
1596 2855 1776 2925 quae
1812 2839 1934 2903 aut
1968 2854 2155 2903 nova
2192 2840 2315 2903 aut
2357 2831 2662 2921 clariora
2697 2837 2882 2922 sunt,
2938 2836 3007 2901 et
3058 2828 3337 2925 potissi-

266 2978 428 3027 mum
462 2959 547 3029 ad
589 2959 803 3030 vitam
846 2959 1091 3030 beatae
1126 2957 1581 3053 Hildegardis
1615 2959 1994 3055 pertinent.

1722 3218 1858 3289 ΙΙΙ.

350 3476 455 3546 Ab
487 3487 641 3549 ortu
670 3477 1063 3551 duodecimi
1097 3479 1381 3569 saeculi,
1418 3479 1491 3550 in
1530 3479 1902 3575 ipsolanno
1939 3479 2096 3572 MC,
2137 3486 2375 3552 natam
2412 3503 2559 3552 esse
2586 3478 3115 3574 Hildegardem,
3147 3501 3334 3550 com·
3407 3539 3408 3542 ,

266 3604 472 3674 munis
503 3616 623 3697 est,
664 3608 878 3678 etiam
919 3608 1110 3703 apud
1164 3631 1287 3680 nos
1338 3606 1439 3704 (p.
1480 3610 1643 3697 407,
1682 3610 1878 3705 435),
1933 3608 2283 3681 sententia
2317 3607 2824 3702 coaequalium,
2881 3607 3048 3679 dum
3093 3628 3333 3678 recen-

268 3723 482 3819 tiores,
549 3729 789 3824 aliquo
847 3731 1068 3827 ipsius
1124 3742 1411 3805 sanctae
1461 3733 1882 3822 testimonio,
1947 3741 2026 3805 ut
2086 3733 2383 3826 videtur,
2437 3732 2628 3825 fulti,
2704 3757 2966 3806 annum
3019 3732 3333 3805 natalem

270 3851 647 3965 MXCYIII
689 3860 799 3931 vel
837 3860 1166 3933 MXCIX
1200 3870 1544 3935 statuunt.

340 3980 625 4056 Matrem
683 3985 935 4058 habuit
995 3986 1447 4061 Mechtildem
1498 3991 1699 4075 (alias
1749 3992 2208 4087 Mathildem),
2269 3997 2546 4085 patrem
2597 4012 2764 4061 vero
2811 3988 3328 4078 Hildebertum‚

266 4109 541 4183 nobilem
586 4113 962 4186 vassallum
1017 4113 1309 4187 Comitis
1373 4114 1804 4211 Meginharti
1854 4118 1941 4189 de
1990 4117 2394 4213 Spanheim,
2451 4117 2523 4188 in
2577 4116 2993 4189 Palatinatu
3027 4123 3097 4189 et
3143 4116 3333 4189 dioe-

268 4238 388 4307 cesi
422 4238 852 4336 Moguntina.
890 4243 1298 4337 Parentum,
1334 4243 1531 4315 uberi
1571 4245 1901 4340 progenie
1932 4245 2352 4340 florentium,
2392 4247 2662 4320 decima
2697 4246 2846 4319 filia
2878 4246 3037 4343 fuit3
3080 4275 3110 4313 α
3147 4269 3333 4319 com-

269 4370 444 4439 muni
479 4373 834 4468 utriusque
870 4384 939 4446 et
972 4382 1359 4470 spontanea
1392 4376 1766 4466 oblatione,
1824 4377 1956 4473 ipsi
2008 4378 2179 4473 Deo,
2235 4378 2358 4474 qui
2393 4379 2696 4452 decimas
2745 4381 2878 4452 sibi
2913 4380 2987 4451 in
3031 4380 3186 4476 lege
3228 4379 3332 4453 of-

267 4491 418 4567 ferri
465 4501 840 4589 mandavit,
896 4511 1331 4597 sequestrata
1382 4503 1550 4598 (vid.
1590 4530 1670 4597 p.
1716 4510 1919 4603 408).
1972 4538 1999 4572 n
2045 4508 2238 4579 Inter
2273 4509 2422 4604 ejus
2456 4509 2710 4582 fratres
2759 4509 3099 4581 hactenus
3131 4509 3332 4604 igno-

266 4631 380 4718 τος,
425 4629 560 4722 jam
609 4656 797 4705 nunc
833 4633 970 4705 duo
1027 4634 1491 4723 innotescunt,
1549 4660 1846 4731 quorum
1898 4661 2082 4710 unus
2134 4638 2268 4710 fuit
2318 4639 2390 4709 in
2445 4648 2681 4710 monte
2717 4637 2787 4710 S.
2831 4636 3150 4708 Disibodi
3185 4659 3333 4709 mo-

265 4749 510 4823 nachus
557 4753 653 4852 (p.
713 4758 906 4850 578),
961 4758 1160 4849 alter,
1216 4759 1431 4856 Hugo
1486 4762 1787 4852 nornine,
1843 4771 2089 4836 cantor
2142 4764 2213 4836 in
2265 4765 2557 4837 ecclesia
2604 4762 2992 4837 cathedrali
3037 4763 3333 4859 Mogun-

271 4878 409 4951 tina
440 4884 531 4981 (p.
570 4892 757 4984 579);
811 4892 1065 4985 quibus
1098 4894 1399 4967 addendi
1437 4906 1602 4968 sunt
1653 4898 1791 4970 duo
1842 4908 2149 4996 nepotes,
2204 4898 2599 4972 Wicelinus
2650 4901 3084 4973 Coloniensis
3137 4925 3335 4997 prae-

270 5010 513 5098 positus
545 5025 608 5089 et
639 5018 1073 5094 Gillebertus
1104 5025 1482 5097 canonicus
1515 5025 1617 5122 (p.
1660 5030 1849 5121 581).

364 5140 576 5233 Atque
631 5146 815 5218 intra
872 5141 1209 5242 paternae
1261 5151 1505 5223 domus
1558 5157 1968 5248 penetralia,
2029 5157 2362 5228 innocens
2397 5156 2634 5252 puella
2688 5164 2831 5228 tam
2886 5164 3336 5252 praematuro
