4036 6117
1644 529 2031 577 mamma.
3176 508 3305 571 453

373 655 556 718 Tunc
604 655 917 717 Matthias
964 670 1084 731 per
1131 653 1526 713 electionem
1570 651 1956 712 Divinitatis
1989 653 2167 711 sicut
2200 652 2391 726 gigas
2426 649 2738 724 surrexit,
2775 649 2935 725 quia
2964 648 3144 709 Deus
3179 647 3369 708 illum

283 764 509 838 posuit
545 764 611 822 in
647 764 863 823 locum
901 777 1096 839 quem
1132 759 1435 836 perditus
1469 759 1665 818 homo
1700 759 1932 819 noluit.
1969 759 2021 819 Ο
2056 756 2362 819 mirabile
2397 757 2818 833 miraculum,
2847 755 3025 833 quod
3054 756 3155 816 sic
3189 755 3255 816 in
3292 754 3371 815 il-

296 867 359 926 lo
394 867 835 943 resplenduit!

378 970 553 1032 Deus
602 973 780 1032 enim
830 973 1048 1048 ipsum
1102 970 1436 1047 praevidit
1486 972 1550 1028 in
1599 970 1944 1029 miraculis
1994 970 2161 1045 suiS,
2199 984 2350 1028 cum
2399 968 2690 1029 nondum
2726 968 3003 1030 haberet
3053 968 3369 1028 meritum

287 1076 718 1150 operationiS,
759 1076 873 1135 sed
910 1075 1298 1152 mysterium
1334 1072 1450 1133 Dei
1494 1073 1558 1131 in
1593 1073 1706 1132 illo
1741 1073 2060 1149 gaudium
2111 1074 2367 1148 habuit,
2419 1072 2597 1150 quod
2635 1074 2807 1133 idem
2839 1090 2959 1151 per
3007 1073 3369 1134 institutio-

293 1195 441 1238 nem
478 1197 667 1240 suam
704 1196 832 1240 non
868 1179 1176 1239 habebat.

375 1284 426 1344 Ο
461 1284 773 1359 gaudium
827 1284 1249 1360 gaudiorum,
1300 1280 1476 1359 quod
1509 1280 1685 1341 Deus
1721 1281 1819 1340 sic
1853 1287 2193 1357 operatur,
2246 1298 2398 1342 cum
2430 1283 2757 1343 nescienti
2789 1282 3042 1342 homini
3075 1282 3364 1358 gratiam

289 1403 480 1447 suam
517 1388 860 1462 impendit,
899 1388 992 1447 ita
1017 1387 1194 1463 quod
1219 1386 1541 1463 parvulus
1567 1385 1783 1445 nescit
1816 1385 1928 1444 ubi
1957 1401 2239 1460 magnus
2264 1386 2471 1462 volat,
2501 1387 2692 1462 cujus
2720 1387 2863 1447 alas
2888 1385 3065 1446 Deus
3090 1385 3371 1462 parvulo

292 1491 548 1550 tribuit.

373 1593 548 1653 Deus
597 1595 775 1655 enim
825 1598 1097 1669 gustum
1146 1597 1209 1654 in
1261 1595 1372 1654 illo
1409 1593 1631 1667 habet,
1684 1593 1800 1669 qui
1850 1609 1922 1653 se
1959 1593 2181 1670 ipsum
2213 1595 2450 1670 nescit,
2503 1595 2661 1672 quia
2693 1611 2822 1654 vox
2853 1593 3000 1670 ejus
3035 1592 3119 1654 ad
3159 1591 3370 1653 Deum

285 1699 553 1770 clamat,
606 1700 780 1757 sicut
827 1697 1141 1758 Matthias
1180 1697 1356 1771 fecit,
1393 1698 1506 1772 qui
1541 1695 1727 1756 dixit:
1764 1696 1815 1756 Ο
1847 1695 2049 1771 DeuS,
2084 1697 2262 1757 Deus
2295 1713 2508 1773 meus,
2545 1698 2662 1775 qui
2696 1713 2799 1757 me
2832 1695 3104 1771 creasti,
3151 1694 3372 1756 omnia

291 1817 495 1876 opera
527 1818 674 1861 mea
711 1807 824 1860 tua
861 1807 1034 1862 sunt.

372 1904 558 1965 Nunc
591 1921 750 1982 ergo
783 1905 1070 1982 gaudeat
1104 1906 1317 1966 omnis
1351 1905 1650 1965 Ecclesia
1684 1905 1750 1965 in
1784 1904 2085 1978 Matthia,
2127 1921 2329 1981 quern
2363 1904 2538 1966 Deus
2574 1906 2640 1965 in
2676 1904 3000 1967 foramine
3027 1903 3374 1965 columbae

291 2011 387 2069 sic
422 2011 644 2086 elegit.
681 2011 906 2070 Amen.

1326 2232 1488 2296 LIX.
1543 2236 1636 2295 De
1687 2241 1912 2295 sancto
1963 2237 2328 2312 BonifaciO.

383 2460 434 2519 Ο
469 2459 789 2534 Bonifaci‚
828 2459 939 2519 lux
973 2459 1205 2518 vivens
1239 2458 1407 2518 vidit
1440 2465 1504 2518 te
1539 2458 1826 2518 similem
1856 2459 2000 2519 viro
2036 2459 2343 2535 sapienti;
2374 2474 2581 2535 puros
2616 2459 2871 2520 rivulos
2902 2474 2984 2519 ex
3008 2457 3141 2519 Deo
3168 2456 3373 2517 fluen-

288 2567 390 2624 tes
423 2564 507 2624 ad
541 2564 748 2624 Deum
784 2565 1131 2641 remisisti,
1166 2580 1321 2625 cum
1354 2564 1765 2625 viriditatem
1799 2564 2038 2624 florum
2075 2565 2333 2641 rigasti:
2371 2565 2545 2624 unde
2577 2580 2651 2625 es
2687 2564 2946 2625 amicus
2992 2563 3111 2624 Dei
3142 2563 3369 2624 viven-

285 2669 396 2742 tis,
433 2671 500 2728 et
531 2668 892 2744 crystallus
926 2669 1153 2729 lucens
1190 2669 1255 2727 in
1288 2669 1751 2728 benevolentia
1787 2670 2127 2728 rectarum
2160 2670 2448 2743 viarum,
2490 2670 2556 2729 in
2589 2669 2836 2746 quibus
2869 2669 3211 2745 sapienter
3256 2682 3370 2727 cu-

284 2777 584 2837 curristi.

1179 2988 1300 3048 LX.
1356 2988 1713 3068 Sequentia
1760 2990 1840 3049 de
1892 2996 2116 3051 sancto
2165 2988 2488 3051 Disibodo.

374 3201 427 3262 Ο
459 3201 730 3278 praesul
765 3217 966 3261 verae
999 3201 1318 3277 civitatis,
1357 3202 1471 3278 qui
1507 3203 1574 3261 in
1606 3203 1855 3278 templo
1891 3204 2235 3279 angularis
2273 3203 2517 3280 lapidis
2564 3202 2936 3263 ascendens
2986 3201 3052 3261 in
3083 3200 3365 3273 coelum,

289 3304 357 3364 in
391 3310 572 3364 terra
606 3309 989 3380 prostratus
1024 3303 1213 3364 fuisti
1246 3311 1523 3381 propter
1554 3305 1784 3366 Deum.

379 3408 476 3466 Tu
508 3407 904 3483 peregrinus
939 3425 977 3467 a
1010 3409 1265 3467 semine
1299 3408 1550 3482 mundi,
1587 3407 1985 3468 desiderasti
2017 3410 2171 3470 exul
2205 3409 2349 3470 fieri
2383 3414 2658 3487 propter
2692 3421 2989 3468 amorem
3023 3404 3292 3467 Christi.

376 3512 429 3572 Ο
463 3528 654 3573 mons
702 3513 974 3573 clausae
1024 3513 1289 3587 mentiS,
1342 3518 1414 3572 tu
1463 3512 1735 3573 assidue
1782 3513 2135 3590 pulchram
2187 3513 2428 3575 faciem
2478 3512 2805 3590 aperuisti
2841 3512 2910 3571 in
2957 3509 3228 3588 speculo
3263 3523 3372 3569 co-

288 3615 580 3676 lumbae.

374 3721 471 3781 Tu
520 3722 586 3780 in
634 3721 962 3782 absconso
1011 3720 1294 3796 latuisti,
1347 3720 1717 3783 inebriatus
1767 3722 1834 3782 in
1880 3721 2086 3783 odore
2135 3722 2397 3799 florum,
2434 3740 2556 3801 per
2596 3722 2932 3784 cancellos
2981 3720 3368 3780 sanctorum

286 3828 582 3887 emicans
617 3826 772 3888 Deo,

378 3931 429 3991 Ο
462 3932 724 3991 culmen
773 3932 840 3991 in
890 3930 1195 3991 clavibus
1245 3908 1442 4002 coe'li,
1493 3931 1669 4008 quod
1703 3936 1976 4007 propter
2006 3931 2433 4008 perspicuam
2467 3931 2675 3992 vitam
2710 3928 3027 3989 mundum
3073 3925 3371 3986 vendidi-

289 4035 400 4095 sti:
438 4033 562 4095 hoc
597 4036 964 4110 certamen,
1001 4035 1174 4095 alme
1208 4035 1574 4110 confessor,
1612 4050 1876 4111 semper
1909 4034 2119 4097 habes
2154 4036 2221 4096 in
2251 4035 2551 4097 Domino,

378 4140 454 4200 In
500 4147 617 4200 tua
663 4141 840 4200 enim
889 4145 1132 4216 mente,
1194 4139 1340 4200 fons
1388 4141 1586 4200 vivus
1635 4140 2015 4201 clarissima
2072 4142 2220 4201 luce
2253 4141 2654 4218 purissimos
2702 4138 2960 4199 rivulos
2992 4135 3221 4197 eduxit
3253 4149 3373 4210 per

287 4245 471 4305 viam
507 4244 770 4305 salutis,

382 4348 480 4409 Tu
518 4363 759 4424 magna
793 4349 1001 4409 turris
1034 4355 1188 4408 ante
1220 4350 1435 4409 altare
1468 4350 1711 4409 summi
1744 4347 1885 4425 Dei,
1922 4355 1990 4410 et
2022 4348 2225 4427 huJ'us
2259 4350 2470 4410 turris
2503 4348 2768 4409 culmen
2800 4344 3221 4408 obumbrasti
3253 4358 3373 4421 per

289 4452 547 4513 fumum
586 4459 985 4513 aromatum.

378 4554 430 4614 Ο
461 4553 797 4631 Disibode‚
834 4558 902 4617 in
937 4560 1048 4618 tuo
1082 4558 1333 4619 lumine
1365 4574 1485 4635 per
1517 4559 1820 4636 exempla
1855 4560 2004 4635 puri
2042 4561 2190 4620 soni
2224 4560 2525 4621 membra
2558 4558 2881 4620 mirificae
2928 4556 3148 4620 laudis
3196 4556 3375 4618 aedi-

296 4663 518 4725 ficasti
568 4665 634 4724 in
679 4665 938 4726 duabus
986 4667 1293 4743 partibus
1342 4682 1461 4743 per
1494 4667 1736 4726 Filium
1784 4666 2095 4728 hominis.
2133 4669 2207 4728 In
2240 4668 2374 4729 alto
2409 4673 2575 4742 staS,
2612 4682 2742 4727 non
2773 4664 3179 4728 erubescens
3220 4668 3374 4724 ante

292 4767 499 4829 Deum
536 4768 790 4841 vivum,
828 4775 895 4829 et
929 4772 1224 4847 protegis
1256 4771 1457 4831 viridi
1492 4787 1641 4831 rore
1676 4771 2027 4832 laudantes
2060 4771 2269 4832 Deum
2304 4773 2433 4832 ista
2466 4787 2653 4832 voce:
2692 4766 2695 4769 ⁴

379 4873 432 4933 Ο
464 4872 684 4933 dulcis
728 4873 890 4947 vita,
928 4880 995 4934 et
1027 4891 1064 4934 o
1100 4875 1295 4935 beata
1327 4876 1849 4950 perseverantia,
1901 4892 2075 4952 quae
2126 4877 2190 4935 in
2240 4876 2367 4937 hoc
2413 4876 2609 4938 beato
2642 4875 2959 4937 Disibodo
2999 4873 3370 4950 gloriosum

293 4976 519 5036 lumen
553 4991 818 5054 semper
851 4978 1221 5039 aedificasti
1254 4979 1323 5039 in
1354 4980 1634 5040 coelesti
1664 4980 2054 5042 Jerusalem.

383 5078 569 5139 Nunc
602 5080 691 5140 sit
723 5081 871 5141 laus
903 5080 1060 5157 Deo,
1100 5082 1166 5141 in
1202 5081 1416 5143 forma
1449 5084 1769 5161 pulchrae
1804 5091 2123 5146 tonsurae
2157 5084 2446 5145 viriliter
2478 5087 2814 5160 operante.

381 5183 463 5245 Et
496 5187 765 5259 superni
803 5188 984 5246 cives
1019 5188 1352 5263 gaudeant
1386 5189 1467 5249 de
1501 5190 1607 5249 his
1641 5192 1755 5267 qui
1792 5207 1904 5252 eos
1933 5190 2059 5251 hoc
2093 5190 2288 5251 modo
2325 5191 2691 5251 imitantur.
