4036 6117
687 414 816 473 202
1784 417 1790 423 ·
1829 425 1880 468 s.
1943 424 2498 471 HILDEGARnls

614 550 846 622 figunt,
898 546 1148 605 nullam
1197 560 1427 604 curam
1460 534 1542 602 de
1592 544 1810 603 salute
1845 540 2547 603 animarum'suarum
2590 544 2933 617 habentes;
2986 552 3051 605 et
3087 547 3234 606 ideo
3268 549 3467 607 etiam
3519 540 3699 608 nulla

616 653 907 712 inventio
955 664 1317 725 pravorum
1352 664 1628 724 operum
1675 648 1973 723 ipsorum
2014 649 2079 707 in
2110 650 2248 707 ulla
2281 649 2574 709 utilitate
2608 653 2722 707 aut
2758 650 2823 708 in
2858 651 2991 710 ullo
3031 652 3269 712 merito
3304 653 3699 714 salvationis

611 763 739 829 est,
787 754 945 830 quia
981 758 1220 812 cuncta
1254 767 1425 827 quae
1462 751 1737 825 faciunt,
1776 759 1847 812 ut
1881 753 2209 813 carbones
2242 754 2743 829 extinguuntur,
2796 770 2872 814 ac
2908 757 2976 815 in
3008 758 3326 832 operibus
3374 759 3698 818 avaritiae

610 862 676 920 in
710 863 922 921 morte
957 859 1355 918 moriuntur.

2031 1077 2268 1143 XXXV.

1778 1291 1871 1351 De
1922 1294 2201 1351 tristitia
2249 1293 2517 1352 sacculi.

687 1504 791 1566 48.
829 1504 907 1563 Et
941 1502 1172 1579 quinta
1208 1500 1449 1574 imag0‚
1488 1499 1833 1559 tristitiam
1872 1501 2122 1558 saeculi
2160 1501 2567 1575 significans,
2605 1499 2713 1560 hic
2747 1503 3101 1562 avaritiam
3152 1506 3479 1581 sequitur,
3524 1505 3681 1582 quia

598 1630 746 1674 cum
776 1612 962 1671 avari
998 1626 1074 1666 ea
1110 1622 1280 1684 quae
1307 1605 1712 1673 desiderant,
1745 1604 1991 1664 habere
2020 1623 2148 1664 non
2182 1609 2487 1681 possunt,
2527 1607 2591 1665 in
2626 1607 2975 1668 tristitiam
3000 1603 3044 1686 ¹)
3078 1610 3397 1685 incidunt,
3430 1612 3514 1671 de
3547 1629 3679 1689 qua

595 1733 667 1776 se
703 1716 943 1775 leniter
975 1711 1287 1787 expedire
1321 1725 1449 1769 non
1481 1709 1888 1785 praevalent.
1923 1710 2003 1769 Et
2039 1711 2433 1770 muliebrem
2484 1709 2764 1770 formam
2799 1711 3021 1786 habet,
3060 1713 3142 1773 ad
3176 1716 3369 1791 cujus
3401 1717 3678 1777 dorsum

590 1821 792 1880 arbor
826 1823 982 1890 stat,
1021 1830 1192 1892 quae
1239 1820 1378 1873 tota
1413 1813 1600 1872 arida
1637 1813 1779 1872 sine
1831 1812 2011 1873 foliis
2046 1820 2172 1889 est,
2224 1816 2381 1890 quia
2432 1815 2498 1874 in
2548 1814 2832 1874 feminea
2884 1816 3235 1877 formidine
3285 1819 3677 1896 insipienter

590 1923 948 1984 stultitiam
985 1920 1417 1994 amplectenS,
1464 1932 1728 1976 omnem
1769 1917 2226 1976 fortitudinem
2258 1924 2325 1977 et
2373 1918 2680 1977 fiduciam
2718 1935 2909 1978 suam
2943 1920 3024 1979 ad
3074 1920 3503 1983 afflictionem
3538 1926 3676 1985 ani-

584 2030 675 2087 mi
709 2027 915 2102 ponit;
970 2039 1140 2100 quae
1173 2022 1350 2082 omni
1401 2020 1766 2093 viriditate,
1805 2021 1948 2079 sive
1981 2022 2160 2079 omni
2195 2022 2610 2096 protectione
2659 2016 3097 2083 beatitudinis
3132 2031 3339 2099 caret,
3375 2030 3444 2086 et
3476 2029 3669 2104 cujus

582 2132 790 2192 ramis
831 2129 1062 2189 eadem
1101 2128 1316 2199 imago
1368 2124 1652 2197 implexa
1686 2129 1815 2195 est,
1853 2124 2009 2199 quia
2059 2125 2687 2198 procedentibus-ex
2721 2141 2799 2184 ea
2848 2128 3443 2188 contrarietatibus
3493 2131 3668 2192 idem

576 2237 818 2297 vitium
854 2235 945 2293 ita
981 2231 1386 2305 implicatur,
1422 2228 1614 2302 quasi
1653 2228 1718 2284 in
1748 2225 2066 2285 felicitate
2096 2228 2201 2286 sit.
2232 2228 2395 2287 Nam
2432 2244 2659 2287 ramus
2695 2245 2864 2288 unus
2900 2230 3220 2289 verticem
3246 2232 3489 2307 capitis
3520 2232 3667 2307 eJus

577 2338 854 2414 obtegit,
900 2336 1014 2411 qui
1064 2331 1378 2391 contritio
1426 2335 1551 2405 est,
1607 2330 1868 2389 initium
1901 2336 1966 2388 et
2016 2329 2472 2390 summitatem
2516 2333 2837 2390 mentium
2873 2332 3214 2392 hominum
3251 2335 3519 2395 illorum
3552 2338 3668 2412 qui

577 2443 810 2503 eodem
845 2440 1019 2499 malo
1054 2441 1486 2511 occupantur,
1524 2432 1930 2509 opprimens;
1967 2439 2033 2491 et
2069 2450 2240 2493 unus
2274 2435 2520 2495 collum
2567 2442 2634 2494 et
2666 2439 2897 2509 guttur
2927 2436 3072 2511 eJus
3122 2437 3514 2512 circumdat,
3551 2439 3665 2515 qui

574 2546 976 2606 anxietatem
1011 2540 1389 2612 ostendenS‚
1421 2538 1624 2596 robur
1650 2552 1904 2611 eorum,
1934 2553 2063 2612 quo
2094 2537 2328 2612 jugum
2360 2537 2620 2597 Domini
2661 2538 2853 2611 ferre,
2890 2543 2956 2597 et
2988 2539 3397 2601 desiderium
3429 2557 3663 2602 eorum

570 2667 705 2727 quo
755 2647 974 2707 cibum
1014 2646 1191 2704 vitae
1225 2657 1461 2717 capere
1499 2642 1838 2714 deberent,
1891 2641 2311 2716 constringit.
2365 2642 2445 2700 Et
2479 2658 2650 2701 unus
2701 2644 2880 2702 circa
2929 2643 3234 2704 dextrum
3283 2643 3658 2720 brachium,

574 2770 746 2813 unus
794 2751 976 2810 circa
1027 2749 1375 2807 sinistrum
1411 2762 1482 2804 se
1531 2744 1848 2817 extendit,
1903 2740 2067 2820 ipsis
2118 2750 2340 2804 tamen
2389 2745 2685 2804 brachiis
2734 2763 2864 2806 non
2911 2748 3246 2821 expansiS,
3300 2748 3418 2808 sed
3452 2750 3536 2809 ad
3586 2766 3660 2810 se

569 2853 893 2918 collectis.
930 2851 1243 2928 quoniam
1282 2843 1534 2908 eisdem
1571 2848 1951 2906 hominibus
1990 2848 2270 2907 formido
2304 2849 2383 2907 ad
2422 2851 2692 2908 aeterna
2739 2855 2805 2907 et
2855 2850 3187 2925 spiritalia
3232 2849 3283 2929 ²)
3332 2868 3556 2927 opera,
3591 2858 3659 2913 et

567 2975 780 3038 pavor
827 2957 908 3017 ad
960 2955 1209 3014 caduca
1258 2959 1324 3013 et
1375 2952 1752 3012 saecularia
1801 2950 2146 3011 horrorem
2198 2952 2521 3025 immittit,
2576 2953 2667 3012 ita
2715 2953 2890 3028 quod
2941 2970 3062 3013 nec
3107 2954 3173 3014 in
3220 2955 3379 3031 illiS,
3432 2958 3654 3017 necin

564 3067 713 3148 istis
748 3065 1077 3136 laborare,
1122 3065 1237 3121 aut
1271 3076 1343 3119 se
1378 3060 1542 3118 bene
1576 3065 1641 3117 et
1693 3050 1969 3117 honeste
2018 3054 2301 3117 dilatare
2351 3058 2684 3132 studeant,
2723 3058 2840 3118 sed
2888 3060 3064 3135 quod
3115 3060 3181 3119 in
3233 3060 3496 3136 ignavia
3528 3078 3650 3138 per

559 3173 923 3250 pessimam
960 3166 1464 3243 oppressionem
1509 3163 1811 3221 cordium
1847 3178 2123 3222 suorum
2174 3179 2441 3221 manere
2476 3162 2897 3222 contendant.
2933 3162 3012 3221 Et
3046 3162 3173 3222 hoc
3224 3163 3476 3223 faciunt
3513 3180 3650 3224 ma·-

557 3277 754 3337 nibus
789 3274 873 3334 ab
920 3272 1172 3332 eisdem
1209 3269 1414 3328 ramis
1448 3267 1996 3341 dependentibus,
2050 3273 2116 3324 et
2152 3283 2405 3341 ungues
2442 3266 2523 3324 ad
2574 3255 3080 3325 similitudinem
3128 3266 3313 3326 corvi
3348 3266 3649 3326 habenti·-

556 3382 706 3452 bus,
742 3377 900 3453 quia
933 3391 1135 3450 opera
1184 3389 1416 3431 eorum
1452 3387 1492 3430 a
1524 3370 1889 3446 praedictis
1939 3368 2531 3430 contrarietatibus
2576 3370 2862 3444 superbe
2896 3370 3282 3440 eminentia,
3320 3371 3647 3445 asperita-

554 3491 691 3542 tem
741 3483 808 3540 in
850 3478 1218 3539 voracitate
1252 3482 1605 3550 protervae
1638 3473 2005 3547 nigredinis
2056 3475 2537 3547 demonstrant;
2575 3489 2724 3532 cum
2761 3478 2897 3532 tam
2948 3472 3390 3549 sibimetipsis
3439 3488 3641 3549 quam

552 3589 705 3648 aliis
752 3586 1003 3646 nullam
1053 3582 1478 3641 dilectionem
1528 3580 1954 3654 impendunt,
2007 3580 2320 3654 quoniam
2374 3580 2439 3638 in
2475 3580 2692 3653 laetis,
2730 3595 2851 3639 nec
2904 3580 2968 3637 in
3017 3580 3351 3654 tristibuS‚
3404 3596 3525 3639 nec
3574 3580 3642 3640 in

550 3689 920 3767 prosperiS‚
958 3686 1180 3746 necin
1229 3685 1534 3743 adversis
1584 3683 1790 3744 ullam
1838 3683 2305 3742 confidentiam
2356 3699 2622 3759 semper
2669 3683 2936 3743 habent.
2988 3683 3086 3743 Ab
3136 3683 3319 3743 illius
3370 3699 3640 3759 quoque

546 3796 781 3854 dextra
812 3797 1003 3867 parte
1050 3805 1276 3849 ramus
1310 3804 1507 3855 unus,
1544 3795 1611 3846 et
1645 3804 1683 3846 a
1719 3786 1995 3845 sinistra
2031 3792 2221 3860 parte
2256 3802 2427 3846 unus
2476 3787 2799 3863 procedit,
2837 3787 2951 3862 qui
2999 3791 3299 3845 ventrem
3335 3792 3402 3845 et
3435 3802 3635 3847 crura

545 3901 691 3975 ejus
726 3898 792 3957 in
826 3903 1289 3956 transversum
1338 3891 1892 3965 circumcingunt,
1929 3891 1995 3949 et
2030 3891 2316 3949 invicem
2364 3890 2920 3964 complectuntur,
2972 3890 3130 3965 quia
3164 3889 3278 3949 ubi
3327 3888 3646 3949 homines·

545 4003 608 4060 in
636 4000 912 4060 tristitia
948 3997 1200 4058 saeculi
1227 4000 1606 4072 pereunteS,
1636 4010 1756 4069 per
1781 3994 2161 4068 spiritualia
2188 3994 2371 4053 velut
2399 3994 2464 4052 in
2489 3993 2722 4053 dextra
2748 3992 3010 4052 defendi
3037 3991 3378 4067 deberent,
3410 3992 3501 4052 ibi
3535 3992 3632 4051 af·

539 4107 746 4167 flictio
796 4104 1000 4165 animi
1049 4103 1460 4162 dubietatem
1508 4105 1608 4160 eis
1661 4100 1982 4174 immittit;
2030 4106 2097 4157 et
2145 4099 2258 4159 ubi
2307 4101 2604 4159 carnalia
2651 4100 2836 4159 velut
2872 4099 2937 4159 in
2986 4099 3260 4160 sinistra
3308 4100 3629 4160 deberent

542 4210 857 4284 abjicere,
898 4208 990 4268 ibi
1023 4223 1289 4266 moeror
1324 4206 1489 4281 ipsis
1523 4205 1724 4265 etiam
1760 4219 1879 4279 per
1926 4203 2358 4263 afflictionem
2400 4205 2604 4264 animi
2636 4205 2915 4279 accedit,
2952 4221 3122 4280 quae
3170 4207 3373 4264 etiam
3405 4205 3628 4266 omnia

534 4314 1013 4374 conscientiam
1039 4318 1106 4371 et
1147 4309 1605 4370 fortitudinem
1633 4315 1766 4368 tam
1803 4308 2177 4366 animarum
2202 4325 2400 4383 quam
2430 4324 2785 4384 corporum
2814 4325 3045 4368 eorum
3072 4308 3196 4370 hac
3222 4316 3288 4369 et
3316 4311 3469 4370 illac
3504 4326 3624 4386 per

534 4421 781 4479 multas
807 4417 1237 4476 diversitates
1271 4413 1803 4473 circumferendo
1838 4415 2310 4488 comprimunt;
2347 4419 2413 4472 et
2447 4429 2617 4488 quae
2652 4413 2947 4489 pessima
2981 4415 3303 4473 societate
3350 4416 3416 4474 in
3452 4416 3619 4491 ipsis

533 4523 1050 4598 conjunguntur,
1104 4520 1196 4578 ita
1230 4519 1405 4594 quod
1450 4534 1569 4576 nec
1604 4518 1684 4577 ad
1719 4516 1947 4588 Deum,
1986 4532 2106 4574 nec
2141 4517 2220 4576 ad
2258 4518 2597 4576 saeculum
2634 4517 2923 4577 viriliter
2956 4517 3255 4594 tendunt;
3307 4520 3464 4595 quia
3498 4535 3622 4580 nec

533 4630 596 4687 in
644 4628 778 4686 Deo
813 4626 1034 4685 necin
1085 4623 1353 4681 saeculo
1406 4622 1613 4679 ullum
1664 4620 1981 4695 gaudium
2032 4619 2297 4694 habent,
2349 4636 2470 4679 nec
2504 4637 2675 4696 quae
2725 4621 2858 4679 sint
2906 4637 3108 4696 opera
3143 4639 3287 4696 sua,
3332 4623 3619 4697 pleniter

527 4728 973 4788 considerant.
1013 4725 1189 4784 Unde
1217 4728 1283 4782 et
1311 4723 1511 4798 pedes
1546 4723 1692 4780 vitii
1732 4722 1911 4780 illius
1940 4722 2142 4795 lignei
2169 4728 2345 4793 sunt,
2377 4723 2690 4798 quoniam
2726 4722 2926 4781 iidem
2949 4717 2997 4801 ³)
3036 4722 3338 4784 homines
3375 4725 3615 4783 itinera

528 4851 650 4893 sua
709 4833 892 4892 nulla
939 4828 1352 4889 correctione
1412 4827 1555 4900 spei
1602 4832 1668 4884 et
1719 4826 1996 4884 fiduciae
2047 4826 2422 4900 corrigunt,
2477 4827 2589 4885 sed
2642 4842 2719 4885 ea
2769 4834 2916 4901 post
2966 4827 3310 4886 tristitiam
3362 4829 3614 4888 saeculi

592 5098 632 5166 ¹>
661 5101 718 5152 in
748 5111 859 5152 om.
887 5093 960 5157 A.
991 5095 1080 5149 W.
1113 5123 1179 5132 --
1204 5094 1248 5157 ²)
1275 5090 1595 5163 spiritualia
1623 5088 1670 5142 A
1696 5091 2041 5146 constanter.
2073 5117 2140 5128 --
2165 5085 2208 5156 ³)
2236 5090 2375 5143 idem
2398 5089 2467 5151 A.
2498 5081 2590 5152 W.
2620 5089 2857 5145 solemni
2886 5088 3184 5162 scriptura.
