4036 6117
735 486 866 547 580
1889 505 1937 549 s.
1992 504 2529 551 urant-:cAnms

756 627 910 685 xvl.
966 627 1318 687 Caeterum
1367 632 1440 685 ut
1492 626 1760 686 residuo
1810 629 2136 703 epistolae
2184 636 2455 691 vestrae
2504 631 2802 690 breviter
2861 629 3334 705 respondeam,
3396 628 3571 689 hanc
3618 633 3745 689 tam

661 732 989 806 prolixam
1032 731 1169 807 jam
1220 731 1486 789 demum
1536 729 1960 800 concludam,
2014 733 2171 792 licet
2218 750 2342 794 vos
2395 734 2455 794 id
2506 734 2805 810 graviter
2841 733 3016 793 ferre
3049 749 3180 793 non
3218 734 3543 808 ignorem,
3579 732 3747 792 scili·

661 839 768 892 cet
815 834 972 909 quia
1025 834 1361 892 incassum
1414 849 1619 893 novas
1667 837 2101 909 quaestiones
2150 836 2230 895 ad
2284 837 2767 897 absolvendum
2815 836 3131 912 dirigitis,
3184 838 3298 913 qui
3333 841 3638 912 optatum
3674 835 3750 894 de

662 941 1008 1001 veteribus
1043 942 1343 1001 obtinere
1380 958 1508 1001 non
1544 942 1813 1015 valetis;
1861 948 1927 1001 et
1970 943 2148 1019 quod
2201 960 2303 1004 me
2353 946 2433 1004 ad
2485 945 2926 1006 insistendum
2977 951 3247 1005 sanctae
3299 944 3590 1004 feminae
3636 959 3747 1019 pro

663 1060 896 1105 earum
930 1046 1259 1105 solutione
1307 1045 1375 1104 et
1406 1046 1823 1121 expositione
1869 1052 2218 1122 tantopere
2264 1049 2542 1123 urgetiS,
2579 1063 2777 1124 quem
2813 1063 2941 1106 non
2978 1048 3219 1107 minori
3253 1063 3452 1123 quam
3489 1063 3616 1105 vos
3647 1045 3750 1103 de-

665 1147 912 1208 siderio
951 1148 1015 1207 in
1065 1148 1189 1207 hoc
1238 1147 1398 1206 ferri
1448 1164 1577 1207 non
1610 1148 1913 1221 nescitis,
1966 1150 2078 1210 sed
2118 1152 2350 1217 multa.
2399 1151 2565 1225 proh
2600 1150 2818 1211 dolorl
2872 1152 3209 1211 obsistunt
3254 1152 3433 1211 votis
3477 1151 3744 1209 nostris.

664 1251 875 1327 Super
919 1269 1052 1329 quo
1102 1268 1183 1311 ne
1232 1252 1588 1329 dubitetiS,
1641 1257 1708 1314 et
1754 1255 2014 1314 calvam
2068 1271 2171 1315 me
2222 1257 2439 1332 magis
2488 1272 2686 1333 quam
2737 1273 2963 1317 veram
3015 1258 3452 1333 praetendere
3502 1257 3748 1333 putetis

660 1360 1190 1418 excusationem.

750 1463 941 1522 XVII.
993 1462 1145 1539 Ipsa
1183 1478 1286 1521 me
1333 1462 1684 1522 obstacula
1733 1480 2011 1525 necesse
2062 1470 2167 1524 est
2202 1466 2593 1540 singillatim
2643 1466 2925 1526 edicere.
2975 1466 3270 1525 Primum
3321 1472 3448 1540 est,
3504 1464 3681 1541 quod
3714 1481 3749 1523 a

658 1571 1075 1646 puellaribus
1112 1571 1248 1632 fere
1296 1574 1488 1633 annis
1521 1573 1774 1644 divina,
1805 1582 1877 1635 ut
1913 1591 2086 1649 reor,
2137 1574 2663 1650 dispensatione,
2697 1575 2949 1634 Domna
2982 1575 3149 1634 haec
3181 1579 3509 1650 perpetuo
3545 1574 3755 1648 aegri-

664 1678 919 1737 tudinis
969 1679 1246 1738 verbere
1281 1680 1673 1755 castigatur,
1727 1681 1893 1740 adeo
1927 1686 2000 1740 ut
2050 1696 2214 1756 pene
2249 1697 2513 1758 semper
2546 1682 2789 1741 lectulo
2824 1682 3213 1755 decumbat,
3262 1686 3329 1740 et
3364 1695 3515 1739 cum
3557 1679 3757 1738 inevi-

665 1782 893 1841 tabilis
942 1783 1310 1842 necessitas
1343 1799 1490 1842 eam
1539 1785 1721 1859 cogit
1767 1768 1986 1857 exire,
2039 1786 2189 1861 plus
2224 1786 2510 1845 aliorum
2559 1786 2870 1845 manibus
2905 1801 3104 1861 quam
3140 1784 3425 1861 propriis
3473 1783 3752 1860 pedibus

665 1888 942 1948 feratur.
994 1887 1204 1947 Datus
1251 1904 1539 1964 namquo
1587 1893 1693 1948 est
1740 1889 1836 1948 illi
1887 1890 2213 1964 AngeluS,
2252 1890 2567 1949 stimulus
2616 1890 2993 1965 languoris,
3038 1890 3153 1965 qui
3186 1905 3331 1949 eam
3362 1888 3623 1963 jugiter
3654 1902 3755 1945 co-

661 1992 986 2068 laphizet,
1039 2009 1120 2052 ne
1154 1994 1218 2052 in
1268 1993 1722 2068 magnitudine
1757 1994 2244 2053 revelationum
2291 1995 2675 2069 extollatur,
2713 1996 2828 2054 aut
2861 1995 3070 2053 altum
3107 1993 3347 2067 sapiat,
3387 1992 3508 2051 sed
3546 1989 3755 2049 humi-

661 2096 836 2156 libus
869 2097 1265 2171 consentiat;
1301 2102 1370 2156 et
1404 2097 1793 2157 universum
1826 2102 2114 2156 stratum
2154 2098 2473 2172 ejusdem‘
2506 2098 2915 2158 infirmitatis
2963 2097 3200 2157 crebro
3249 2100 3594 2168 versante,
3644 2092 3755 2152 tri-

663 2203 873 2261 ticum
921 2208 1268 2277 purgetur,
1315 2207 1388 2261 ut
1418 2217 1776 2262 excussum
1810 2218 1849 2261 a
1881 2203 2076 2278 palea
2108 2203 2385 2262 coelesti
2420 2202 2662 2262 horreo
2698 2200 3119 2261 recondatur.
3155 2232 3243 2244 —
3275 2200 3485 2260 Porro
3523 2213 3753 2258 secun-

664 2305 822 2363 dum
859 2304 920 2363 id
975 2304 1037 2362 in
1073 2319 1152 2363 ea
1200 2309 1358 2365 vota
1389 2306 1620 2364 nostra
1671 2304 2039 2379 praepedit,
2075 2306 2250 2381 quod
2299 2321 2448 2363 eam
2481 2323 2520 2365 a
2555 2321 2746 2365 mane
2797 2320 2949 2379 suo,
2988 2304 3112 2363 hoc
3159 2309 3266 2362 est
3298 2321 3334 2362 a
3384 2301 3749 2379 primaevo,

668 2407 934 2484 quando
984 2410 1098 2467 alii
1148 2409 1374 2469 florem
1428 2410 1773 2485 inchoant,
1827 2411 1973 2485 ipsa
2017 2411 2156 2486 jam
2207 2412 2461 2471 succidi
2510 2414 2577 2472 et
2625 2427 2935 2472 arescere
2984 2411 3309 2487 coeperit,
3367 2425 3549 2469 nunc
3598 2411 3756 2468 tem-

667 2516 854 2590 poris
904 2530 1226 2588 processu
1263 2513 1346 2574 ad
1394 2530 1779 2591 vesperum,
1816 2516 1879 2575 id
1929 2520 2033 2576 est
2076 2522 2360 2576 aetatem
2413 2518 2595 2577 illam
2643 2517 2972 2593 pervenit,
3009 2516 3090 2575 de
3140 2530 3272 2591 qua
3318 2513 3553 2573 David:
3610 2513 3755 2572 Dies

659 2635 992 2675 annorum
1039 2626 1417 2676 nostrorum
1450 2620 1524 2677 in
1573 2620 1739 2695 ipsis
1774 2622 2197 2696 septuayinta
2242 2622 2429 2695 anni,
2482 2621 2539 2679 si
2586 2626 2812 2681 autem
2851 2623 2924 2679 in
2954 2617 3402 2695 potentatibus
3435 2618 3757 2693 octoginta

660 2723 847 2794 anni,
900 2726 962 2778 et
997 2722 1288 2797 amplius
1335 2739 1564 2779 eorum
1597 2721 1777 2780 labor
1824 2728 1886 2780 et
1922 2723 2129 2797 dolor,
2164 2718 2210 2799 ¹)
2263 2725 2580 2799 tantaque
2628 2738 2789 2797 prae
2835 2722 3201 2783 vetustatis
3244 2719 3650 2779 contritione
3695 2723 3758 2775 et

664 2828 1072 2903 jejuniorum
1125 2831 1573 2888 maceratione
1624 2830 2084 2891 imbecillitate
2131 2830 2436 2891 confecta
2484 2836 2612 2904 est,
2664 2836 2736 2890 ut
2771 2830 3087 2889 carnibus
3122 2828 3571 2903 consumptis,
3607 2824 3756 2903 pelli

664 2932 814 3005 eJus
851 2931 1039 2990 arida
1089 2948 1245 2991 ossa
1280 2931 1738 3007 cohaeserint,
1790 2934 2090 3010 nihilque
2136 2935 2317 2995 aliud
2367 2950 2568 3011 quam
2610 2933 3061 2993 omnimodam
3109 2932 3522 2991 excisionem
3557 2936 3627 2990 et
3660 2945 3760 2989 so-

663 3039 798 3096 lum
836 3036 1011 3113 quod
1046 3037 1104 3096 ei
1141 3042 1481 3112 superest,
1519 3038 1902 3112 sepulcrum
1938 3039 2238 3115 quotidie
2286 3040 2800 3115 praestolemur.
2849 3037 3011 3109 Quis
3044 3053 3083 3097 a
3126 3036 3246 3102 tali
3281 3036 3754 3109 instrumento,

662 3144 728 3200 et
762 3141 981 3200 scarie
1030 3139 1402 3199 senectutis
1434 3146 1502 3199 et
1549 3140 1992 3216 aegritudinis
2029 3142 2480 3202 terebratione
2530 3142 2881 3215 demolit0‚
2932 3139 3276 3200 doctrinae
3325 3139 3752 3208 suavitatem,

669 3251 734 3302 et
769 3259 900 3303 non
942 3245 1166 3318 potius
1199 3244 1566 3319 gemituum
1604 3245 2024 3321 eruptionem
2072 3247 2411 3322 expectet?
2452 3261 2601 3305 cum
2651 3261 2730 3304 ex
2767 3261 2891 3304 usu
2941 3245 3235 3304 sciamus
3271 3242 3449 3320 quod
3482 3248 3552 3303 et
3589 3242 3759 3302 cala·

662 3349 810 3409 mus
844 3357 1233 3426 quassatuS‚
1284 3355 1352 3410 et
1385 3351 1855 3427 quodcumque
1902 3368 2026 3412 vas
2065 3353 2395 3412 musicum
2444 3352 2636 3411 rimis
2671 3352 2941 3411 hiscens
2975 3351 3340 3427 aliquibus,
3390 3365 3522 3410 non
3555 3349 3759 3409 melo·

658 3456 838 3514 diam
872 3462 1130 3531 cantuS,
1185 3457 1302 3516 sed
1351 3457 1667 3518 stridoris
1715 3458 2205 3518 dissonantiam
2239 3460 2525 3520 emittat.
2554 3491 2642 3503 —
2667 3460 2965 3520 Tertium
3006 3475 3167 3519 vero
3204 3457 3514 3534 idemque
3549 3458 3755 3519 maxi·

653 3576 834 3617 mum
874 3561 939 3618 in
991 3561 1104 3618 illa
1139 3576 1328 3635 spem
1375 3568 1679 3621 nostram
1716 3562 1983 3622 fraudat
2031 3580 2068 3622 a
2116 3563 2452 3624 desiderio
2488 3581 2635 3639 suo,
2688 3564 2865 3641 quod
2914 3563 3241 3625 fidissimo
3278 3564 3511 3624 fratris
3544 3581 3756 3642 nuper

662 3665 958 3726 defuncti
992 3665 1318 3725 destituta
1350 3667 1621 3742 auxili0,
1659 3684 1811 3727 cum
1863 3669 1952 3727 sit
1986 3669 2229 3728 mulier
2279 3669 2562 3744 fragilis,
2608 3670 2821 3730 instar
2852 3669 3221 3745 gigantum,
3260 3669 3386 3730 sub
3420 3670 3623 3747 aquis
3656 3684 3757 3743 ge-

668 3784 871 3842 mere,
927 3768 990 3827 id
1026 3772 1132 3827 est
1166 3768 1302 3827 ritu
1333 3769 1635 3829 virorum
1673 3769 1970 3845 fortium,
2011 3771 2137 3831 sub
2171 3772 2605 3832 multitudine
2640 3772 2712 3832 in
2747 3774 3155 3832 monasterio
3198 3772 3480 3833 collecta
3513 3778 3586 3832 et
3636 3771 3759 3831 sibi

664 3871 1000 3947 imposita,
1029 3887 1109 3929 ex
1141 3871 1368 3932 debito
1403 3887 1604 3932 curae
1639 3874 2002 3948 pastoralis
2037 3874 2367 3950 laborare,
2406 3878 2904 3953 multorumque
2938 3878 3196 3937 servire
3228 3876 3553 3952 moribuS‚
3591 3882 3662 3937 et
3695 3878 3755 3936 in

663 3977 1187 4037 necessitatibus
1222 3992 1296 4036 se
1329 3977 1544 4051 ipsam
1582 3993 1710 4037 non
1744 3977 1888 4036 sine
1922 3979 2175 4054 ingenti
2205 3980 2657 4040 sollicitudine
2694 3980 3076 4058 impendere
3110 3981 3557 4057 compellitur.
3598 3980 3756 4041 Nam

660 4088 727 4142 ot
760 4098 908 4157 ego,
947 4086 1177 4158 utpote
1209 4098 1424 4142 novus
1460 4081 1678 4142 adhuc
1711 4082 2136 4143 theutonicae
2173 4084 2387 4144 incola
2415 4090 2658 4160 terrae,
2695 4091 2763 4145 et
2793 4086 3088 4159 disparis
3114 4084 3316 4144 homo
3351 4083 3646 4160 linguae,
3677 4081 3752 4144 ad

655 4187 1034 4262 plenarium
1065 4186 1161 4245 illi
1189 4185 1636 4247 ministerium
1663 4186 2108 4247 exhibendum
2140 4188 2202 4246 in
2229 4188 2537 4263 plurimis
2564 4189 2819 4249 deficio.
2849 4190 2926 4249 Et
2953 4189 3161 4249 abbas
3188 4189 3491 4248 coenobii
3518 4188 3754 4249 Montis

656 4291 871 4349 sancti
922 4288 1250 4364 Disibodi,
1288 4288 1369 4349 de
1418 4307 1549 4366 quo
1603 4291 1777 4366 ipsa,
1831 4306 1982 4350 cum
2032 4308 2070 4350 a
2120 4292 2399 4366 parvula
2450 4292 2543 4352 ibi
2591 4293 2851 4352 inclusa
2901 4292 3166 4367 fuisset,
3217 4292 3447 4351 divina
3494 4292 3755 4351 visione

653 4396 837 4466 exiit,
890 4403 957 4455 et
991 4398 1104 4458 ubi
1156 4401 1580 4459 necessarios
1627 4399 1854 4459 domui
1903 4415 2065 4459 suae
2098 4402 2165 4459 et
2216 4399 2574 4475 magistros
2622 4405 2690 4459 et
2738 4400 3083 4459 ministros
3131 4415 3213 4459 ex
3262 4398 3574 4458 instituto
3624 4399 3752 4457 Ma·

652 4501 914 4574 guntini
964 4502 1456 4580 archiepiscopi
1490 4521 1835 4565 assumere
1883 4505 2119 4580 debet,
2170 4505 2552 4565 nullatenus
2601 4511 2912 4583 acceptas
2961 4505 3183 4564 animo
3230 4504 3377 4581 ejus
3427 4518 3755 4578 personas

657 4608 980 4682 praebere
1028 4611 1429 4685 acquiescit,
1465 4611 1695 4670 dicens
1745 4611 2070 4686 injustum
2105 4612 2235 4671 sibi
2285 4612 2531 4687 videri,
2569 4618 2645 4672 ut
2684 4629 2804 4688 pro
2840 4612 2970 4671 alio
3008 4610 3341 4671 fulciendo
3378 4626 3576 4670 suum
3616 4610 3756 4685 ipse

659 4715 1165 4789 monasterium,
1205 4717 1458 4775 evulsis
1493 4717 1846 4789 columniS,
1883 4716 2192 4775 decidere
2227 4718 2544 4792 patiatur.

748 4817 964 4878 XVIII.
1017 4818 1197 4889 Quae
1233 4835 1384 4877 cum
1438 4820 1529 4878 ita
1564 4820 1730 4892 sint,
1783 4819 1954 4894 quod
1994 4836 2323 4895 personae
2358 4821 2514 4880 huic
2549 4822 2719 4881 senii
2769 4821 2970 4881 simul
3004 4823 3070 4881 et
3106 4820 3344 4896 morbi,
3382 4824 3455 4879 ut
3497 4819 3747 4879 dictum

658 4929 784 4995 ost,
841 4923 1037 4995 longo
1078 4923 1416 4982 fatiscenti
1468 4923 1905 4996 incommodO,
1942 4931 2007 4982 et
2059 4925 2265 4984 tantis
2314 4926 2644 4986 distentae
2694 4925 3270 5003 occupationibus,
3323 4923 3500 4999 quod
3554 4922 3759 4983 medi-

731 5176 771 5243 ι)
805 5175 888 5228 rs.
927 5175 1239 5236 mxxxix,
1285 5181 1363 5237 lo,
