4036 6117
738 477 867 534 (tus

1635 639 2121 762 'INDEX
2236 640 2771 768 RERUM

1995 878 2398 889 ——-——-

653 1121 1049 1181 Abstinentiae
1101 1139 1427 1197 responsum
1483 1125 1747 1179 adversus
1806 1124 1984 1180 Gulae
2041 1138 2153 1175 ver-

726 1211 793 1265 ba
824 1227 876 1283 p.
910 1214 994 1266 64.

654 1295 1007 1352 Acerbitatis
1049 1297 1233 1366 imago
1272 1314 1324 1369 p.
1358 1300 1442 1352 64.
1479 1295 1661 1352 Verba
1703 1297 1835 1350 ibid.
1883 1295 2060 1349 Poena
2102 1300 2159 1348 et

728 1382 1080 1454 poenitentia
1112 1387 1198 1445 92,
1230 1387 1314 1437 93.

653 1467 833 1524 Adam
875 1469 1146 1525 innocens
1190 1476 1342 1527 totus
1383 1468 1604 1524 lucidus
1651 1483 1703 1538 p.
1760 1472 1882 1529 173,
1921 1464 2156 1521 Carmen

723 1555 1063 1623 Angelicum
1093 1557 1315 1611 audivit
1354 1556 1485 1611 ibid.
1521 1554 1810 1609 intellexit
1853 1570 2011 1607 voees
2040 1552 2157 1606 ani·

723 1640 959 1697 malium
996 1645 1117 1705 141,
1143 1646 1265 1698 478.
1296 1641 1519 1698 Cre'atio
1546 1645 1667 1696 477.
1703 1640 2002 1709 Prophetia
2037 1643 2155 1695 174.

730 1729 909 1801 Sopor
941 1731 1062 1784 476.
1107 1728 1279 1784 Casus
1318 1735 1374 1784 et
1413 1727 1653 1783 exilium
1693 1729 1820 1787 473,
1868 1728 1991 1788 474,
2034 1729 2155 1780 478.

725 1814 889 1880 (Vide
913 1814 1089 1873 Adam
1132 1819 1195 1871 in
1219 1822 1464 1888 sequente
1489 1815 1667 1869 indice
1691 1815 2010 1875 nominum).

650 1901 866 1973 Agnus.
900 1907 1176 1974 martyres
1203 1908 1260 1957 et
1291 1900 1537 1968 virgines
1564 1915 1616 1971 p.
1651 1902 1777 1960 235,
1808 1902 1930 1951 237.

649 1988 1032 2062 Alphabeturn
1062 2003 1328 2044 arcanum
1359 2002 1410 2058 p.
1444 1988 1566 2040 497.

650 2077 729 2133 De
758 2075 1022 2131 Amentia
1051 2091 1104 2145 p.
1138 2077 1263 2128 476.

650 2161 875 2217 Amoris
901 2160 1168 2218 coelestis
1198 2160 1364 2215 verba
1395 2176 1446 2228 p.
1484 2162 1568 2219 10,
1603 2163 1684 2212 11.

646 2247 876 2304 Amoris
901 2247 1114 2304 saeculi
1147 2248 1331 2317 imago
1360 2264 1411 2319 p.
1452 2251 1533 2304 10.
1567 2247 1749 2301 Verba
1773 2247 1908 2301 ibid.
1942 2244 2159 2300 Descri-

722 2334 844 2406 ptio
873 2338 957 2391 34.
993 2335 1175 2390 Poena
1203 2340 1262 2390 et
1292 2333 1643 2405 poenitentia
1673 2336 1760 2389 43.

651 2420 852 2490 Angeli
879 2419 1082 2477 faciem
1103 2420 1199 2476 Dei
1220 2419 1534 2490 inspiciunt
1556 2422 1646 2480 25,
1665 2422 1784 2473 494.
1809 2418 1869 2473 [η
1893 2416 2160 2472 omnibus

714 2506 954 2579 judiciis
982 2508 1080 2564 Dei
1111 2508 1305 2563 laudes
1332 2508 1444 2562 Deo
1471 2506 1669 2561 dicunt
1698 2509 1784 2560 26.
1818 2503 1964 2559 Bona
1992 2518 2159 2574 opera

723 2594 1019 2651 hominum
1045 2594 1279 2649 laudant
1304 2597 1390 2648 27.
1421 2591 1767 2646 Hominibus
1796 2590 2004 2643 adsunt
2026 2605 2155 2645 cum

725 2682 938 2753 majore
958 2681 1267 2737 dilectione
1304 2680 1362 2736 in
1387 2680 1538 2736 Novo
1559 2694 1726 2749 quam
1756 2677 1811 2732 in
1836 2677 2032 2732 Veteri
2060 2678 2163 2731 Te-

719 2771 1005 2823 stamenta
1028 2783 1080 2836 p.
1108 2770 1194 2821 26.
1219 2766 1426 2832 Quales
1448 2765 1772 2834 angelorum
1801 2761 2010 2818 formae
2034 2767 2155 2817 391.

726 2852 950 2910 Creatio
977 2854 1098 2907 468.

649 2938 888 2998 Animae
915 2937 1129 2996 creatio
1157 2954 1207 3009 p.
1242 2940 1362 2993 469.
1397 2936 1561 3021 Vires
1590 2939 1713 2991 472.

651 3025 890 3083 Animae
918 3031 1244 3081 sanctorum
1274 3039 1505 3095 corpora
1536 3039 1633 3079 sua
1673 3024 1920 3095 recipere
1948 3023 2161 3079 deside-

723 3121 852 3171 rant
880 3132 932 3187 p.
965 3120 1055 3177 29,
1087 3119 1171 3170 78.

647 3203 886 3260 Animae
913 3202 1166 3274 perditae
1200 3201 1257 3255 in
1285 3199 1574 3255 oblivione
1610 3204 1942 3269 permanent
1983 3214 2036 3268 p.
2069 3199 2153 3249 42.

644 3290 724 3346 De
751 3289 1112 3345 Antichristo
1143 3304 1193 3358 p.
1228 3289 1354 3347 483,
1385 3288 1510 3347 484,
1540 3288 1665 3346 485,
1696 3287 1798 3338 486
1827 3290 1934 3339 etc.

646 3375 863 3431 Annuli
894 3372 1193 3446 pastoralis
1219 3370 1527 3442 descriptio
1554 3371 1853 3438 allegorica
1886 3389 1940 3441 p,
1971 3375 2094 3426 586.

649 3465 844 3535 Aquae
872 3464 993 3518 laus
1021 3478 1073 3533 p.
1112 3464 1233 3522 190,
1268 3463 1390 3521 191,
1423 3461 1547 3520 229,
1577 3461 1698 3512 288.
1734 3457 1898 3511 Vires
1923 3455 2159 3527 quinde-

719 3550 832 3607 cim
860 3551 983 3604 472.
1016 3547 1349 3619 Symbolum
1381 3544 1771 3618 poenitentiae
1799 3549 1921 3599 229.

648 3634 890 3706 Aquilae
920 3632 1113 3695 facies,
1144 3632 1382 3687 scientia
1412 3631 1511 3685 Dei
1543 3648 1594 3701 p.
1634 3636 1714 3686 17.

647 3721 737 3776 Ab
764 3719 1048 3790 Aquilone
1077 3718 1288 3772 malum
1318 3733 1370 3786 p.
1404 3719 1528 3777 343,
1558 3720 1684 3779 354,
1713 3720 1838 3778 468,
1870 3722 1993 3775 556.

646 3807 813 3861 Astra
845 3805 902 3860 in
931 3811 1321 3874 contemptum
1350 3801 1591 3857 Luciferi
1618 3814 1801 3858 creata
1827 3809 1952 3866 226,
1981 3809 2100 3861 472.

647 3891 941 3947 Avaritiae
967 3891 1150 3960 imago
1178 3896 1293 3945 187.
1324 3891 1506 3945 Verba
1533 3892 1666 3946 ibid.
1690 3892 2009 3964 Descriptio
2037 3899 2154 3950 199.

723 3979 903 4033 Poena
934 3984 988 4033 et
1021 3977 1369 4049 poenitentia
1398 3982 1524 4039 209,
1548 3982 1670 4034 210.

655 4065 847 4122 Baculi
878 4065 1179 4136 pastoralis
1206 4064 1554 4131 significatio
1583 4083 1634 4135 p.
1665 4069 1791 4120 585.

650 4154 727 4208 De
753 4150 1047 4222 Baptismo
1074 4157 1129 4205 cl.
1158 4149 1599 4206 circumcisione
1629 4168 1679 4219 p.
1716 4155 1798 4205 72.

651 4238 954 4294 Beatitudo
981 4245 1306 4292 sanctorum
1341 4242 1464 4306 post
1492 4236 1716 4290 obitum
1756 4253 1808 4305 p.
1840 4241 1900 4291 21
1935 4237 2005 4293 cf.
2041 4244 2157 4292 nol.

718 4330 777 4380 et
806 4341 857 4396 p.
893 4330 982 4386 τε,
1011 4328 1138 4385 217,
1171 4328 1293 4377 2¹8.

646 4410 803 4467 Beati
833 4417 964 4465 ante
995 4410 1216 4476 Legem,
1245 4409 1299 4462 in
1331 4410 1470 4476 Lege
1498 4416 1554 4462 et
1586 4407 1641 4462 in
1672 4409 1954 4479 baptismo
1983 4427 2035 4482 p.
2065 4417 2148 4465 77.

649 4497 1037 4554 Beatitudinis
1070 4499 1235 4551 verba
1270 4515 1319 4566 p.
1353 4501 1440 4552 68.

642 4587 877 4659 capilli,
909 4595 1132 4659 peccata
1162 4603 1214 4655 p.
1249 4589 1335 4639 85.

646 4674 1026 4748 Capricornus
1054 4690 1106 4742 p.
1141 4676 1194 4734 9,
1229 4675 1318 4731 30,
1350 4675 1439 4732 31,
1467 4675 1556 4731 87,
1586 4672 1709 4724 454.

647 4759 946 4815 castitatis
978 4761 1144 4812 verba
1177 4775 1229 4828 p.
1270 4762 1386 4811 113.

644 4846 906 4903 Castrum
935 4846 1151 4902 Novum
1180 4844 1509 4898 Turonense
1539 4860 1588 4914 p.
1623 4848 1873 4898 588-590.

642 4932 874 4989 Cathari
908 4951 959 5004 p.
995 4935 1120 4993 348,
1155 4935 1279 4990 487.
1309 4933 1429 4985 488.

638 5020 958 5076 Charitatis
989 5018 1153 5072 verba
1187 5035 1237 5088 p.
1279 5020 1394 5070 107.

634 5106 923 5164 Christus,
969 5120 1062 5156 rex
1107 5119 1297 5164 regum
1332 5121 1380 5173 p.
1429 5107 1549 5158 338.
1601 5104 1846 5157 Verbum
1878 5110 1928 5157 el
1973 5105 2153 5159 Filius

714 5192 815 5249 Dei
855 5196 985 5252 539,
1015 5193 1136 5244 540.
1172 5190 1468 5254 DominuS,
1513 5206 1744 5262 magnus
1778 5191 2151 5264 philosophus

2318 1129 2374 1178 et
2416 1127 2729 1196 profundus
2775 1129 2980 1184 artilex
3024 1135 3126 1185 509
3177 1132 3321 1193 (vide
3359 1131 3528 1191 Deus.
3568 1129 3747 1185 incar-

2322 1212 2497 1274 natio,
2532 1212 2589 1269 B.
2623 1213 2798 1284 Virgo
2825 1222 2955 1274 etc).
2987 1216 3221 1270 Justitia
3252 1233 3377 1270 cum
3421 1216 3746 1284 virginitate

2322 1297 2378 1350 in
2406 1295 2637 1353 Christo
2664 1307 2858 1354 contra
2891 1301 3187 1355 Diabolum
3219 1309 3432 1372 pugnat
3459 1320 3513 1373 p.
3544 1306 3632 1357 29.
3664 1302 3747 1357 Fi-

2322 1382 2433 1436 lius
2462 1384 2559 1438 Dei
2594 1383 2649 1437 in
2679 1385 2843 1440 corde
2875 1386 3058 1440 Patris
3088 1388 3267 1440 latens
3296 1404 3349 1457 p.
3386 1391 3503 1443 157.

2245 1467 2718 1539 Compunctionis
2746 1471 2912 1526 verba
2944 1489 2996 1544 p.
3035 1476 3152 1526 152.

2234 1551 2589 1609 Concordiae
2620 1555 2785 1610 verba
2817 1573 2868 1628 p.
2909 1560 3029 1618 154,

2247 1636 2536 1694 Confessio
2606 1649 2963 1713 pcccatorum
3034 1644 3373 1698 Trinitatem
3446 1645 3749 1713 glorificat,

2322 1743 2373 1798 p.
2410 1731 2532 1786 217.

2248 1809 2613 1868 Constantine
2645 1814 2810 1869 verba
2840 1831 2891 1886 p.
2930 1819 3048 1870 151.

2249 1896 2621 1971 Contemptus
2651 1900 2846 1954 mundi
2880 1901 3045 1955 rerba
3076 1917 3128 1972 p.
3167 1905 3283 1957 154.

2248 1984 2648 2041 Contentionis
2692 1988 2877 2057 imago
2918 2004 2968 2058 p.
3003 1993 3088 2042 67.
3136 1989 3318 2044 Verba
3360 1993 3493 2046 ibid.
3544 1990 3750 2045 Descri-

2321 2070 2441 2142 ptio
2471 2077 2563 2136 67,
2589 2077 2674 2129 84.
2710 2074 2891 2128 Poena
2920 2079 2977 2128 et
3006 2074 3358 2143 poenitentia
3388 2080 3474 2131 97.

2243 2157 2472 2213 Creator
2497 2159 2688 2214 omnia
2720 2159 2776 2214 in
2806 2160 3035 2228 globum
3062 2161 3383 2230 composuit
3412 2179 3465 2233 p.
3498 2166 3591 2217 23.

2249 2244 2453 2300 Cultus
2479 2246 2580 2300 Dei
2616 2246 2780 2301 verba
2814 2248 2864 2316 p.
2903 2251 3020 2301 186.

2248 2331 2594 2404 Cupiditatis
2636 2332 2820 2400 imago
2859 2349 2912 2404 p.
2964 2336 3082 2386 153.
3128 2332 3310 2387 Verba
3353 2332 3485 2387 ibid.
3543 2329 3750 2385 Descri-

2322 2418 2441 2491 ptio
2468 2424 2554 2475 65.
2592 2421 2773 2473 Poena
2800 2424 2855 2472 et
2884 2418 3234 2489 poenitentia
3268 2423 3385 2472 178.

2249 2503 2427 2560 Curae
2468 2511 2818 2561 terrenorum
2862 2506 3045 2575 imago
3076 2525 3127 2578 p.
3165 2510 3282 2561 151.
3316 2505 3503 2560 Verba
3543 2521 3597 2575 p.
3635 2508 3745 2564 151.

2324 2596 2442 2646 176.
2500 2592 2820 2663 Descriptio
2869 2596 2988 2647 163.
3048 2593 3228 2646 Poena
3280 2595 3398 2646 175.
3454 2590 3748 2644 Poeniten-

2322 2676 2399 2731 tia
2432 2682 2550 2732 176.

2249 2766 2523 2821 Desiderii
2555 2766 2818 2821 coelestis
2847 2768 3012 2822 verba
3042 2784 3093 2839 p.
3131 2772 3251 2828 151,
3287 2771 3403 2823 152.

2250 2853 2673 2923 Desperatiouis
2703 2853 2888 2922 imago
2917 2871 2967 2924 p.
3007 2860 3125 2909 111.
3161 2854 3342 2908 Verba
3385 2858 3506 2909 112.
3544 2854 3754 2910 Descri-

2322 2937 2443 3007 ptio
2477 2942 2593 2993 125.
2628 2938 2807 2993 Poena
2836 2943 2927 3002 98,
2964 2944 3080 2996 136.
3129 2940 3488 2995 Poenitentia
3529 2946 3650 2996 137.

2248 3024 2395 3079 Deus
2421 3039 2535 3094 quo
2564 3040 2729 3080 sensu
2773 3025 3083 3096 paternitas
3110 3024 3184 3081 sit
3213 3031 3270 3081 et
3296 3026 3603 3089 divinitas.
3632 3043 3756 3083 con-

2323 3117 2402 3164 tra
2431 3110 2754 3166 Gilbertnm
2800 3111 3167 3167 porretanum
3210 3131 3261 3184 p.
3293 3119 3421 3176 539,
3449 3119 3579 3170 540.
3614 3117 3755 3170 Deus

2320 3197 2521 3267 plenus
2559 3204 2616 3252 et
2648 3198 2866 3267 integer
2905 3216 2967 3254 ac
2997 3206 3262 3255 aeternus
3296 3204 3419 3256 5⁴0.
3463 3203 3647 3256 Deum
3677 3219 3754 3256 ra-

2322 3283 2401 3336 tio
2431 3282 2687 3351 hominis
2708 3284 2929 3338 invenit
2957 3301 3053 3355 per
3081 3286 3333 3348 nomina,
3367 3287 3519 3341 sicut
3549 3295 3606 3341 et
3637 3288 3749 3359 ipsa

2323 3370 2469 3424 ratio
2511 3372 2671 3442 plena
2712 3378 2797 3425 est
2851 3371 3179 3426 nominibus
3217 3374 3338 3426 540.
3391 3373 3565 3433 Deus.
3609 3374 3751 3441 ignis

2318 3474 2555 3528 operans
2586 3462 2669 3513 19.
2706 3457 2858 3526 lgnis
2888 3474 3000 3528 quo
3039 3458 3223 3526 angeli
3257 3464 3313 3512 et
3343 3457 3525 3513 sancti
3558 3459 3755 3513 ardent

2318 3547 2404 3599 24.
2438 3544 2606 3605 Deus,
2639 3542 2726 3596 vir
2755 3544 3063 3615 praeliator
3095 3549 3176 3599 17.

2250 3629 2518 3685 Diabolus
2556 3629 2837 3700 quomodo
2876 3623 3147 3684 ceciderit
3190 3647 3241 3701 p.
3286 3633 3410 3686 482.
3456 3631 3753 3698 Quomodo

2324 3716 2612 3771 hominem
2658 3718 2964 3772 tentaverit
3002 3723 3092 3780 82,
3132 3723 3224 3782 84,
3268 3725 3388 3777 121.
3431 3721 3610 3775 Corda
3648 3739 3753 3776 non

2326 3804 2553 3876 inspicit
2580 3809 2664 3860 90.
2696 3806 3146 3860 incarnationem
3173 3823 3282 3860 non
3309 3809 3600 3875 cognovit,
3629 3814 3752 3871 273,

2320 3892 2441 3944 274.
2474 3889 2677 3944 Omnia
2707 3898 2890 3945 creata
2919 3907 3047 3946 cum
3081 3893 3294 3947 invidia
3327 3895 3494 3958 vidit,
3523 3897 3755 3965 etquod

2320 3980 2518 4036 scitae
2549 3979 2721 4041 videt,
2774 3980 3002 4050 perdere
3052 3987 3233 4036 tentat
3272 3986 3359 4037 29.
3411 3983 3542 4038 Post
3584 3984 3753 4038 tinem

2319 4067 2516 4122 mundi
2548 4067 2725 4135 magis
2751 4066 3080 4139 desperatus
3109 4072 3231 4123 223.

2157 4170 2160 4173 ·
2248 4153 2512 4220 Dialogus
2536 4153 2871 4223 sapientiae,
2892 4153 3280 4216 discretionis,
3306 4153 3755 4218 misericordiae,

2323 4239 2729 4310 temperantiae
2757 4256 2809 4310 p.
2843 4243 2965 4295 550.

2243 4324 2591 4395 Disciplinae
2624 4328 2788 4380 verba
2821 4344 2871 4396 p.
2913 4332 2994 4382 11.

2244 4409 2568 4465 Discordiae
2600 4411 2783 4481 imago
2812 4429 2863 4483 p.
2902 4417 3017 4468 154.
3052 4414 3234 4469 Verba
3264 4418 3399 4472 ibid.
3432 4417 3755 4491 Descriptio

2320 4503 2440 4560 166,
2477 4504 2593 4555 167.
2630 4501 2810 4555 Poena
2846 4505 2962 4556 179.
2998 4501 3357 4557 Poeniteutia
3388 4505 3525 4560 ibid.

2244 4584 2620 4641 Discretionis
2653 4588 2815 4641 verba
2847 4603 2899 4657 p.
2937 4591 3021 4641 69.

2246 4671 2517 4734 Ecclesia,
2551 4674 2680 4726 luna
2706 4691 2758 4745 p.
2787 4677 2872 4727 31.
2901 4673 3181 4728 Ecclesiae
3212 4675 3440 4743 praelia.
3468 4680 3594 4738 312,
3624 4680 3751 4734 489.

2320 4759 2376 4814 ἰη
2407 4761 2609 4814 ultimo
2645 4768 2908 4831 tempore.
2951 4765 3075 4823 311,
3106 4764 3227 4815 571.
3262 4762 3545 4817 Ecclesiae
3573 4763 3753 4819 schis—

2315 4846 3344 4916 nicita.⁴87,488.1nEcclesia,signnm
3367 4847 3641 4904 victoriae
3660 4854 3747 4906 30.

2247 4933 2535 4987 Elementa
2579 4941 2805 5003 peccato
2850 4933 3072 4991 vitiata.
3106 4951 3155 5003 p.
3206 4938 3326 4995 105,
3361 4938 3481 4994 106.
3516 4940 3635 4992 116.
3668 4938 3753 4991 Ex

2319 5027 2545 5091 peccato
2585 5019 2852 5086 originali
2903 5019 2956 5072 in
3002 5020 3160 5088 pejus
3202 5029 3416 5074 mutata
3464 5027 3581 5079 173.
3625 5024 3755 5078 Ele·

2315 5114 2501 5160 menta
2531 5107 2712 5175 angeli
2755 5107 3050 5160 continent
3079 5111 3200 5161 217.

2247 5193 2504 5264 Elephas,
2535 5191 2835 5261 allegorice
2864 5209 2916 5262 p.
2951 5196 3076 5253 355,
3108 5195 3227 5248 454.
