4036 6117
1344 525 1763 575 exrosvrio
1812 524 2479 572 EVANGELIORUM.
3246 510 3376 570 2053

364 650 582 726 culpa,
636 655 706 709 ut
743 650 845 708 vel
898 649 1243 708 minimum
1279 655 1625 722 peccatum
1664 649 1897 708 liceret
1931 663 2079 707 eam
2117 647 2336 706 facere
2372 648 2514 705 sine
2549 646 2869 721 periculo,
2907 665 3071 723 quae
3107 648 3445 721 cadebant,

373 756 432 813 id
462 761 565 813 est
594 760 981 830 supersunt,
1014 755 1103 813 ita
1132 759 1203 812 ut
1237 754 1548 829 voluptas
1597 753 1678 812 de
1713 754 1812 811 eis
1846 768 1976 812 non
2010 757 2229 826 curet,
2267 752 2346 809 de
2382 769 2632 823 mensa,
2668 750 2749 808 de
2785 751 3158 824 latitudine,
3195 754 3442 829 divitis,

359 862 421 919 id
457 864 560 921 est
608 862 997 937 voluptatiS‚
1034 868 1092 918 et
1145 876 1336 918 nemo
1371 860 1478 918 illi
1511 859 1730 928 dabat,
1768 860 1925 933 quia
1975 859 2041 916 in
2078 857 2494 932 incoeptione
2545 872 2665 915 sua
2699 870 2826 914 non
2864 855 3114 917 invenit
3157 855 3281 915 hoc
3318 858 3446 917 sibi

347 967 551 1025 licere
575 1014 589 1039 ,
641 982 762 1025 nec
796 983 914 1040 per
960 966 1376 1039 voluptatem
1413 964 1658 1022 hahere
1692 963 1909 1038 potuit
1945 963 2026 1021 ad
2065 963 2511 1031 saturitatem,
2550 961 2661 1019 sed
2697 967 2755 1017 et
2794 978 3008 1034 cauea,
3048 961 3110 1019 id
3145 967 3248 1020 est
3282 962 3452 1021 obli-

355 1072 465 1130 vio
501 1070 638 1144 Dei,
669 1071 844 1147 quod
873 1071 1067 1130 homo
1101 1069 1308 1128 Deum
1343 1068 1793 1142 obliviscitur,
1831 1065 2174 1125 veniebant
2212 1065 2275 1124 in
2310 1065 2771 1127 concussione,
2810 1073 2871 1122 et
2908 1064 3264 1141 timebant,
3301 1081 3452 1141 per-

357 1172 678 1247 fundunt,
729 1174 958 1233 ulcera
1005 1170 1184 1247 ejus,
1238 1170 1595 1231 stultitiam
1647 1186 1819 1246 quae
1867 1168 2072 1229 Deum
2112 1170 2177 1228 in
2228 1184 2454 1229 amore
2497 1168 2721 1228 carnis
2771 1184 2898 1227 non
2936 1168 3276 1244 intelligit,
3330 1170 3448 1229 sed

352 1276 694 1336 demulcet
727 1284 793 1337 et
828 1277 1096 1338 dubiam
1136 1276 1296 1336 facit
1328 1283 1617 1335 mentem
1653 1274 1962 1334 hominis,

447 1380 720 1441 Factum
757 1389 850 1440 est
886 1388 1109 1440 autem
1143 1380 1474 1455 adjutorio
1509 1379 1661 1452 Dei,
1713 1385 1786 1437 ut
1822 1384 2215 1452 moreretur,
2258 1377 2320 1436 id
2355 1383 2458 1436 est
2491 1377 2824 1451 deficeret,
2861 1378 3233 1452 mendicus,
3273 1379 3452 1438 scili-

353 1489 461 1542 cet
496 1484 868 1559 suspirium
917 1483 1092 1559 quod
1134 1483 1260 1543 fuit
1308 1484 1373 1542 in
1407 1483 1642 1556 dubi0,
1697 1483 1790 1541 ita
1826 1488 1897 1542 ut
1946 1497 2139 1540 omne
2173 1481 2449 1540 dubium
2499 1481 2582 1540 ab
2614 1497 2691 1540 eo
2729 1482 3092 1557 recederet,
3133 1490 3193 1542 et
3225 1489 3452 1560 porta-

353 1595 542 1647 retur
572 1588 650 1647 ab
696 1590 971 1666 anyeliS,
1013 1588 1074 1647 id
1109 1590 1213 1648 est
1247 1604 1285 1646 a
1318 1587 1593 1647 coelesti
1628 1586 1984 1659 desideriO,
2037 1588 2109 1644 in
2145 1587 2387 1660 sinum,
2427 1587 2687 1645 scilicet
2723 1587 2787 1644 in
2820 1592 3088 1661 gustum
3125 1586 3447 1663 Abrahae,

352 1690 666 1750 videlicet
715 1691 878 1767 spei.
918 1693 1216 1752 Mortuus
1265 1697 1357 1749 est
1396 1698 1621 1749 autem
1669 1689 2036 1749 deficiendo
2070 1695 2131 1747 et
2166 1690 2345 1748 dives
2381 1689 2641 1748 scilicet
2673 1690 3008 1764 voluptas,
3046 1696 3105 1748 et
3143 1693 3448 1767 sepultus

352 1801 473 1868 est,
511 1795 574 1854 id
602 1802 706 1855 est
732 1794 1122 1870 suffocatuS,
1154 1799 1220 1855 ire
1251 1798 1538 1873 inferno,
1580 1795 1892 1854 videlicet
1929 1795 1992 1853 in
2028 1794 2267 1853 timore
2300 1793 2586 1868 Domini,
2624 1794 2782 1871 quia
2816 1795 3020 1855 timor
3048 1794 3309 1857 Domini
3346 1801 3451 1858 est

362 1901 557 1975 quasi
593 1900 894 1961 infernus
928 1902 1317 1979 voluptatis:
3486 1881 3509 1898 ⁶

447 2005 729 2066 Elevaus
778 2014 998 2067 autem
1036 2024 1306 2068 sursum
1354 2007 1668 2083 erigendo
1707 2008 1920 2067 oculos
1956 2025 2127 2082 suos,
2164 2006 2515 2066 scientiam
2552 2024 2762 2084 suam,
2802 2028 2950 2069 cum
2999 2016 3166 2070 esset
3201 2013 3273 2071 in
3322 2018 3455 2071 tor-

326 2113 596 2185 mentis,
627 2111 691 2171 id
725 2116 830 2172 est
862 2113 929 2172 in
954 2113 1455 2187 constrictione,
1492 2112 1652 2171 vidit
1691 2110 2041 2185 Abraham,
2095 2109 2353 2171 scilicet
2403 2126 2591 2188 spem
2625 2131 2666 2172 a
2698 2113 2908 2191 lonae,
2942 2113 3255 2175 videlicet
3295 2117 3455 2175 alie—

355 2231 459 2291 ne,
487 2211 532 2295 ¹)
560 2226 622 2277 et
660 2219 988 2279 Lazarum
1020 2219 1136 2296 qui
1169 2217 1376 2293 gemit
1403 2217 1469 2275 in
1496 2217 1694 2276 corde
1728 2232 1849 2276 suo
1879 2216 1959 2275 ad
1977 2214 2209 2290 Deum,
2245 2218 2317 2275 in
2345 2217 2521 2291 sinu,
2560 2216 2623 2275 id
2650 2218 2755 2277 est
2781 2218 2847 2277 in
2881 2223 3083 2291 gustu
3110 2216 3250 2294 ejus
3286 2220 3451 2297 spei.

446 2320 526 2380 Et
551 2324 690 2399 ipse
718 2324 1011 2382 clamans
1044 2322 1377 2399 ejulando,
1406 2322 1577 2381 dixit
1606 2336 1825 2380 orans:
1858 2322 2064 2381 Pater
2089 2318 2436 2395 Abraham,
2476 2320 2539 2379 id
2573 2323 2697 2397 est,
2729 2338 2767 2381 o
2801 2329 3078 2398 paterna
3113 2340 3291 2401 speS,
3329 2328 3455 2386 mi·-

359 2443 599 2500 serere,
652 2442 851 2502 parce
884 2425 1079 2500 mihi,
1132 2433 1194 2487 et
1228 2430 1439 2502 mitte,
1477 2425 1763 2486 concede
1803 2427 2127 2486 Lazarum
2177 2429 2550 2499 gementem
2585 2426 2666 2485 ad
2701 2424 2929 2501 Deum,
2980 2435 3052 2487 ut
3089 2432 3450 2508 intimum,

359 2528 617 2588 scilicet
650 2545 958 2606 saporem
991 2531 1267 2607 tribuat,
1305 2537 1682 2591 extremum
1713 2530 2191 2606 parvissimum
2226 2530 2415 2606 diqiti
2451 2533 2576 2605 sui,
2607 2546 2850 2591 causae
2879 2548 3064 2608 suae,
3100 2536 3171 2594 in
3206 2554 3455 2613 aquam

360 2635 423 2692 in
482 2636 674 2695 suavi
729 2635 1205 2711 blandimento,
1239 2642 1315 2694 ut
1347 2637 1720 2713 refriyeret‚
1781 2634 1873 2694 ita
1928 2637 2001 2694 ut
2060 2635 2352 2709 aliquam
2410 2635 2734 2695 laetitiam
2792 2635 3097 2711 habeam,
3150 2639 3453 2718 linquam

356 2757 594 2814 meam,
644 2739 958 2800 videlicet
991 2756 1195 2815 opera
1242 2756 1414 2816 quae
1446 2756 1566 2816 per
1598 2755 1743 2798 eam
1783 2738 1930 2812 feci,
1969 2742 2128 2817 quia
2160 2741 2452 2814 crucior,
2504 2739 2863 2816 deprimor,
2901 2744 2973 2802 iu
3022 2747 3143 2803 hac
3188 2745 3454 2822 flamma

360 2844 618 2903 scilicet
654 2844 718 2903 in
751 2844 1040 2921 pondere
1076 2845 1189 2905 illo
1224 2843 1399 2920 quod
1431 2841 1482 2923 ²)
1517 2843 1726 2902 Deum
1760 2845 1984 2902 timeo,

451 2949 532 3008 Et
582 2948 756 3007 diaeit
792 2949 1250 3022 respondendo
1299 2949 1405 3007 illi
1451 2948 1779 3023 voluptati
1828 2948 2153 3009 Abraham
2188 2964 2363 3024 spes:
2419 2948 2574 3022 Fili,
2610 2955 2809 3009 natus
2859 2950 2924 3009 in
2960 2967 3190 3028 carne,
3242 2971 3455 3014 recor-

362 3053 519 3112 dare
571 3052 987 3129 respiciendo
1021 3054 1177 3130 quia
1222 3055 1528 3130 recepisti
1565 3051 2057 3132 (habundabas)
2107 3052 2292 3126 bona,
2331 3052 2394 3112 id
2428 3056 2533 3113 est
2565 3053 2981 3116 dulcedinem
3027 3058 3100 3117 in
3133 3062 3271 3117 vita
3304 3066 3449 3129 tua,

367 3157 677 3217 videlicet
727 3157 790 3217 in
825 3157 1140 3232 operibus
1187 3158 1557 3217 voluntatis
1593 3162 1769 3230 tuae,
1821 3163 1882 3215 et
1922 3159 2211 3217 Lazarus
2260 3173 2554 3232 gemenS,
2608 3160 2918 3221 similiter
2951 3177 2987 3219 e
3037 3164 3268 3222 contra
3318 3182 3453 3222 ma-

365 3265 451 3336 ta,
487 3280 747 3324 omnem
776 3263 1074 3323 dolorem
1109 3265 1382 3339 propter
1431 3278 1726 3321 amorem
1759 3261 1896 3321 Dei.
1926 3263 2121 3322 Nunc
2155 3269 2377 3320 autem
2422 3262 2548 3320 hoc
2584 3270 2882 3338 tempore
2910 3267 3012 3325 hic
3046 3267 3449 3340 consolatur,

364 3370 519 3443 quia
568 3369 942 3427 claritatem
995 3367 1274 3427 fiduciae
1325 3366 1545 3440 habet,
1584 3373 1657 3424 tu
1707 3384 1857 3424 vero
1891 3368 2235 3440 cruciariS,
2286 3366 2352 3425 id
2386 3373 2491 3425 est
2542 3367 2606 3425 in
2643 3374 2897 3427 terrore
2948 3371 3348 3430 concuteris

454 3473 534 3532 Et
569 3475 639 3532 in
675 3475 774 3531 his
807 3470 1102 3530 omnibus
1136 3470 1639 3544 certaminibuS‚
1677 3473 1856 3529 inter
1889 3488 2027 3543 ηοε,
2063 3470 2178 3545 qui
2222 3468 2305 3529 ad
2340 3486 2445 3528 me
2482 3486 2669 3545 spem
2704 3471 3062 3546 pertinent,
3099 3478 3161 3530 et
3198 3491 3303 3532 vos
3339 3474 3455 3550 qui

366 3577 445 3636 ad
483 3577 887 3652 voluptatem
940 3575 1290 3653 spectatiS,
1330 3578 1516 3636 chaos
1565 3594 1898 3652 magnum,
1939 3574 2141 3634 idest
2178 3579 2543 3650 tempestas
2580 3576 2919 3651 vitiorum,
2954 3578 3293 3657 firmatum
3326 3586 3447 3653 est,

368 3681 428 3740 id
464 3687 568 3741 est
603 3683 953 3757 statutum,
991 3687 1062 3740 ut
1100 3684 1168 3741 hi
1203 3680 1316 3756 qui
1354 3681 1435 3740 ad
1470 3680 1674 3739 Deum
1713 3686 2008 3755 gemunt,
2044 3682 2156 3758 qui
2190 3681 2416 3740 volunt
2446 3681 2863 3757 respiciendo
2898 3683 2981 3742 ad
3019 3700 3450 3755 consensum,

365 3786 518 3844 hinc
550 3783 630 3842 de
680 3800 797 3860 spe
832 3800 1032 3860 quam
1076 3785 1153 3844 ad
1189 3783 1398 3844 Deum
1448 3783 1715 3858 habent,
1755 3787 2070 3856 transire,
2124 3784 2189 3843 id
2223 3787 2327 3844 est
2373 3784 2803 3861 descendere,
2842 3787 3019 3847 sicut
3053 3789 3273 3848 anima
3310 3805 3457 3849 cor-

366 3888 508 3964 pori
559 3889 915 3963 aliquando
966 3889 1334 3963 consentit,
1387 3889 1472 3948 ad
1518 3907 1648 3964 voa,
1700 3888 1813 3964 qui
1867 3889 1931 3948 in
1981 3889 2540 3949 concussionibus
2574 3891 2641 3948 et
2676 3890 2742 3949 in
2793 3892 3167 3951 terroribus
3224 3894 3449 3952 carnis

367 4001 628 4052 vestrae
678 3995 866 4068 estiS,
902 4013 1034 4053 non
1077 3995 1332 4071 possint
1370 4009 1528 4069 prae
1572 3994 1863 4070 justitia,
1902 3995 2214 4070 quoniam
2242 3995 2531 4053 virtutes
2558 3995 2744 4054 vitiis
2771 4011 2900 4054 non
2928 3997 3450 4070 cummunicant‚

367 4083 805 4177 neque‘inde,
845 4100 908 4159 id
945 4106 1049 4159 est
1082 4117 1119 4159 a
1170 4099 1580 4158 cruciatibus
1617 4099 1754 4158 illis
1793 4098 1856 4157 in
1891 4099 2138 4175 quibus
2190 4099 2252 4157 in
2286 4099 2473 4158 vitiis
2522 4100 2952 4174 cruciamini,
3002 4104 3128 4160 huc
3179 4100 3258 4160 ad
3297 4101 3453 4160 illos

367 4208 476 4282 qui
541 4207 603 4264 in
654 4222 771 4282 spe
822 4205 902 4265 ad
951 4204 1154 4263 Deum
1206 4202 1527 4279 gaudent,
1581 4210 2031 4278 transmeare,
2092 4205 2402 4280 quoniam
2453 4204 2618 4263 vitia
2673 4204 3038 4264 virtutihus
3088 4220 3219 4264 non
3276 4221 3458 4265 com-

371 4313 755 4371 miscentur.

459 4416 538 4475 Et
589 4419 680 4475 ait
716 4416 1026 4491 voluptas
1063 4417 1372 4475 tremens:
1413 4416 1583 4491 Roqo
1615 4415 1790 4474 enim
1827 4422 1911 4489 te,
1944 4422 2168 4492 pater,
2208 4417 2320 4490 qui
2358 4432 2544 4489 spem
2578 4416 2916 4491 designas,
2945 4423 3018 4475 ut
3044 4419 3275 4476 mittas
3301 4432 3454 4493 par·-

372 4521 576 4580 cendo
627 4520 841 4593 nobiS‚
894 4539 1068 4592 eum,
1126 4520 1185 4580 id
1222 4526 1326 4579 est
1376 4520 1745 4593 suspirium
1796 4520 1875 4578 ad
1923 4517 2155 4594 Deum,
2208 4522 2277 4579 in
2313 4521 2599 4594 domum,
2637 4521 2894 4581 scilicet
2940 4521 3006 4579 in
3042 4523 3456 4581 mansionem

371 4625 596 4684 Patris
643 4625 805 4694 mei,
857 4621 1171 4682 videlicet
1217 4621 1629 4699 cupiditatiS,
1671 4623 1760 4681 ita
1793 4628 1868 4680 ut
1900 4638 2139 4697 magno
2191 4629 2448 4681 terrore
2481 4623 2861 4698 perterrita,
2908 4640 2945 4682 a
2979 4624 3455 4699 concupiscen-

369 4729 479 4788 tiis
529 4728 674 4788 suis
725 4727 1100 4803 resipiscat.
1139 4726 1352 4788 Habeo
1399 4729 1576 4787 enim
1609 4728 1899 4804 quinque
1947 4728 2216 4804 fratreS,
2258 4725 2321 4785 id
2355 4732 2459 4785 est
2494 4727 2878 4801 societates,
2915 4727 3228 4786 videlicet
3262 4727 3457 4802 quin-

369 4848 497 4908 que
546 4848 787 4892 sensus
823 4831 1128 4907 corporis
1176 4831 1289 4907 qui
1326 4831 1488 4890 mihi
1538 4830 1856 4890 associati
1892 4837 2085 4906 sunt,
2136 4837 2208 4890 ut
2244 4837 2546 4906 testetur,
2602 4831 2665 4891 id
2702 4834 2806 4891 est
2854 4833 2926 4890 ut
2959 4831 3267 4892 ostendat
3316 4830 3453 4890 illis

369 4943 690 4996 terrorem
741 4935 1033 5010 aliquem
1067 4950 1187 5010 per
1228 4950 1424 5010 quem
1461 4941 1862 5009 terreantur,
1889 4927 1938 5013 ³)
1977 4939 2050 4993 ut
2098 4934 2181 4994 ab
2216 4934 2453 4993 ardore
2488 4934 3181 5009 concupiscentiarum
3217 4932 3453 5008 resipi-

443 5183 483 5244 ¹)
509 5184 706 5244 aliene,
737 5197 839 5236 vox
867 5182 1040 5237 dubia
1070 5182 1124 5236 in
1152 5182 1488 5254 apographo.
1545 5213 1586 5221 -
1614 5185 1657 5246 ²)
1687 5184 1836 5238 Fort.
1868 5200 1994 5255 qua.
2031 5214 2092 5222 —-
2123 5183 2166 5243 ³)
2195 5190 2429 5238 terreant
2455 5183 2575 5237 cod.
