4036 6117
778 495 904 554 5¹2
1929 508 1979 550 s.
2035 503 2578 553 nantoanms

1101 630 1443 698 quapropter
1465 626 1595 680 nolo
1617 622 1859 679 ulterius
1879 628 1945 678 ut
1965 621 2213 693 amplius
2699 623 2792 679 sed
2818 623 2963 679 idem
2993 622 3161 693 lupus

1105 727 1226 780 ego,
1258 710 1525 766 videlicet
1552 723 1836 765 summum
1866 709 2080 762 bonum
2699 710 2847 764 unde
2871 708 3042 763 etiam
3072 707 3227 762 illam
3259 705 3387 760 volo
3413 704 3621 762 habere

1103 798 1186 854 sic
1211 798 1359 853 Deus
1384 811 1496 852 non
1524 802 1627 852 est.
1665 795 1828 861 Quod
1854 799 1940 849 est
1967 794 2106 849 hoc?
2435 799 2540 850 ⁴¹⁴
2563 794 2631 851 A.
2673 794 2812 864 quid
2839 799 2924 848 cst
2952 793 3088 847 hoc?

996 881 1058 940 Β.
1102 883 1265 938 flabri
1298 883 1452 938 renti
2698 879 2976 946 abstergo,
3007 874 3364 946 gravioribus
3391 881 3582 931 autem

1101 984 1247 1039 quae
1273 974 1498 1024 exarata
2698 963 2883 1036 culpis
2912 963 3058 1020 dico.
3089 979 3122 1016 o
3148 962 3316 1016 homo

1105 1054 1215 1110 Sed
1241 1061 1300 1110 et
1327 1053 1386 1108 in
2698 1056 2756 1106 et
2781 1048 3189 1106 correctionem
3219 1052 3277 1102 et
3306 1047 3600 1102 ostendam

1103 1141 1248 1198 mihi
1279 1141 1536 1205 minaris,
1565 1141 1760 1199 dicens
2589 1136 2650 1194 Β.
2697 1137 2755 1194 in
2783 1135 3158 1209 perditionem
3190 1134 3299 1188 ivit

995 1228 1053 1284 C.
1100 1229 1256 1284 velut
1282 1228 1328 1283 si
1360 1245 1411 1299 p.
1444 1229 1500 1284 h.
1526 1242 1752 1285 cervum
1785 1227 1907 1281 vult
2698 1221 2981 1279 infernum
3012 1218 3181 1288 fregit

1106 1313 1257 1370 cervi
1289 1313 1470 1370 valide
1501 1314 1752 1370 truditur
2694 1308 2832 1381 quid
2860 1314 2947 1362 est
2972 1306 3111 1360 hoc?

1103 1397 1252 1469 quod
1282 1404 1337 1454 te
1361 1400 1579 1456 laedere
2592 1395 2650 1452 C.
2695 1411 2808 1450 non
2839 1391 3198 1449 transcendat
3221 1392 3336 1447 eod.
3364 1390 3467 1461 sol.
3506 1391 3599 1443 18.

1609 1581 1942 1653 QUARTA
1991 1579 2203 1640 VISIO
2250 1575 2559 1638 PRIMAE
2608 1575 2904 1638 PARTIS

841 1755 946 1810 ⁴¹5
975 1753 1042 1810 A.
1089 1754 1149 1810 in
1177 1754 1326 1810 vasis
1350 1753 1471 1810 suis
1499 1753 1584 1811 lac
2697 1745 2942 1821 turpiter
2971 1745 3189 1818 polluta
3218 1758 3341 1799 sum

1105 1856 1294 1896 caseos
1322 1839 1596 1896 facientes
2593 1840 2652 1897 C.
2697 1840 2802 1897 ach
2839 1836 3005 1893 mihi!
3039 1833 3173 1905 quia
3203 1848 3231 1888 a
3262 1837 3318 1888 te

1105 1923 1251 1981 casei
1282 1922 1471 1981 effecti
1500 1930 1635 1982 sunt
2702 1925 2888 1982 levius
2914 1924 3181 1979 dolerem.
3213 1918 3373 1974 Nunc

997 2007 1057 2064 Β.
1104 2009 1327 2066 vividae
1372 2010 1646 2068 motionis
1700 2011 1857 2068 dedit
1876 2054 1892 2075 ,
1942 2012 2024 2067 ita
2063 2011 2213 2083 quod
2707 2010 2787 2066 ita
2813 2009 3033 2081 quod...
3065 2019 3291 2079 possum

1179 2098 1334 2152 velut
1365 2098 1528 2167 ignea
1559 2114 1716 2171 spera
2464 2099 2468 2104 ’
2698 2095 2945 2166 effugere
2973 2093 3183 2167 possim

1108 2198 1207 2239 cor
1232 2183 1486 2254 ejusdem
1515 2184 1728 2241 formae
2696 2182 2993 2244 dixissem,
3028 2178 3104 2235 iri
3134 2180 3427 2246 angustam

1107 2268 1215 2326 Sed
1238 2268 1442 2326 deinde
1461 2270 1654 2328 eadem
1679 2269 1855 2327 forma
1880 2269 2130 2325 hominis
2148 2269 2217 2324 de
2593 2269 2659 2324 D.
2706 2267 2789 2323 ibi
2816 2268 2991 2323 etiam
3022 2263 3383 2322 considerans

1181 2361 1350 2413 utero
1381 2357 1632 2428 ejusdem
2701 2369 2826 2408 mea
2856 2358 3153 2420 tantasque
3178 2350 3293 2404 cod.
3322 2348 3423 2419 sol.
3464 2348 3558 2401 19.

1102 2457 1248 2512 quos
1280 2441 1400 2514 ipsa
1428 2460 1586 2515 spera
1618 2444 1674 2500 in
1703 2444 1893 2500 eadem
2704 2437 2832 2493 istis
2859 2435 3121 2509 perfusus
3146 2439 3235 2489 est

1108 2525 1339 2583 fortiter
1364 2529 1585 2584 restitit
2702 2539 2866 2578 nares
2894 2537 3047 2576 meas
3075 2517 3272 2587 tetigit

1106 2611 1188 2668 sic
1214 2612 1383 2670 dixit.
1414 2615 1532 2684 Ego
2702 2609 2869 2665 istam
2898 2607 3089 2663 adesse

1001 2696 1061 2753 C.
1104 2696 1361 2768 quinque
1388 2699 1677 2771 lapidibus
2700 2709 2831 2752 cum
2860 2691 3037 2749 tantis
3064 2689 3297 2746 fletibus

1107 2783 1372 2840 occidens
1398 2788 1480 2841 sol
1507 2793 1566 2841 et
1591 2787 1912 2844 occidentes
1940 2789 2135 2845 stellae
2439 2784 2545 2836 ⁴17
2572 2784 2639 2839 Α.
2681 2780 2831 2853 quod
2859 2779 3034 2836 etiam
3064 2792 3212 2832 mors
3240 2774 3338 2830 ἰΙΙθ

1110 2870 1345 2928 scalis...
1377 2872 1582 2943 positis
1606 2878 1664 2928 et
1692 2873 1963 2944 plateis...
1989 2874 2186 2930 stratis
2698 2871 3018 2923 commotus
3043 2868 3131 2919 est

1115 2957 1240 3012 ach!
1276 2958 1399 3013 ach!
1435 2957 1534 3012 ubi
1562 2964 1724 3031 capta
1750 2973 1874 3014 sum
2702 2950 2841 3021 quid
2873 2951 2970 3006 fiet
2998 2949 3066 3004 de
3093 2963 3184 3004 me

1003 3042 1070 3100 D.
1114 3042 1325 3101 bonore
1351 3046 1580 3101 carebat
2703 3038 2862 3092 velut
2887 3040 3127 3090 matrem
3155 3045 3336 3088 meam
3366 3029 3613 3087 viderem

1105 3130 1206 3202 qui
1235 3145 1325 3186 me
1350 3138 1651 3203 coeperant
2702 3137 2791 3178 me
2819 3122 2959 3177 istos

1108 3214 1367 3273 fecerunt
1394 3233 1482 3274 me
1520 3220 1707 3278 mand.
1738 3237 1802 3279 ac
1841 3221 1922 3276 ita
1953 3220 2012 3276 in
2039 3222 2220 3278 deser·
2703 3208 2802 3263 ubi
2831 3213 2917 3262 est
2945 3206 3053 3261 isla

2700 3298 2949 3348 nostram
2968 3290 3297 3352 habuimnS,
3316 3286 3397 3343 ita
3414 3289 3567 3359 quod
3588 3303 3786 3344 omnem

1182 3308 1305 3358 tum
1335 3304 1521 3360 locum
1546 3321 1636 3362 me
1664 3306 1960 3363 mittentes

2778 3380 3126 3434 voluntatem
3150 3382 3399 3430 nostram
3421 3375 3688 3447 perfecit?
3706 3375 3789 3429 Ec·

1107 3387 1176 3443 ad
1204 3390 1658 3447 manducandum
1686 3393 1897 3449 dabant

1110 3476 1357 3531 torcular
1384 3492 1474 3531 me
1501 3484 1774 3548 ponentes
2771 3482 2837 3521 ce
2865 3464 2964 3520 ubi
2994 3481 3144 3519 nunc
3171 3462 3469 3519 coelicolas

1107 3576 1199 3617 me
1225 3560 1573 3632 affligebant.
1600 3565 1813 3620 Deinde
1833 3569 2024 3622 autem
2052 3564 2222 3621 vesti·
2702 3567 2773 3607 ΠΒ
2800 3550 2966 3606 nobis
2993 3546 3241 3617 effugere

1185 3647 1291 3703 bus
1322 3649 1462 3704 meis
1489 3665 1578 3705 me
1605 3656 1876 3706 exuentes
2597 3637 2661 3694 Β.
2707 3638 3131 3709 subjeceramus

851 3736 957 3789 ⁴16
983 3731 1052 3788 Α.
1096 3738 1362 3787 venatum
1392 3748 1480 3788 me
1505 3734 1786 3790 miserunt
1822 3735 1920 3790 ubi
1949 3736 2223 3807 pessimos
2709 3722 2852 3779 illud
2882 3721 2944 3776 in
2968 3736 3082 3791 11⁰⁰
3110 3717 3345 3775 ⁰m⁰i¹¹⁰
3382 3732 3474 3774 ¹¹²0
3510 3718 3793 3775 ὅῧδθῡῦᾱθ·

1182 3824 1239 3873 et
1288 3833 1594 3875 venenosos
1645 3837 1860 3876 vermes
1881 3864 1895 3884 .
1960 3822 2224 3878 videlicet
2777 3824 2894 3865 ram

1184 3903 1568 3975 scorpionum,
1597 3904 1854 3976 aspidum
1892 3912 1949 3962 et
1975 3907 2218 3962 aliorum
2704 3896 2789 3952 ire
2823 3894 3076 3950 volebam

1182 3990 1461 4047 similium
1494 3993 1770 4048 vermium
1804 4009 1892 4049 me
1919 4010 2116 4066 capere
2145 3994 2220 4050 l'e-
2701 4000 2815 4039 non
2844 3985 3077 4055 possent

1181 4083 1415 4140 cerunt,
1467 4078 1567 4149 qui
1607 4094 1697 4135 me
1738 4084 1912 4135 totam
1956 4095 1999 4135 s.
2043 4095 2093 4135 v.
2138 4078 2217 4133 ita
2699 4070 2850 4142 quod
2882 4070 3023 4126 illud
3051 4069 3210 4124 nullo
3249 4067 3417 4124 modo
3451 4066 3793 4124 transvadere

1181 4170 1623 4235 consperserunt
1659 4165 1808 4234 quod
1848 4163 1980 4220 inde
2010 4163 2220 4219 debilis
2770 4158 2930 4231 potui

1180 4247 1467 4306 efficiebar
2700 4247 2849 4318 quod
2879 4261 2979 4300 nec
3009 4259 3108 4316 per
3134 4242 3299 4299 illum
3328 4244 3573 4299 transire
3602 4240 3742 4297 valui

1107 4336 1217 4393 Ubi
1247 4342 1333 4392 est
1361 4337 1541 4392 honor
1586 4340 1750 4393 tuus?
1779 4342 1917 4394 tunc
1955 4337 2079 4394 ach!
2123 4337 2218 4393 sed
2704 4332 2957 4403 ejusdcm
2987 4329 3156 4387 maris

1182 4436 1285 4490 ego
1316 4426 1430 4476 tota
2705 4419 2912 4474 habere
2938 4424 3192 4490 poteram

1109 4507 1381 4563 moeroris
1407 4507 1643 4564 silenter
1661 4508 1783 4564 dixi
2703 4507 2873 4563 ach...
2905 4507 3029 4563 acb!
3059 4521 3173 4578 quo
3198 4521 3288 4561 me
3318 4507 3563 4561 vertam?

1102 4593 1230 4648 ach!
1264 4593 1410 4648 unde
1441 4594 1553 4650 huc
1579 4595 1709 4651 veni
2391 4641 2408 4657 .
2706 4592 2930 4650 inimici
2958 4592 3072 4648 mei
3100 4592 3280 4661 magis

1115 4678 1387 4734 foetorem
1418 4680 1570 4736 bunc
1595 4694 1823 4751 aegrum
1850 4681 2087 4739 sufferre
2596 4679 2656 4737 C.
2698 4678 3041 4735 deridebunt
3072 4692 3182 4742 me,
3208 4677 3345 4748 quia

1110 4770 1449 4835 perungent.
1482 4767 1607 4821 achi
1637 4767 1769 4837 quis
1794 4767 1974 4824 dolori
2705 4763 2976 4820 flebiliter
3001 4767 3373 4820 clamaveram

1109 4849 1179 4904 de
1203 4863 1459 4905 moerore
1485 4865 1610 4907 meo
2699 4856 2758 4905 et
2802 4849 3071 4920 quoniam
3112 4848 3472 4906 dulcedinem
3513 4845 3792 4905 suavitatis

1105 4953 1170 4994 ac
1195 4952 1363 4993 omne
1388 4939 1536 5009 quod
1569 4938 1714 4994 vivit
2772 4937 2899 5007 ejus
2938 4952 3238 5009 parumper
3264 4953 3542 4993 senseram

1001 5024 1064 5080 B.
1106 5023 1237 5094 quis
1265 5036 1353 5077 me
1375 5023 1606 5094 juvabit
2696 5040 2724 5078 a
2754 5031 2934 5080 matre
2960 5041 3084 5080 mea
3112 5024 3378 5081 veniente

1108 5110 1174 5163 ad
1204 5108 1533 5164 memoriam
1563 5108 1776 5168 duxero
2703 5112 2836 5167 t'orti
2866 5127 3018 5168 eram

1111 5209 1240 5249 cum
1267 5195 1529 5250 recordor
2703 5206 2760 5257 et
2788 5201 3005 5273 quod...
3040 5200 3122 5257 ire
3148 5199 3308 5271 coepi
