4036 6117
711 484 793 548 82
1857 501 1910 546 Β.
1975 497 2531 549 ηειυεαΑτιῃιε

639 632 858 684 torum
895 624 1004 682 lux
1045 628 1178 696 tua,
1215 631 1367 681 eum
1401 633 1519 697 per
1553 619 1794 679 bonam
1827 626 1894 679 et
1929 627 2231 680 sanctam
2268 623 2445 682 viam
2482 621 2755 696 incedis,
2794 621 2885 680 ita
2938 621 3112 696 quod
3150 633 3378 683 cessas
3430 635 3737 699 peccare,

642 735 708 787 et
749 727 926 803 quod
977 727 1148 786 bona
1197 740 1399 802 opera
1453 725 1691 800 incipis
1740 725 2031 801 operari,
2084 726 2196 785 ubi
2248 727 2559 786 tenebrae
2609 734 3037 803 peecatorum
3088 726 3304 786 lucem
3353 731 3740 791 sanctitatis

640 850 768 894 non
802 832 1158 907 offuscant,
1210 831 1328 890 sed
1363 831 1478 890 ubi
1525 829 1731 890 etiam
1783 829 1880 887 illi
1914 830 2219 889 nolentes
2252 831 2575 891 serviunt.
2611 832 2793 890 Tunc
2825 832 3026 890 etiam
3078 831 3393 892 tenebrae
3425 835 3744 893 commis-

642 952 872 996 sorum
906 940 1198 1009 tuorum,
1236 934 1413 995 sicut
1448 933 1707 993 similes
1741 932 2071 1007 meridiei,
2108 949 2261 993 cum
2311 934 2394 993 ad
2428 932 2763 993 defectum
2794 934 3229 1007 descendunt,
3283 936 3441 1010 quia
3475 942 3549 995 ut
3578 943 3740 1012 post

642 1040 991 1102 meridiem
1039 1039 1185 1098 dies
1235 1037 1619 1110 inclinatur,
1671 1036 1764 1095 ita
1811 1036 2015 1095 etiam
2065 1042 2341 1112 peccata
2391 1043 2504 1097 tua
2552 1037 2885 1112 deficient,
2936 1043 3003 1096 et
3037 1037 3115 1097 ad
3169 1037 3456 1097 nihilum
3502 1053 3744 1114 perve-

639 1147 843 1206 nient.
876 1140 922 1223 ¹)
973 1144 1052 1204 Et
1087 1144 1186 1204 sic
1233 1143 1534 1219 requiem
1566 1142 1648 1201 de
1701 1141 1989 1201 inimicis
2025 1142 2160 1201 tuis
2210 1143 2332 1202 tibi
2363 1143 2549 1203 dabit
2591 1144 2811 1219 gratia
2857 1160 2984 1212 sua
3024 1143 3416 1204 Dominator
3465 1151 3739 1205 cuncto-

640 1268 813 1326 rum,
864 1256 931 1310 et
977 1249 1155 1308 Deus
1203 1248 1499 1309 omnium
1541 1253 2031 1322 creaturarum,
2083 1253 2150 1307 et
2183 1247 2309 1307 hoc
2346 1248 2543 1308 faciet
2577 1249 2643 1308 in
2679 1248 3184 1324 sempiternu1n3
3236 1249 3329 1307 ita
3362 1255 3435 1307 ut
3469 1249 3646 1308 ultra
3676 1246 3732 1327 ²)

640 1356 760 1416 tibi
794 1371 925 1414 non
956 1354 1402 1427 dominentur,
1440 1352 1558 1411 sed
1591 1357 1667 1410 ut
1700 1366 1816 1410 eos
1850 1358 1922 1411 ut
1958 1353 2327 1412 scabellum
2362 1352 2605 1429 pedum
2639 1360 2907 1413 tuorum
2940 1369 3205 1427 semper
3253 1344 3643 1427 conculces;‚
3666 1361 3737 1412 et

642 1462 740 1519 sie
776 1460 1077 1535 implebit
1110 1458 1387 1519 coelesti
1416 1457 1834 1533 jucunditate
1866 1462 1934 1515 et
1969 1457 2440 1533 splendoribus
2477 1473 2804 1532 supernae
2839 1459 3170 1518 claritatis
3199 1460 3492 1518 animam
3525 1465 3739 1532 tuam,-

555 1641 560 1647 ⁴
639 1562 823 1623 velut
857 1578 1092 1621 sereno
1141 1562 1246 1620 die
1281 1560 1783 1621 benefactorum
1833 1559 2264 1634 illustratam;
2302 1568 2368 1620 et
2403 1577 2561 1621 ossa
2609 1566 2747 1634 tua,
2786 1562 3046 1620 scilieet
3080 1578 3238 1620 ossa
3282 1560 3739 1648 membrorum

649 1672 940 1744 tuorum,
980 1684 1152 1744 quae
1204 1668 1376 1727 bona
1410 1683 1487 1725 ac
1537 1671 1770 1725 sancta
1805 1681 2007 1742 opera
2044 1668 2317 1741 operata
2352 1672 2529 1740 sunt,
2575 1685 2612 1726 a
2646 1668 3073 1742 corruptione
3108 1667 3446 1741 liberabit,
3478 1668 3743 1727 scilicet

642 1773 706 1831 in
743 1771 964 1832 futuro
1003 1769 1542 1843 resurrectioniS,
1581 1768 1672 1828 ita
1706 1768 1882 1845 quod
1921 1769 2096 1828 ultra
2131 1770 2443 1829 mortalia
2479 1785 2607 1828 non
2641 1776 2861 1842 erunt,
2900 1769 3015 1828 sed
3052 1769 3225 1845 quod
3277 1775 3511 1828 sancta
3543 1771 3610 1827 et
3647 1769 3744 1828 in·-

639 1877 1101 1954 corruptibilia
1133 1875 1449 1951 deinceps
1485 1873 1919 1935 vocabuntur.

2067 2089 2315 2148 XLIIII.

1937 2301 2030 2359 De
2084 2302 2455 2376 [inpietate.

730 2513 834 2578 53.
889 2515 1110 2577 Tertia
1145 2530 1306 2573 vero
1344 2511 1561 2587 imago
1602 2510 2012 2584 impietatem
2048 2503 2434 2585 denuntiat,
2456 2528 2627 2588 quae
2662 2513 2815 2588 post
2849 2509 3283 2572 acerbitatem
3322 2511 3427 2572 sui
3465 2511 3734 2586 incedit,

637 2624 796 2698 quia
830 2621 941 2682 ubi
977 2619 1312 2679 acerbitas
1364 2617 1428 2674 in
1463 2615 1800 2675 mentibus
1850 2613 2193 2674 hominum
2227 2622 2355 2690 est,
2411 2616 2499 2675 ibi
2547 2617 2857 2691 impietas
2907 2633 2979 2675 se
3014 2618 3337 2694 adjungit,
3390 2633 3562 2693 quae
3595 2617 3742 2676 nul-

641 2730 777 2787 lum
811 2725 1128 2803 gaudium
1165 2724 1231 2781 in
1265 2721 1458 2781 bonis
1491 2719 1752 2779 Domini
1775 2714 1825 2797 ³)
1856 2720 2330 2779 inconcussum
2365 2720 2668 2796 dimittit,
2700 2722 2814 2781 sed
2844 2738 3015 2798 quae
3048 2723 3269 2782 omnia
3299 2723 3494 2795 bona,
3533 2738 3743 2798 quan-

637 2833 779 2889 tum
810 2827 1179 2905 praevalet,
1216 2823 1517 2883 dilaniat.
1540 2822 1720 2893 Quae
1758 2821 2041 2882 formam
2076 2821 2365 2882 hominis
2403 2823 2625 2898 habet,
2647 2831 2922 2899 excepto
2950 2824 3127 2900 quod
3163 2831 3362 2898 caput
3395 2825 3609 2900 ipsius
3644 2825 3744 2883 in·-

641 2941 741 2995 ter
776 2933 1090 3009 scapulas
1128 2943 1287 2991 suas
1324 2948 1361 2989 a
1396 2936 1666 3005 pectore
1702 2928 2147 3002 proeminens,
2189 2935 2324 2987 tam
2361 2928 2572 2988 ferino
2607 2946 2809 3006 quam
2843 2930 3131 2990 humano
3165 2932 3369 3006 capiti
3403 2930 3740 2990 assimila·-

645 3047 774 3118 tur,
815 3039 1143 3118 quoniam
1198 3037 1340 3112 ipsa
1379 3035 1444 3094 in
1495 3033 1876 3095 hominibus
1927 3049 2238 3109 regnanS,
2291 3040 2358 3094 et
2408 3035 2670 3095 initium
2702 3030 2749 3113 ⁴)
2802 3052 2998 3095 suum
3042 3036 3108 3095 in
3140 3037 3550 3112 proprietate
3584 3052 3739 3095 con-

636 3146 956 3205 scientiae
1005 3158 1169 3202 suae
1204 3139 1574 3215 proferens,
1630 3138 1947 3197 bestiales
1993 3154 2072 3196 ae
2124 3138 2470 3197 mordaces
2521 3155 2744 3197 mores
2795 3138 2860 3198 in
2894 3146 3127 3213 aperto
3170 3139 3394 3213 babet,
3431 3145 3498 3198 et
3530 3139 3736 3198 etiam

633 3253 925 3325 dolosos,
964 3250 1087 3308 sub
1123 3247 1410 3305 humana
1446 3245 1667 3319 specie
1711 3245 2012 3304 latentes.
2052 3244 2289 3303 Veram
2326 3244 2503 3303 enim
2552 3244 2926 3303 doctrinam
2961 3251 3028 3304 et
3064 3246 3429 3305 bonitatem
3469 3262 3546 3304 ac
3580 3245 3736 3305 obe-

631 3359 950 3417 dientiam
998 3357 1064 3413 et
1111 3351 1617 3427 subjectionem,
1670 3365 1842 3425 quae
1879 3349 1944 3407 in
1991 3347 2124 3407 Deo
2162 3354 2337 3421 sunt,
2378 3350 2618 3421 renuit,
2658 3365 2735 3409 ac
2778 3350 3273 3422 pulchritudine
3318 3350 3626 3425 justitiae
3663 3351 3729 3408 in

633 3461 939 3538 omnibus
973 3466 1176 3517 caret.
1215 3458 1376 3516 Nam
1411 3455 1695 3531 grandes
1730 3460 1795 3513 et
1833 3455 2061 3529 igneos
2096 3455 2347 3527 oeulos,
2385 3461 2451 3513 et
2485 3471 2562 3513 os
2601 3462 2671 3513 ut
2721 3455 3077 3528 leopardus
3120 3455 3344 3531 habet,
3399 3458 3557 3532 quia
3593 3472 3735 3516 ma-

633 3583 831 3643 gnam
881 3564 1315 3640 asperitatem
1363 3577 1516 3619 cum
1551 3559 1827 3619 ardente
1879 3558 2104 3618 furore
2142 3560 2206 3617 in
2256 3559 2620 3617 intentione
2670 3576 2791 3619 sua
2834 3561 3214 3633 ostendens,
3269 3561 3489 3619 omnia
3532 3576 3735 3635 quae-

635 3684 921 3746 cumque
956 3667 1222 3742 poterit,
1259 3663 1540 3723 dilaniat
1573 3667 1639 3722 et
1671 3662 2016 3736 discerpit;
2058 3678 2177 3720 nec
2212 3662 2523 3737 gratiam,
2562 3678 2683 3721 nec
2717 3663 3249 3722 misericordiam
3280 3665 3443 3737 vult,
3475 3679 3594 3721 nec
3629 3680 3735 3721 sa-

635 3774 953 3849 pientiam
988 3771 1058 3830 in
1106 3767 1508 3828 discretione
1556 3765 1898 3841 discernit3
1950 3765 2068 3825 sed
2105 3770 2372 3826 sanctos
2418 3772 2487 3826 et
2515 3766 2731 3842 justos
2778 3765 3026 3841 ubique
3059 3767 3454 3825 conculcare
3496 3770 3732 3825 tentat.

634 3882 1050 3956 Quapropter
1081 3876 1283 3935 etiam
1319 3873 1402 3932 ab
1439 3876 1722 3948 utraque
1756 3872 2027 3931 maxilla
2063 3872 2234 3931 linea
2262 3873 2431 3946 picei
2465 3872 2712 3932 coloris
2739 3871 2820 3931 ad
2856 3874 3152 3953 mentum
3185 3871 3335 3947 ejus
3358 3872 3727 3948 descendit,

633 3989 949 4062 quoniam
998 3990 1136 4042 tam
1175 3982 1235 4038 in
1273 3978 1613 4038 frendente
1663 3994 1864 4054 quam
1902 3978 1967 4036 in
2016 3983 2334 4051 operante
2382 3976 2821 4036 mordacitate
2871 3978 3301 4036 tenacitatem
3347 3979 3736 4037 teterrimae

632 4099 700 4150 et
732 4090 1064 4165 pessimae
1099 4083 1467 4146 voluntatis
1504 4082 1727 4155 habet,
1763 4098 1936 4157 quae
1969 4081 2175 4140 etiam
2218 4081 2297 4139 ad
2338 4081 2788 4155 insipientiam
2839 4081 3071 4156 tendit;
3109 4082 3266 4157 quia
3319 4083 3383 4141 in
3419 4084 3728 4144 illusione

633 4192 1044 4267 deceptionis
1096 4190 1238 4248 sine
1278 4187 1526 4247 honore
1575 4185 1691 4244 Dei
1726 4187 1850 4245 est.
1887 4183 2010 4243 Sed
2061 4191 2127 4243 et
2162 4185 2246 4243 ab
2278 4190 2564 4260 utroque
2614 4184 2739 4243 fine
2778 4185 2919 4243 oris
2966 4184 3110 4260 ejus
3153 4188 3354 4259 caput
3381 4187 3737 4260 serpentis
3812 4244 3819 4249 ,

633 4296 981 4371 dependet,
1032 4292 1347 4369 quoniam
1393 4289 1601 4348 Deum
1650 4295 1716 4347 et
1767 4286 2100 4347 hominem
2150 4287 2651 4362 contemnende,
2706 4287 2899 4346 finem
2943 4286 3367 4346 mordacitati
3403 4303 3564 4347 suae
3604 4300 3742 4348 non*
3808 4359 3816 4365 ·

639 4400 937 4474 imponit,
968 4396 1081 4456 sed
1111 4410 1374 4469 semper
1400 4394 1480 4453 ad
1509 4410 1680 4453 nova
1717 4392 1905 4452 initia
1941 4391 2006 4449 in
2043 4391 2443 4466 serpentinis
2478 4391 2777 4451 moribus
2811 4391 3134 4466 procedit.
3164 4391 3242 4449 Et
3276 4392 3522 4451 multas
3556 4392 3740 4452 flam-

640 4523 780 4565 inas
807 4520 886 4563 ex
921 4519 1036 4563 ore
1064 4517 1183 4561 suo
1218 4500 1487 4573 emittit,
1518 4498 1676 4574 quia
1705 4496 2006 4557 ardentia
2037 4496 2260 4572 jacula
2286 4496 2645 4583 verborum
2675 4495 3056 4555 hominibus
3085 4496 3386 4571 imponit,
3414 4496 3572 4555 dum
3600 4512 3743 4555 om-

635 4613 831 4671 nibus
865 4609 1079 4668 modis
1112 4622 1226 4666 eos
1257 4603 1646 4663 furibundos
1677 4601 1854 4660 facit.
1884 4600 2070 4671 Quod
2105 4606 2328 4659 autem
2355 4616 2556 4675 super
2581 4616 2797 4676 genua
2823 4602 2944 4659 sua'
2970 4606 3128 4668 stat,
3159 4600 3419 4677 reliquo
3454 4616 3739 4676 corpore

635 4721 882 4786 erecto,
921 4712 1046 4770 hoc
1094 4708 1409 4784 estquod
1462 4704 1920 4765 fortitudinem
1957 4720 2148 4763 suam
2200 4703 2282 4762 ad
2317 4705 2651 4764 culturam
2703 4704 3035 4763 idolorum
3084 4704 3383 4776 inclinat,
3431 4719 3582 4764 cum
3619 4704 3738 4765 bo·-

635 4824 847 4882 mines
882 4821 947 4879 in
984 4819 1324 4891 impietate
1359 4814 1735 4873 saevientes
1772 4811 2076 4870 idolatris
2109 4810 2363 4869 similes
2403 4808 2633 4883 efficit;
2671 4826 2839 4886 quos
2873 4810 3076 4869 etiam
3120 4809 3213 4868 ita
3247 4809 3518 4884 decipit,
3556 4810 3737 4886 quod

635 4944 706 4987 se
736 4926 953 5001 justos
1001 4938 1148 4981 esse
1182 4928 1248 4980 et
1291 4919 1626 4995 justitiam
1674 4917 1894 4975 colere
1930 4915 2333 4974 existimant.
2385 4914 2566 4974 Unde
2599 4921 2667 4973 et
2700 4920 2901 4988 caput
2951 4928 3147 4972 suum
3190 4913 3380 4987 nigro
3416 4928 3494 4971 ac
3540 4914 3734 4986 piceo

633 5032 960 5094 velamine
997 5026 1307 5086 muliebri
1345 5038 1526 5082 more
1563 5020 1956 5094 circumdat,
1993 5019 2309 5094 quoniam
2346 5024 2599 5078 mentes
2636 5018 2979 5078 hominum
3014 5017 3365 5076 tenebroso
3401 5033 3478 5075 ae
3515 5017 3735 5076 tenaci

712 5189 752 5249 ¹)
778 5188 1100 5257 perveniunt
1129 5181 1217 5235 W.
1255 5181 1385 5245 -<'²)
1418 5182 1495 5233 ita
1521 5177 1669 5249 quod
1697 5175 1842 5229 ultra
1875 5171 1965 5228 W.
1999 5204 2068 5212 -
2091 5171 2135 5240 ³)
2166 5176 2223 5227 in
2249 5173 2402 5228 bonis
2430 5173 2601 5228 Deum
2628 5170 2692 5228 Α.
2735 5204 2793 5211 -—
2823 5171 2865 5239 ⁴)
2893 5179 2941 5228 et
2970 5175 3253 5228 inimicum
3276 5172 3343 5227 A.
