4036 6117
1312 486 1774 535 EPlsToLAmJM
1827 488 2012 533 Nova
2065 488 2312 534 semes.
3161 472 3290 533 575

356 590 584 651 Saluto
624 597 684 650 te
737 591 1287 666 praecordialiter
1321 608 1467 667 eg0‚
1522 594 1633 668 qui
1674 592 1840 651 hanc
1875 592 1994 651 tibi
2035 593 2277 668 scripsi
2328 591 2704 667 epistolam,
2759 583 2825 652 et
2859 594 2995 670 qui,
3049 610 3153 654 me
3189 595 3358 659 hanc

264 694 582 771 dictante,
619 696 901 772 excepit,
937 696 1224 756 dilectus
1264 698 1472 756 frater
1507 704 1760 771 noster,
1798 698 1969 756 alter
2003 712 2216 772 aeque
2256 697 2623 763 Wibertus,
2660 693 2704 773 ¹)
2743 700 3105 773 specialius
3132 707 3197 762 et
3226 704 3355 780 ipsi

266 803 648 862 orationum
687 809 952 861 tuarum
989 802 1313 877 suffragia
1347 809 1806 876 exposcentes,

358 909 666 969 Salutant
699 917 765 969 te
801 911 1029 969 dilecti
1065 912 1131 968 et
1164 925 1242 967 ex
1283 911 1449 968 facie
1484 911 1620 968 noti
1650 909 2009 969 dilectores
2050 911 2166 981 tui,
2198 907 2488 967 Domnus
2517 908 2787 983 Sigerus
2821 910 2900 969 de
2935 910 3179 973 Waura
3217 912 3266 992 ²)
3295 918 3364 977 et

267 1013 584 1074 Nicolaus
611 1015 827 1087 miles,
853 1015 1120 1090 juvenis
1146 1015 1226 1073 de
1257 1014 1426 1083 Niel,
1450 1030 1646 1090 quem
1676 1031 1826 1073 cum
1856 1015 2000 1088 ipso
2040 1020 2102 1070 te
2134 1014 2446 1071 visitante
2478 1013 2538 1071 in
2568 1014 3078 1089 quadragesima
3107 1018 3356 1081 vidisti.

355 1117 611 1178 Salutat
650 1126 712 1178 te
751 1118 959 1177 frater
992 1119 1266 1190 FrancO,
1310 1119 1614 1176 reclusus
1645 1119 1971 1177 ecclesiae
2006 1124 2301 1189 nostrae,
2346 1116 2523 1176 filius
2559 1117 2808 1191 probus
2845 1120 2906 1177 in
2961 1120 3251 1197 Christo,
3288 1130 3358 1185 et

271 1223 481 1282 frater
528 1223 884 1297 Robertus,
924 1225 1246 1297 languens
1297 1238 1599 1297 corpore,
1638 1221 1752 1279 sed
1791 1223 2023 1280 valeus
2060 1228 2300 1293 mente,
2342 1221 2407 1278 in
2453 1223 2671 1279 monte
2707 1222 2821 1296 qui
2855 1223 3104 1283 dicitur
3137 1225 3361 1289 Sancti

271 1327 558 1387 Wiberti
592 1326 951 1386 decubans.

359 1431 664 1490 Salutant
714 1436 777 1488 te
811 1431 1097 1490 domnus
1149 1432 1401 1505 limine,
1438 1430 1764 1489 ecclesiae
1817 1435 2087 1488 nostrae
2123 1429 2474 1503 presbyter
2516 1431 3032 1504 parrochianus,
3085 1438 3151 1495 et
3187 1437 3363 1497 alius

270 1537 542 1611 quidam
587 1536 875 1611 juveniS,
929 1535 1216 1593 dilectus
1268 1551 1480 1603 meus,
1533 1534 1726 1609 cujus
1775 1539 1841 1592 et
1876 1548 2114 1591 nomen
2150 1539 2216 1591 et
2249 1532 2407 1608 quid
2457 1533 2537 1591 de
2573 1550 2651 1593 eo
2702 1550 3057 1611 suggeram
3111 1539 3195 1599 ab
3248 1541 3363 1602 illa

273 1641 651 1715 poenitente
689 1641 964 1699 muliere
1001 1640 1424 1713 charissima,
1463 1647 1618 1698 nota
1651 1632 1699 1715 3)
1742 1639 1857 1697 tibi
1899 1637 2344 1715 familiariter,
2386 1639 2819 1700 intimabitur.

362 1749 443 1808 Hi
480 1764 712 1807 omnes
763 1748 1091 1821 speciales
1127 1752 1193 1805 et
1244 1748 1551 1821 proprias
1589 1746 1943 1821 petitiones
1978 1760 2099 1819 pro
2133 1746 2675 1818 necessitatibuS,
2715 1748 2960 1822 quibus
3015 1758 3357 1825 urgentur,

278 1870 449 1929 quas
484 1853 795 1911 evolvere
846 1852 1112 1926 longum
1149 1858 1351 1923 esset,
1392 1851 1732 1909 sanctitati
1772 1852 1923 1908 tuae
1964 1850 2245 1907 libenter
2294 1849 2732 1924 insinuarent,
2770 1853 2827 1910 si
2864 1869 2978 1911 ore
3013 1854 3091 1913 ad
3129 1872 3206 1915 os
3242 1858 3365 1917 tibi

273 1961 700 2035 aliquatenus
738 1958 916 2033 loqui
957 1959 1279 2029 valerent,
1319 1958 1493 2032 quod
1529 1957 1685 2032 quia
1722 1955 1985 2014 interim
2026 1956 2164 2013 fieri
2194 1971 2323 2014 non
2360 1961 2602 2029 potest,
2644 1963 2711 2015 tu
2747 1963 3040 2034 exorata,
3078 1978 3195 2036 pro
3234 1964 3367 2022 sin-

273 2067 451 2139 gulis
484 2063 691 2123 Deum
727 2065 831 2121 cui
869 2064 1091 2122 omnia
1126 2068 1277 2121 nota
1315 2068 1381 2121 et
1417 2061 1764 2137 possibilia
1803 2066 1978 2127 sunt,
2023 2061 2392 2136 interpello,
2430 2063 2762 2136 quatenus
2805 2062 2905 2121 eis
2942 2065 3006 2124 in
3048 2064 3213 2141 ipsis
3250 2068 3368 2127 tri-

276 2168 752 2240 bulationibuS,
804 2174 869 2225 et
929 2168 1213 2225 maxime
1262 2166 1507 2241 quibus
1557 2165 2005 2240 periculosius
2057 2166 2545 2238 angustiantur,
2600 2167 2773 2225 sicut
2814 2168 3006 2228 nobis
3055 2171 3365 2246 expedire

275 2277 426 2344 scit,
464 2274 726 2350 adjutor
760 2272 913 2348 pius
950 2272 1015 2331 in
1049 2270 1619 2344 oportunitatibus
1647 2269 2025 2338 subveniat,
2064 2268 2415 2328 conferens
2449 2276 2515 2327 et
2543 2270 2606 2328 in
2645 2271 2748 2328 bis
2777 2271 3148 2333 subsidium
3186 2278 3251 2334 et
3284 2276 3364 2335 de

275 2378 536 2454 reliquo
571 2376 1038 2436 remissionem
1070 2377 1520 2450 peccatorum,
1559 2373 2044 2431 correctionem
2099 2388 2352 2431 morum
2390 2378 2456 2431 et
2504 2373 2820 2446 gaudium
2857 2375 3360 2450 sempiternum.

276 2486 457 2553 Quae
491 2483 711 2540 omnia
746 2487 811 2539 et
846 2498 966 2540 sua
1003 2465 1413 2555 benignitate
1446 2486 1513 2538 et
1552 2479 1683 2538 tuis
1720 2479 2033 2553 precibus
2070 2484 2136 2536 et
2173 2479 2332 2536 milii
2369 2485 2434 2536 et
2470 2479 2574 2536 his
2612 2497 2727 2554 pro
2778 2481 3021 2555 quibus
3059 2483 3177 2541 tibi
3214 2500 3370 2557 sup-

277 2586 476 2659 plic0,
517 2584 853 2658 indulgeat
890 2572 1032 2658 ipse
1066 2585 1180 2658 qui
1215 2591 1317 2641 est
1354 2598 1555 2659 super
1588 2582 1808 2641 omnia
1847 2581 2236 2641 benedictus
2270 2580 2443 2639 Deus
2482 2581 2543 2639 in
2582 2583 2869 2642 saccula.
2909 2586 3134 2643 Amen.

1690 2796 1947 2854 CLXIV.

1115 3008 1467 3068 Guiberms
1523 3007 1811 3080 [indulso
1873 3005 2271 3064 villariensi.
2311 3001 2350 3084 ⁴)

359 3197 501 3252 Fuse
540 3195 776 3267 exponit
800 3210 903 3250 cur
939 3201 996 3249 et
1021 3193 1301 3264 quomodo
1326 3193 1394 3247 ad
1436 3192 1834 3261 Hildegardem
1880 3193 2120 3254 venerit.
2156 3192 2433 3247 undenam
2462 3191 2684 3247 duobus
2725 3195 2993 3249 manserit
3033 3196 3197 3251 aunis
3223 3195 3369 3269 apud

286 3301 432 3350 eam.
473 3285 612 3357 quid
640 3283 820 3352 egerit
858 3288 919 3338 et·
941 3299 1217 3354 quaenam
1251 3289 1384 3338 tunc
1424 3285 1693 3352 temporis
1733 3281 2006 3351 Binguiae
2047 3280 2440 3336 successerint.
2476 3280 2537 3334 ln
2568 3281 2678 3336 tine
2708 3289 3006 3336 recurrunt
3044 3283 3272 3339 rancida
3302 3283 3370 3338 de

289 3371 576 3427 solvendis
605 3370 1033 3426 villariensium
1063 3369 1264 3442 priscis
1289 3375 1344 3423 et
1373 3369 1534 3424 novis
1560 3368 1993 3438 quaestiouibus
2023 3365 2270 3421 fastidia.

381 3511 585 3569 Servo
620 3510 731 3570 Dei
770 3511 1076 3582 Radulfo‚
1118 3511 1464 3570 Villarcnsi
1505 3509 1849 3580 monach0‚
1899 3497 2420 3582 amplo'semper
2471 3508 2630 3565 milii
2668 3508 3047 3568 dilectionis
3083 3510 3232 3568 sinu
3269 3526 3378 3569 su·

292 3615 657 3690 scipiendo,
712 3613 919 3673 frater
953 3615 1338 3688 Guibertus‚
1393 3615 1536 3674 solo
1574 3614 1801 3673 babitu
1837 3620 1903 3671 et
1943 3615 2207 3672 nomine
2261 3612 2648 3686 monachuS‚
2688 3621 2900 3671 artem
2938 3614 3121 3688 regni
3165 3616 3381 3675 coele-

294 3719 420 3778 stis
458 3719 780 3777 virtutum
817 3719 1025 3777 armis
1061 3719 1689 3794 comprehendere...

388 3823 432 3881 1.
482 3821 647 3882 Nam
695 3821 856 3897 quia
901 3837 1134 3881 eorum
1167 3837 1357 3881 error
1406 3838 1533 3882 non
1567 3822 1648 3880 de
1701 3822 1956 3880 malitia
1991 3820 2231 3895 surgit,
2272 3819 2386 3879 sed
2422 3836 2499 3877 ex
2539 3820 2937 3894 ignorantia,
2977 3834 3057 3878 ne
3093 3818 3380 3879 ulterius

298 3929 362 3986 in
398 3939 502 3986 me
537 3926 1098 3996 scandalizentur,
1133 3932 1201 3986 et
1237 3927 1583 3986 materiam
1620 3926 1720 3984 eis
1756 3923 2074 4000 peccandi
2107 3923 2489 3999 praebeam,
2520 3923 2800 3998 Justum‚
2841 3924 3040 3983 immo
3076 3938 3383 3983 necessa-

299 4041 468 4097 rium
508 4038 824 4110 arbitror,
864 4039 1116 4097 ratione
1145 4038 1507 4096 abscessus
1543 4039 1604 4096 et
1646 4035 2111 4094 remorationis
2146 4050 2333 4092 meae
2374 4033 2652 4099 reddita,
2710 4033 2802 4090 rei
2843 4034 3192 4092 veritatem
3230 4048 3383 4107 ape—

303 4158 454 4201 rire.
490 4141 713 4218 Neque
748 4143 922 4200 enim
958 4157 1104 4215 eg0‚
1143 4143 1318 4200 sicut
1350 4142 1449 4200 vel
1487 4143 1916 4215 suspicantur
1952 4139 2102 4214 ipsi,
2135 4138 2237 4196 vel
2275 4138 2471 4195 amici
2512 4139 2634 4195 mei
2669 4137 3062 4212 versipelles
3092 4136 3185 4196 illi
3222 4139 3383 4197 asti-

303 4248 636 4320 pulantur,
688 4251 803 4304 aut
854 4247 1125 4305 levitate
1177 4263 1362 4320 usus-0,
1415 4254 1527 4305 aut
1582 4245 2016 4304 instabilitate
2071 4247 2283 4316 actuS,
2339 4244 2558 4302 locum
2607 4258 2819 4301 mcum
2874 4241 3217 4317 deserenS,
3258 4242 3383 4302 huc

301 4352 651 4426 emigravi.

394 4455 471 4513 11.
510 4455 676 4512 Ante
725 4471 933 4514 annos
968 4457 1244 4531 aliquot,
1282 4472 1430 4513 cum
1470 4455 1872 4513 venerabilis
1909 4454 2099 4528 virgo
2134 4452 2381 4511 Christi
2432 4453 2703 4527 Hildega
2721 4453 2857 4511 rdis
2895 4454 2958 4513 in
2996 4454 3237 4515 tinibus
3272 4472 3387 4515 no-

381 4659 423 4723 ¹)
445 4658 622 4714 Miror
646 4659 797 4714 hunc
814 4660 1136 4716 wibertum
1162 4662 1298 4717 alibi
1326 4677 1435 4715 non
1458 4660 1792 4732 comparuis·
1890 4659 2101 4730 scripta
2143 4658 2369 4714 videtur
2393 4676 2442 4716 a.
2480 4666 2638 4725 ¹¹80.
2667 4662 2861 4718 eodem
2893 4667 3142 4733 tempore
3169 4677 3284 4733 quo
3311 4661 3384 4717 si-

309 4761 367 4800 se
407 4743 465 4801 in
507 4744 717 4800 nostris
753 4745 1018 4801 Guiberti
1062 4747 1289 4804 litteris.
1323 4780 1382 4789 —
1416 4750 1462 4811 2)
1491 4747 1642 4802 Idem
1671 4763 1803 4802 sane
1889 4745 2048 4800 milia
2078 4753 2406 4814 argumenta
2446 4747 2713 4804 adversus
2750 4749 3097 4804 detractores
3134 4749 3387 4806 excussit

308 4830 377 4885 de
402 4845 517 4901 quo
543 4845 709 4901 supra
748 4847 801 4902 p.
834 4835 958 4892 305,
990 4836 1114 4896 382,
1142 4839 1267 4891 395.
1294 4849 1394 4890 nec
1415 4834 1532 4905 jam
1561 4834 1799 4889 dubium
1890 4845 2016 4887 cum
2049 4830 2268 4887 Bovone
2293 4833 2709 4891 Gemblacensi.
2742 4834 2814 4890 cs.
2848 4851 2899 4905 p.
2935 4839 3055 4891 ⁴05.
3084 4834 3235 4891 Adeo
3262 4851 3385 4905 pro-

311 4914 452 4983 quin
479 4914 690 4971 nobilis
716 4916 878 4972 miles
906 4917 1085 4974 sactus
1114 4917 1285 4974 suerit
1314 4922 1620 4976 monachus
1641 4920 1804 4977 Gem-
1896 4917 2008 4972 lixa
2045 4924 2102 4972 et
2129 4919 2379 4989 parergis
2412 4922 2634 4992 oppleta
2675 4922 2912 4994 epistola
2952 4928 3058 4985 est.
3102 4927 3165 4978 ut
3203 4938 3386 4995 neque

313 5000 610 5057 blaceusis.
668 5001 779 5057 Hir.
824 5020 950 5059 vero
989 5003 1291 5075 respicitur
1330 5005 1397 5059 ad
1436 5006 1601 5078 epist.
1647 5022 1806 5076 supe·
1893 5021 1920 5058 a
1953 5004 2194 5075 benigna
2230 5012 2654 5063 amanuensium
2701 5008 2971 5079 patientia
3017 5015 3195 5063 totum
3237 5017 3388 5082 pete-

314 5088 518 5141 riorem
548 5086 644 5142 vl.
680 5119 732 5128 ·-
771 5088 813 5142 ³)
847 5089 995 5143 idi-m
1026 5090 1246 5161 opinor,
1274 5091 1341 5144 dr
1367 5106 1479 5159 quo
1509 5109 1558 5160 p.
1593 5095 1696 5144 398
1726 5090 1806 5144 su·
1898 5108 1977 5151 rr.
2021 5109 2199 5163 nequi·
2231 5093 2642 5149 robustissimis
2686 5094 2991 5148 lectoribus
3018 5095 3205 5149 onmia
3241 5112 3387 5152 com-

312 5173 449 5227 sius.
497 5204 556 5212 —-
602 5174 640 5236 ‘l
684 5173 762 5227 Ex
804 5174 923 5228 cod.
970 5176 1088 5229 cod.
1136 5174 1487 5230 Brun-ilrusi
1540 5176 1633 5230 sol.
1685 5182 1800 5232 160.
1898 5178 2125 5232 milti-rc
2152 5195 2320 5232 ausus
2349 5177 2573 5234 fuerim.
