4036 6117
776 472 900 519 vm
1978 472 2476 522 Pnoomunu

666 612 891 711 posito
928 607 1158 703 <cujus
1190 629 1439 676 nomen
1479 605 1781 700 primum
1817 607 2200 703 discimus),
2238 608 2545 681 Cononis
2578 631 2856 702 quoque
2885 615 3116 680 erecta
3146 610 3491 705 praesidio
3530 620 3598 683 et
3624 635 3789 685 con-

672 743 867 833 siliis,
906 738 1141 810 statim
1179 744 1255 806 ut
1289 735 1590 806 scribere
1626 736 1891 832 incipit,
1948 739 2188 810 morbo
2226 738 2586 826 liberatur,
2641 762 2780 832 quo
2823 747 3057 810 tamen
3115 739 3494 812 identidem
3538 740 3788 811 vexari

671 897 812 946 non
847 868 1136 943 destitit.
1167 866 1418 937 Priora
1446 866 1682 961 capita
1718 866 1875 938 libri
1912 868 2172 940 Seivws
2204 869 2421 940 abbas
2457 869 2652 941 Cono
2698 870 3138 964 Mogontiam
3174 871 3470 943 festinus
3503 872 3779 965 detulit,

672 1010 742 1076 et
773 998 1084 1072 Henrico
1129 993 1654 1090 archiepiscopo
1706 994 2015 1090 virisque
2067 995 2138 1066 in
2192 995 2379 1067 clero
2432 997 2827 1093 praecipuis
2879 998 3256 1070 cribranda
3308 1000 3787 1071 communica-

667 1128 793 1200 vit.
848 1125 987 1213 Qui
1041 1123 1305 1220 primus
1355 1121 1529 1192 liber
1578 1121 1853 1192 nonnisi
1892 1131 2049 1217 post
2101 1122 2336 1193 decem
2377 1123 2674 1218 improbi
2713 1122 2972 1196 laboris
2999 1148 3222 1196 annos
3256 1125 3620 1197 absolutus
3675 1133 3782 1197 est

668 1257 804 1353 (Cf.
842 1254 1168 1329 Bolland.
1208 1278 1275 1325 n.
1322 1254 1429 1345 14,
1476 1252 1647 1349 17.)

761 1387 1045 1459 Interea
1078 1383 1275 1456 oneri
1306 1405 1521 1454 onera
1556 1380 1812 1452 addere
1839 1380 2058 1476 jussa,
2102 1381 2311 1453 immo
2346 1382 2434 1453 ad
2465 1382 2718 1454 durum
2757 1392 3109 1455 certamen
3147 1392 3390 1455 coacta
3427 1408 3584 1456 oum
3623 1385 3774 1457 fra-

665 1524 910 1616 tribus,
951 1522 1179 1593 locum
1214 1516 1540 1588 mutavit.
1578 1515 1747 1586 Post
1782 1515 2048 1585 obitum
2085 1515 2336 1586 beatae
2369 1514 2635 1603 Juttae,
2687 1516 2989 1611 primum
3026 1517 3100 1587 in
3134 1516 3470 1612 capitulO,
3511 1516 3772 1589 deinde

663 1654 739 1725 in
773 1649 1048 1746 capella
1082 1647 1171 1720 ad
1204 1670 1402 1718 aram
1435 1645 1516 1717 B.
1564 1646 1654 1717 V.
1711 1645 2087 1740 depositae,
2144 1668 2441 1739 magnus
2479 1645 2757 1717 videtur
2790 1645 3003 1717 fuisse
3038 1647 3306 1719 tumulo
3353 1647 3772 1719 obeuntium

660 1798 1055 1865 concursuS,
1095 1795 1303 1867 quem
1338 1771 1539 1841 auxit
1574 1770 1762 1840 fama
1799 1794 2023 1841 novae
2057 1771 2475 1841 abbatissae.
2514 1771 2582 1842 N
2587 1795 2677 1843 on
2713 1771 2995 1842 defuere
3021 1795 3326 1867 superna
3363 1774 3652 1862 monita,
3687 1784 3770 1846 ut

657 1910 884 1980 locum
944 1912 1312 2000 quaereret
1373 1899 1966 1994 tranquilliorem,
2030 1900 2212 1990 inter
2251 1901 2588 1975 derelicta
2641 1901 2990 1998 quaedam
3043 1902 3323 1995 rudera,
3382 1902 3471 1974 ad
3523 1904 3765 1998 sepul-

654 2060 851 2110 crum
909 2035 979 2106 S.
1035 2031 1355 2127 Ruperti.
1405 2030 1520 2105 Ex
1557 2028 1756 2099 novis
1815 2038 2090 2101 constat
2153 2029 2437 2123 litteris,
2499 2056 2713 2126 quam
2775 2031 3022 2103 acerbe
3075 2032 3367 2104 tulerint
3426 2034 3762 2105 monachi

652 2173 926 2239 tantum
963 2162 1153 2234 sidus
1186 2160 1277 2232 ab
1311 2159 1396 2230 iis
1432 2158 1810 2230 recessisse.
1851 2157 2104 2229 Pacem
2141 2158 2434 2232 fortasse
2467 2161 2855 2255 composuit
2889 2160 2958 2232 S.
2998 2161 3425 2253 BernarduS,
3465 2164 3757 2257 quando

649 2303 979 2379 Treviros
1011 2297 1364 2384 accedens,
1419 2318 1575 2366 eum
1612 2293 1930 2388 Eugenio
1972 2292 2090 2364 III
2143 2299 2211 2363 et
2263 2293 2585 2364 Romana
2633 2295 2848 2387 curia,
2889 2294 3162 2366 litteras
3211 2296 3759 2391 benignissimas

645 2430 924 2526 scripsit
968 2465 991 2490 «
1041 2425 1130 2497 ad
1162 2424 1490 2495 dilectam
1530 2423 1598 2493 in
1645 2423 1944 2494 Domino
1996 2422 2218 2493 filiam
2269 2423 2797 2518 Hildegardem,
2853 2426 3330 2521 praepositam
3381 2426 3455 2497 in
3508 2441 3754 2499 monte

645 2558 836 2632 beati
868 2553 1190 2650 Ruperti.
1240 2586 1265 2611 υ
1320 2550 1457 2643 (Cf.
1493 2575 1642 2641 epp.
1680 2549 1884 2640 LIV,
1922 2550 2083 2638 LV,
2138 2557 2201 2621 et
2249 2553 2351 2621 ed.
2399 2552 2726 2644 XXIX).
2783 2550 3299 2624 Gravissimum
3353 2562 3520 2627 tunc
3573 2555 3758 2628 illud

643 2682 917 2755 facinus
947 2675 1264 2773 contigit,
1300 2673 1486 2768 quod
1520 2696 1737 2766 quum
1774 2671 2087 2743 Treviris
2137 2672 2458 2744 adessent
2510 2674 2743 2746 decem
2798 2685 2868 2747 et
2919 2685 3073 2747 octo
3109 2676 3547 2767 Cardinales,
3604 2702 3754 2750 me-

642 2809 759 2882 dio
840 2806 1120 2878 Abbate
1190 2801 1702 2875 Clarevallensi
1774 2802 1956 2872 inter
2028 2801 2430 2874 innumeros
2497 2806 2897 2898 praelatos,
2969 2829 3230 2876 novum
3297 2806 3762 2902 Hildegardis

640 2963 835 3036 opuS,
864 2937 1156 3033 jubente
1189 2933 1531 3029 EugeniO,
1565 2932 1833 3003 duobus
1870 2931 2041 3002 viris
2085 2930 2309 3003 doctis
2351 2932 2659 3004 traditur
2694 2935 3268 3023 examinandum,
3300 2944 3549 3032 satque
3585 2963 3751 3034 pro-

638 3074 884 3144 batum
917 3074 1041 3157 est,
1078 3072 1156 3138 ut
1192 3062 1515 3135 fidelibus
1551 3060 1919 3154 legendum
1960 3060 2520 3154 permitteretur?

728 3199 978 3296 Operis
1035 3192 1472 3269 continuatio
1527 3216 1647 3286 per
1707 3190 2007 3261 alterum
2067 3189 2479 3262 decennium
2537 3215 2873 3287 suspensa
2938 3201 3073 3286 est,
3129 3192 3262 3265 hoc
3313 3218 3478 3265 vero
3516 3195 3743 3267 otium

627 3325 927 3422 negotiis
986 3344 1392 3417 oppressum
1453 3327 1577 3388 est.
1638 3316 1819 3388 Tum
1887 3316 2241 3387 intercidit
2301 3318 2697 3413 praecipua·
2733 3318 2949 3392 moles
3008 3319 3512 3414 epistolarum,·
3585 3332 3739 3392 tum

628 3453 976 3551 plurimae
1010 3448 1247 3545 gravis
1283 3445 1683 3540 argumenti
1716 3452 2092 3515 occur-runt
2124 3427 2764 3538 commentatione33
2821 3453 2967 3516 tum
3004 3445 3237 3516 densis
3289 3470 3378 3517 ex
3418 3449 3736 3520 tenebris

630 3587 975 3656 eruuntur
1026 3576 1146 3649 SS.
1183 3573 1501 3647 Disibodi
1556 3581 1625 3643 et
1676 3571 1978 3666 Ruperti
2011 3580 2193 3665 acta3
2248 3580 2397 3644 tum
2450 3573 2662 3645 etiam
2714 3596 2976 3644 novum
3019 3572 3344 3658 conditur
3380 3585 3734 3646 monaste-

622 3712 809 3782 rium
848 3706 1310 3799 Hibingense3
1367 3710 1512 3773 tum
1567 3700 1842 3770 demum
1900 3700 2286 3794 longinqua
2336 3699 2873 3795 frequentantur
2928 3700 3200 3772 itinera.
3257 3701 3455 3788 Quae
3508 3728 3733 3798 quum

619 3838 981 3936 sigillatim
1022 3834 1417 3930 expendere
1455 3803 1738 3925 longum
1775 3830 1885 3917 sit,
1924 3854 2144 3903 novas
2180 3832 2266 3902 ad
2304 3832 2636 3928 epistolas
2671 3830 3114 3902 revertimur.

2102 4086 2232 4157 IV.

714 4358 902 4427 Ante
936 4375 1198 4424 annum
1260 4350 1442 4419 1148
1500 4368 1889 4442 perpaucae
1941 4343 2220 4415 litterae
2272 4367 2427 4415 cum
2483 4352 2676 4415 certa
2714 4345 3047 4440 temporis
3098 4353 3288 4433 nota,
3347 4346 3592 4419 saltem
3640 4350 3714 4420 iu

608 4482 965 4554 codic-ibus
1000 4478 1272 4564 nostriS,
1313 4475 1645 4547 existunt.
1682 4473 1815 4544 Sed
1855 4480 2224 4567 postquam
2262 4471 2333 4543 in
2369 4472 2655 4543 solemni
2695 4479 3044 4544 conventu
3093 4471 3512 4564 Trevirensi,
3555 4474 3721 4545 Hil-

608 4607 936 4704 degardis
970 4605 1160 4676 fama
1213 4601 1549 4674 celebrior
1585 4597 1913 4693 eruperit,
1969 4597 2233 4669 dixeris
2283 4604 2508 4668 totum
2560 4597 2789 4669 subito
2841 4597 3078 4668 orbem
3131 4595 3554 4668 catholicum
3601 4621 3719 4668 as-

603 4735 1009 4809 surrexisse.
1088 4733 1248 4804 Non
1305 4731 1525 4802 solum
1563 4753 1651 4799 ex
1705 4727 2026 4798 omnibus
2102 4726 2528 4798 Germaniae
2583 4726 2899 4822 partibus
2950 4726 3448 4820 cujuscumque
3500 4752 3716 4821 gene—

603 4867 699 4937 ris
735 4864 1051 4934 homines
1103 4869 1170 4931 et
1223 4858 1547 4947 feminae,
1602 4880 1744 4949 qua
1795 4853 2046 4944 verbiS,
2102 4878 2236 4948 qua
2308 4854 2577 4945 litteris,
2634 4877 2774 4947 qua
2827 4852 3078 4946 legatis
3130 4860 3197 4924 et
3250 4853 3514 4943 amicis»,
3570 4878 3719 4948 qua

603 4991 1004 5087 agminibus
1040 5013 1163 5084 per
1202 4986 1349 5056 vias
1385 4984 1620 5055 effusis
1656 5005 2091 5075 concurrere,
2130 4981 2249 5052 sed
2286 5005 2372 5051 ex
2409 4979 2810 5074 longinquis
2847 4978 3245 5071 regionibus
3289 4988 3560 5051 turmae
3595 5004 3714 5074 pe·

597 5117 1127 5213 regrinantium,
1168 5113 1454 5207 equites,
1497 5110 1899 5206 peditesque
1953 5109 2481 5180 increbrescere.
2522 5107 2636 5178 Ex
2670 5105 2906 5201 amplo
2943 5115 3011 5176 et
3047 5105 3359 5178 conferto
3412 5106 3714 5180 interro·

3953 2556 3962 2643 -.‚,..„
3951 2410 3962 2543 eut-*—
3949 1914 3965 2401 Q-
3953 1832 3961 1887 --
