4036 6117
1379 490 1614 539 Lmen
1670 487 1868 535 vlrAE
1924 487 2411 535 nunnonmu.
2462 489 2521 533 Ρ.
2572 488 2638 533 v.
3358 469 3479 531 191

465 608 641 670 ditos
689 626 807 686 per
841 611 1248 670 ablutionem
1280 610 1595 687 baptismi
1635 612 1699 670 in
1731 611 2020 671 alienam
2053 610 2261 669 vitam
2293 605 2338 687 ¹)
2378 609 2725 683 reducunt,
2770 610 2993 669 omnia
3028 620 3443 686 recuperant;
3482 615 3550 673 et

466 731 616 775 cum
655 715 991 775 immunda
1025 718 1160 776 tam
1210 731 1566 792 corporum
1600 731 1801 792 quam
1838 715 2212 774 animarum
2247 713 2581 788 auferunt,
2622 714 2842 773 omnia
2876 715 3253 791 purificant;
3299 722 3365 775 et
3406 733 3559 777 cum

465 820 852 895 aspersione
907 836 1028 880 sua
1079 824 1214 879 tam
1271 820 1639 880 visibilium
1698 836 1898 896 quam
1950 818 2389 879 invisibilium
2437 818 2893 879 incursionum
2941 822 3240 895 pericula
3287 823 3545 882 abster-

468 927 654 995 gunt,
705 922 928 980 omnia
976 921 1416 994 sanctificant3
1453 927 1521 983 et
1568 936 1717 981 cum
1755 921 2142 997 perfusione
2191 935 2312 980 sua
2359 926 2598 980 cuncta
2634 937 2804 996 quae
2838 922 3077 981 debent
3120 923 3429 1001 solidant,
3467 941 3550 985 ne

473 1029 804 1099 arescant,
834 1025 1053 1084 omnia
1081 1026 1440 1099 continent3
1469 1030 1536 1084 et
1560 1041 1709 1084 cum
1739 1025 2224 1085 coadunatione
2259 1042 2379 1084 sua
2412 1025 2640 1085 orbem
2676 1031 3007 1085 terrarum
3045 1026 3286 1102 ferunt,
3324 1030 3549 1089 omnia

459 1132 748 1203 portant.
777 1128 1020 1189 Omnes
1045 1130 1222 1189 enim
1255 1133 1600 1189 creaturas
1636 1129 1881 1189 sudore
1915 1128 2338 1189 humiditatis
2372 1143 2535 1188 suae
2567 1126 2994 1205 perfundunt,
3033 1130 3348 1205 quoniam
3384 1144 3546 1193 una-

464 1248 767 1309 quaeque
802 1232 868 1292 in
900 1232 1041 1292 vita
1089 1249 1210 1292 sua
1244 1232 1433 1307 vivit,
1472 1232 1837 1291 secundum
1871 1231 2048 1309 quod
2080 1233 2142 1291 ei
2176 1232 2352 1292 Deus
2385 1233 2615 1292 vivere
2649 1247 2841 1292 suum
2877 1233 3248 1293 constituit:
3287 1235 3550 1296 scilicet

463 1335 577 1394 illa
608 1350 780 1410 quae
814 1334 1041 1393 vitalis
1089 1339 1214 1408 est,
1249 1334 1418 1394 vivit
1450 1341 1525 1394 ut
1567 1334 1788 1406 homo;
1826 1349 1997 1410 quae
2032 1348 2255 1403 aerea,
2294 1339 2366 1393 ut
2398 1349 2624 1409 pecus;
2661 1350 2833 1411 quae
2866 1334 3276 1395 viriditatem
3314 1335 3537 1410 habet,

462 1442 537 1498 ut
561 1439 862 1511 arbusta;
885 1453 1055 1514 quae
1081 1437 1390 1498 sudorem
1423 1436 1578 1513 fuci,
1597 1435 1648 1516 ²)
1672 1444 1743 1497 ut
1778 1437 2049 1512 herbae,
2079 1438 2237 1513 quia
2271 1437 2436 1497 haec
2460 1437 2683 1498 omnia
2707 1453 2827 1514 per
2851 1438 3146 1498 divinam
3170 1437 3553 1513 dispositio-

463 1559 611 1603 nem
645 1549 712 1603 et
743 1542 825 1602 de
859 1549 1037 1602 terra
1084 1549 1151 1602 et
1184 1541 1265 1601 de
1299 1558 1452 1602 aere
1499 1543 1833 1603 exsudans
1867 1542 2233 1603 humiditas
2282 1543 2350 1601 in
2382 1542 2677 1602 essentia
2711 1558 2835 1602 sua
2882 1544 3198 1617 continet,
3233 1548 3301 1603 et
3333 1544 3537 1604 etiam

470 1646 987 1723 unumquodque
1021 1661 1316 1721 germen,
1354 1646 1717 1706 secundum
1753 1645 1931 1721 quod
1965 1664 2002 1705 a
2035 1645 2170 1706 Deo
2204 1646 2643 1706 constitutum
2676 1649 2809 1717 est,
2845 1662 2926 1705 ex
2959 1647 3059 1705 eis
3091 1645 3421 1722 producit.

1944 1887 2066 1948 XV.

1153 2080 1478 2152 Quomodo
1525 2099 1732 2159 aquae
1784 2086 2025 2141 cuncta
2071 2087 2342 2141 terrena
2389 2082 2871 2157 conqlutinant.

562 2289 665 2349 22.
700 2287 862 2348 Nam
912 2288 981 2347 et
1013 2300 1245 2348 omnes
1292 2294 1644 2349 creaturas
1689 2302 1906 2364 aquae
1956 2288 2271 2362 solidant,
2322 2288 2640 2364 quoniam
2688 2285 3153 2349 humiditatem
3200 2289 3302 2349 eis
3337 2289 3557 2351 infun·-

471 2386 655 2463 dunt‚
698 2389 788 2448 ita
834 2387 1012 2464 quod
1044 2402 1167 2448 nec
1214 2395 1549 2465 crescunt,
1600 2404 1721 2448 nec
1767 2389 2106 2465 decidunt,
2155 2403 2277 2449 nec
2324 2389 2824 2466 disperguntur3
2876 2391 3062 2450 velut
3092 2390 3297 2451 etiam
3330 2393 3554 2453 anima

475 2505 718 2567 corpus
738 2490 984 2562 firmat,
1012 2492 1171 2568 quia
1196 2508 1348 2553 cum
1374 2490 1599 2554 calore
1635 2494 2023 2569 spiraminis
2054 2507 2324 2554 carnem
2359 2496 2646 2569 vegetat,
2674 2500 2743 2554 et
2767 2509 3034 2555 carnem
3072 2496 3340 2557 insimul
3377 2513 3558 2559 com-

478 2595 711 2672 pingit,
747 2595 1066 2673 quamdiu
1097 2597 1165 2657 in
1201 2596 1316 2658 illa
1349 2600 1589 2658 manet.

1926 2725 2085 2786 XVI.

1453 2918 1737 2997 Abyssus
1785 2922 2012 2980 omnia
2056 2925 2327 2979 terrena
2372 2924 2575 2980 tenet.

556 3131 659 3191 23.
698 3128 823 3190 Sed
871 3131 938 3190 et
969 3129 1254 3205 abyssus
1302 3129 1497 3205 quasi
1536 3130 1753 3189 virtus
1802 3128 2270 3204 possibilitatis
2318 3129 2617 3205 eJusdem
2652 3128 2782 3190 viri
2815 3135 2948 3200 est,
2992 3129 3150 3207 quia
3183 3146 3414 3191 omnes
3458 3130 3557 3191 in-

465 3235 845 3295 stitutiones
877 3235 1023 3309 eJus
1057 3232 1207 3308 fert,
1242 3234 1310 3293 et
1345 3234 1501 3309 quia
1535 3232 1808 3293 eaedem
1842 3233 2296 3294 institutiones
2332 3233 2461 3308 ipsi
2495 3233 2893 3307 innituntur,
2938 3235 3252 3309 quoniam
3285 3235 3404 3294 illa
3434 3249 3547 3294 ve-

470 3333 567 3393 lut
615 3333 1117 3394 similitudinem
1165 3350 1367 3410 posse
1412 3334 1530 3394 Dei
1564 3333 1786 3409 habet;
1839 3335 1997 3409 quia
2030 3340 2103 3394 ut
2149 3333 2573 3410 possibilitas
2614 3334 2732 3393 Dei
2779 3348 2973 3394 omne
3014 3347 3186 3410 opus
3234 3335 3447 3411 ipsius
3481 3335 3553 3394 in

468 3440 724 3500 cunctis
748 3439 989 3500 officiis
1016 3441 1158 3499 suis
1191 3442 1393 3515 tenet,
1434 3440 1525 3500 ita
1550 3438 1728 3515 quod
1760 3438 1843 3498 de
1873 3440 2208 3515 potestate
2241 3439 2387 3515 ejus
2420 3454 2552 3499 non
2581 3445 2848 3514 exeunt,
2886 3440 2987 3499 sic
3018 3440 3221 3499 etiam
3252 3444 3319 3498 et
3355 3438 3552 3514 abys-

468 3560 586 3603 sus
633 3561 711 3604 ea
747 3561 917 3622 quae
963 3551 1447 3620 superterram
1496 3548 1563 3602 et
1611 3558 1782 3620 quae
1834 3544 1900 3603 in
1946 3546 2129 3603 terra
2175 3547 2244 3602 et
2291 3557 2465 3621 quae
2514 3544 2640 3603 sub
2687 3549 2873 3604 terra
2922 3546 3098 3619 sunt,
3151 3543 3466 3618 sustinet,
3498 3536 3554 3622 ⁸)

475 3652 789 3725 quoniam
823 3649 986 3711 haec
1019 3651 1239 3711 omnia
1273 3649 1497 3710 divina
1532 3647 1949 3710 ordinatione
1982 3663 2187 3726 super
2221 3648 2403 3708 illam
2433 3648 2658 3724 posita
2691 3655 2867 3710 sunt.

1921 3872 2111 3934 XVII.

1111 4070 1393 4152 Abyssus
1435 4090 1561 4148 per
1610 4069 1815 4129 solam
1864 4069 1986 4130 Dei
2031 4074 2423 4146 potestatem
2474 4074 2910 4130 sustentatur.

557 4282 660 4343 24.
695 4281 774 4340 Et
805 4280 1010 4341 etiam
1058 4280 1240 4339 velut
1278 4278 1530 4338 fabric-a
1568 4278 1810 4337 summi
1850 4275 2278 4337 fabricatoris
2325 4277 2577 4351 existit,
2622 4278 2689 4336 in
2725 4291 2858 4352 qua
2907 4275 3222 4336 utensilia
3253 4275 3555 4354 ejusdem

467 4386 636 4446 fabri
670 4391 848 4460 sunt;
885 4385 1045 4461 quia
1090 4389 1166 4443 ut
1199 4384 1265 4443 in
1307 4382 1560 4443 fabrica
1611 4381 1818 4456 ignita
1847 4377 1895 4458 Ψ)
1933 4385 2000 4439 et
2034 4397 2164 4441 non
2200 4382 2431 4456 ignita,
2485 4396 2710 4441 massa
2754 4380 3235 4456 quuscumque
3286 4379 3551 4441 fabrilis

464 4490 727 4564 generis
760 4494 886 4563 est,
923 4489 991 4549 et
1022 4492 1097 4547 ut
1130 4486 1317 4548 faber
1349 4488 1416 4547 in
1447 4501 1526 4546 ea
1559 4500 1848 4560 oporans
1880 4500 2051 4562 opus
2084 4501 2281 4546 suum
2306 4485 2433 4545 hac
2456 4487 2523 4545 et
2558 4486 2712 4545 illac
2739 4485 3103 4545 secundum
3136 4485 3549 4546 voluntatem

467 4609 658 4653 suam
694 4592 912 4653 fundit
942 4596 1010 4652 et
1042 4590 1249 4667 ducit,
1287 4593 1378 4651 ita
1411 4591 1616 4651 etiam
1650 4590 1935 4666 abyssus
1984 4589 2180 4666 quasi
2216 4587 2469 4650 fabrica
2505 4589 2846 4650 Creatoris
2876 4589 3105 4649 mundi
3145 4591 3437 4663 exstans,
3473 4604 3557 4651 ea

467 4700 548 4760 de
596 4700 841 4777 quibus
889 4699 1195 4759 diversae
1246 4696 1497 4758 formae
1544 4695 1939 4772 procedunt,
1985 4697 2239 4766 servat,
2288 4710 2442 4756 cum
2477 4709 2690 4771 aquas
2720 4700 2789 4755 et
2818 4701 3093 4769 terram,
3128 4694 3550 4756 diversarum

467 4807 926 4865 creaturarum
976 4803 1355 4871 materiam,
1406 4800 1717 4875 sustinet,
1769 4814 1889 4859 nec
1940 4800 2084 4875 ipsa
2131 4799 2217 4860 ab
2267 4799 2399 4860 alia
2447 4805 2759 4861 creatura
2805 4804 3143 4876 portatur,
3194 4797 3327 4858 nisi
3375 4797 3554 4874 quod

394 4961 398 4967 .
465 4924 583 4983 per
613 4911 1015 4983 potestatem
1048 4906 1166 4966 Dei
1200 4910 1638 4966 sustentatur.

540 5079 582 5140 ¹)
602 5082 662 5134 in
681 5078 920 5133 alienam
947 5080 1092 5131 viam
1116 5075 1206 5130 W.
1234 5105 1299 5115 —
1321 5075 1366 5136 ²)
1388 5076 1511 5143 suci
1537 5074 1602 5135 A.
1627 5070 1699 5126 W
1725 5071 1823 5127 sic.
1858 5070 1958 5127 Su·
2045 5073 2262 5143 fabrica
2298 5075 2479 5144 ignita
2519 5070 2655 5129 W...
2705 5089 2880 5128 mana
2926 5075 3305 5142 eujiucumque
3352 5067 3555 5139 fabrili

468 5164 652 5237 spicor
676 5168 832 5237 facit.
869 5196 934 5204 -
960 5165 1004 5231 ³)
1031 5168 1291 5220 sustinent
1319 5164 1406 5217 W.
1443 5195 1504 5203 ——
1546 5163 1587 5226 ⁴)
1615 5167 1872 5235 quoniam
1901 5170 1961 5217 ut
2046 5164 2259 5232 qeneris
2284 5160 2374 5214 W.
