4036 6117
1342 487 1805 536 amsi-omnum
1856 486 2041 535 Nova
2093 486 2340 534 semes.
3188 459 3316 520 573

1711 709 1975 770 CLVIII.

921 890 1294 952 Eberhardo
1339 885 1385 965 ¹)
1440 888 1838 967 Baberqensi
1900 890 2218 964 episcopo,
2271 876 2755 969 [Hildeyardis]

369 1063 726 1132 Peregrinam
756 1062 1000 1135 puellam
1028 1060 1093 1115 ad
1124 1060 1529 1116 monasterium
1552 1061 1945 1116 convolantem
1973 1058 2349 1115 commendat.

388 1206 668 1276 Quidam
716 1205 821 1263 vir
872 1204 935 1262 in
986 1218 1176 1262 mane
1224 1201 1356 1260 diei
1405 1200 1734 1273 surrexit,
1792 1201 1859 1259 et
1907 1197 2171 1257 vineam
2226 1193 2595 1272 plantavit,
2647 1195 2880 1268 postea
2928 1188 3183 1249 alienas
3231 1186 3380 1247 vias

297 1317 569 1386 propter
626 1309 952 1385 plurimas
1009 1305 1621 1381 argumentationes
1681 1302 1999 1379 inspexit,
2061 1308 2127 1361 et
2176 1299 2474 1360 studium
2531 1312 2728 1356 suum
2784 1294 2885 1354 sic
2938 1292 3198 1353 finitum
3252 1293 3377 1352 est.

296 1415 505 1487 Nunc,
558 1420 748 1489 pater
801 1411 1112 1485 familiaS,
1151 1410 1231 1470 ad
1265 1409 1685 1486 peregrinam
1737 1407 1942 1467 filiam
1991 1406 2063 1466 G.
2112 1404 2392 1478 respice,
2444 1416 2615 1477 quae
2648 1400 2730 1460 de
2762 1404 2942 1459 terra
2991 1412 3113 1457 sua
3142 1400 3384 1456 vocata

295 1524 422 1587 est,
464 1518 639 1575 sicut
688 1515 1019 1575 Abraham
1056 1514 1172 1589 qui
1219 1512 1300 1571 de
1336 1517 1517 1572 terra
1553 1526 1675 1571 sua
1725 1509 1949 1569 exivit.
1987 1507 2167 1566 Haec
2201 1506 2376 1565 enim
2411 1504 2636 1564 omnia
2683 1518 2805 1562 sua
2851 1500 3055 1573 dedit,
3107 1501 3174 1557 et
3208 1511 3384 1556 mar-

295 1621 582 1697 garitam
617 1622 797 1679 emit.
847 1620 1032 1678 Nunc
1073 1622 1298 1677 autem
1331 1632 1519 1675 mens
1566 1614 1713 1691 ejus
1749 1615 1815 1672 in
1848 1613 2059 1672 multa
2093 1609 2545 1671 sollicitudine
2595 1605 2986 1678 suffocatur,
3036 1601 3223 1661 velut
3253 1613 3384 1658 uva

299 1728 364 1786 in
399 1725 738 1785 torculari.
791 1723 1048 1799 Adjuva
1097 1737 1256 1796 ergo
1288 1736 1437 1779 earn
1484 1725 1806 1796 quantum
1852 1723 2066 1794 potes,
2119 1716 2203 1775 ob
2245 1729 2540 1789 amorem
2575 1712 2756 1772 illius
2790 1710 2907 1788 qui
2952 1713 3107 1769 ante
3140 1702 3385 1782 princi-

296 1832 479 1905 pium
515 1828 660 1903 fuit,
713 1832 779 1889 et
812 1828 925 1904 qui
960 1827 1029 1886 in
1061 1823 1525 1885 misericordia
1568 1823 1789 1883 omnia
1828 1821 2151 1898 implevit,
2196 1813 2275 1904 [s.
2313 1809 2476 1902 118]
2515 1817 2604 1878 ita
2640 1821 2713 1877 ut
2746 1814 2940 1875 vinea
2982 1813 3048 1873 in
3078 1807 3215 1871 filia
3252 1806 3382 1866 ista

296 1950 423 1994 non
457 1933 864 1993 destruatur.

1738 2077 1944 2139 CLIX.

1309 2258 1615 2319 Gerwino
1661 2255 1870 2315 abbati
1922 2254 2364 2332 Hildeqardis.

371 2434 500 2489 Post
529 2434 768 2495 luctum.
791 2431 1045 2504 jubilum
1071 2433 1397 2500 auguratur.

385 2573 673 2643 Tempus
716 2566 1086 2626 curationis
1123 2565 1245 2626 tibi
1293 2580 1467 2624 nunc
1500 2578 1895 2626 concessum
1942 2580 2075 2625 non
2109 2570 2236 2639 est,
2287 2563 2446 2639 quia
2488 2568 2669 2621 terra
2700 2558 3069 2620 vindictam
3099 2556 3216 2617 Dei
3250 2556 3386 2617 cla-

299 2680 457 2749 mat,
496 2679 563 2732 et
595 2672 856 2731 coelum
891 2669 975 2729 ab
1011 2669 1343 2745 injustitia
1392 2669 1853 2730 obnubilatum
1888 2677 2012 2730 est.
2056 2670 2136 2729 Et
2171 2670 2414 2729 iterum
2454 2683 2589 2727 non
2636 2670 2787 2740 post
2818 2664 3088 2740 longum
3122 2667 3388 2736 tempus

295 2781 555 2839 coelum
591 2776 853 2837 laudern
880 2775 998 2834 Dei
1026 2774 1365 2851 jubilabit,
1402 2781 1470 2835 et
1505 2780 1686 2835 terra
1720 2776 2090 2836 scissuram
2132 2774 2543 2850 captivitatis
2579 2786 2741 2832 suae
2775 2769 3068 2831 habebit.
3115 2768 3385 2829 Plateae

296 2887 425 2948 loci
460 2887 579 2958 tui,
621 2885 684 2944 in
718 2900 850 2960 quo
886 2883 1345 2943 habitaculum
1393 2885 1461 2942 et
1494 2883 1754 2958 virgam
1789 2882 2229 2943 correctionis
2266 2881 2493 2955 habea,
2533 2879 2927 2940 tenebrosae
2960 2882 3139 2952 sunt,
3174 2873 3256 2934 de
3288 2874 3389 2934 vi-

295 2992 687 3054 cissitudine
739 2992 1191 3069 inquietorum
1242 3006 1523 3066 morum;
1574 2996 1642 3049 et
1680 2990 2097 3067 aliquantum
2146 3004 2558 3049 venenosum
2607 2987 2846 3047 vitium
2892 2987 2960 3046 et
3008 2982 3386 3044 inobedien-

298 3100 459 3159 tiam
507 3097 844 3170 emittunt,
880 3096 1051 3155 unde
1089 3097 1387 3172 inquieta
1435 3096 1608 3155 bella
1643 3102 1818 3156 sunt.
1871 3097 1922 3156 O
1956 3098 2093 3156 alta
2143 3113 2450 3172 persona,
2503 3112 2634 3155 non
2674 3095 3024 3154 existimes
3058 3097 3122 3152 te
3168 3091 3379 3152 altum

296 3219 416 3280 per
463 3204 822 3263 elationem
872 3203 1114 3263 mentis
1159 3208 1336 3277 tuae,
1387 3210 1455 3263 et
1487 3220 1617 3263 non
1652 3203 1901 3264 fremas
1951 3204 2018 3263 in
2054 3204 2307 3280 impetu
2357 3202 2744 3264 iracundiae
2792 3217 2997 3278 super
3042 3216 3205 3262 oves
3236 3214 3385 3274 gre-

297 3308 402 3381 gis
436 3307 557 3380 tui,
596 3306 712 3366 sed
751 3323 920 3382 unge
953 3314 1021 3367 et
1053 3309 1317 3384 corripe
1349 3324 1487 3381 eas,
1525 3313 1847 3384 quantum
1881 3314 2097 3385 poteS,
2136 3314 2201 3367 et
2236 3309 2301 3368 in
2334 3314 2681 3369 aeternum
2714 3307 2923 3369 vives.
2960 3307 3125 3368 Cum
3158 3310 3383 3365 autem

297 3410 472 3471 Deus
507 3412 816 3488 voluerit,
854 3418 1088 3488 postea
1121 3412 1497 3490 exemplum
1528 3412 1788 3490 primae
1822 3429 2109 3474 aurorae
2144 3412 2514 3489 apparebit.

1757 3623 1932 3684 CLX.

1009 3801 1389 3880 Maneqoldo
1435 3801 1646 3862 abbati
1693 3801 1772 3860 de
1824 3801 2178 3878 Hirsauqia
2226 3799 2667 3879 Hildeqardis,

369 3970 834 4042 Hirsaugiensem
861 3976 926 4027 ut
950 3988 983 4027 a
1009 3972 1353 4029 monasterio
1375 3972 1446 4028 ad
1473 3977 1697 4045 tempus
1724 3972 1970 4037 recedat,
1999 3972 2216 4029 suadet.

387 4106 438 4167 O
472 4107 934 4167 amantissime
969 4113 1183 4188 pater,
1234 4112 1301 4168 et
1334 4107 1427 4169 fili
1477 4109 1731 4170 laboris
1762 4106 1814 4187 ²)
1866 4108 2122 4169 saeculi
2164 4107 2386 4184 hujus,
2439 4107 2556 4168 sed
2595 4112 2817 4168 tamen
2846 4107 3025 4169 Deus
3073 4114 3139 4169 te
3172 4107 3383 4170 trahit

298 4211 381 4272 ad
416 4227 507 4272 se.
545 4210 730 4271 Nunc
778 4215 1042 4284 tempus
1091 4217 1196 4272 est
1245 4211 1756 4273 tribulationum
1790 4216 1857 4273 et
1892 4226 2365 4272 aerumnarum
2398 4216 2467 4271 et
2512 4211 2882 4271 errantium
2913 4211 3174 4273 viarum
3210 4212 3385 4275 inter

300 4318 475 4378 filios
524 4317 886 4377 hominum.
937 4317 1017 4376 Et
1051 4333 1173 4377 nos
1207 4319 1321 4393 qui
1372 4319 1719 4394 spiritales
1765 4334 1919 4380 esse
1966 4317 2393 4388 deberemus,
2441 4317 2816 4379 obnubilati
2864 4331 3100 4379 sumus
3145 4317 3229 4377 de
3272 4327 3389 4377 ne-

299 4422 534 4500 quitiis
583 4437 932 4482 aereorum
966 4421 1345 4496 spirituum.
1397 4422 1579 4484 Unde
1612 4424 1816 4484 etiam
1867 4423 1935 4485 in
1968 4423 2266 4484 claustro
2303 4428 2417 4483 tuo
2466 4422 2951 4499 malignitatem
2995 4436 3171 4482 nunc
3201 4421 3389 4482 velut

293 4529 643 4607 plumbum
675 4528 890 4602 video,
929 4529 1045 4590 sed
1083 4532 1305 4590 tamen
1339 4547 1377 4590 a
1408 4529 1545 4591 Deo
1584 4530 1805 4591 lumen
1838 4536 2061 4591 tecum
2096 4536 2221 4592 est.
2258 4529 2385 4591 Sed
2418 4529 2749 4605 sapientia
2783 4529 2868 4589 ad
2903 4534 2968 4589 te
3000 4527 3186 4590 dicit:
3224 4526 3388 4589 Sub-

299 4632 491 4693 trahe
539 4639 626 4707 te,
664 4639 731 4692 et
765 4632 1002 4693 secede
1055 4633 1389 4694 modicum
1442 4635 1763 4712 temporis
1811 4640 1878 4696 et
1927 4635 2131 4711 spatii
2178 4652 2217 4695 a
2262 4635 2420 4695 filiis
2468 4636 2634 4706 tuis,
2685 4636 2803 4695 sed
2854 4640 3078 4695 tamen
3123 4634 3387 4710 virgam

293 4738 669 4826 magisterii
716 4754 796 4798 ne
847 4738 1149 4814 abjicias,
1202 4740 1318 4799 sed
1368 4755 1516 4800 eam
1567 4740 1633 4800 in
1684 4757 1881 4801 manu
1931 4751 2047 4801 tua
2099 4746 2269 4815 tene,
2323 4741 2500 4802 sicut
2548 4746 2740 4816 pater
2788 4740 3122 4802 interdum
3161 4758 3199 4800 a
3248 4739 3386 4801 fllio

297 4857 422 4902 suo
472 4841 746 4917 recedit,
798 4853 948 4901 cum
982 4841 1162 4902 filius
1212 4842 1310 4903 illi
1344 4844 1821 4905 contumeliam
1872 4844 2092 4905 infert.
2144 4843 2268 4904 Sed
2302 4859 2455 4906 oum
2500 4845 2673 4905 idem
2722 4845 2902 4905 filius
2936 4843 3003 4903 in
3049 4837 3387 4903 defectum

295 4948 699 5025 pervenerit,
733 4953 994 5025 patrem
1031 4955 1326 5024 revocat,
1363 4950 1430 5010 et
1462 4949 1561 5010 illi
1596 4948 1677 5010 ad
1726 4949 1991 5010 veniam
2044 4950 2484 5027 supplicatur.
2537 4947 2715 5011 Haec
2748 4949 2868 5010 tibi
2905 4965 3079 5010 nunc
3120 4948 3383 5009 adsunt.

371 5179 411 5246 ί)
440 5180 795 5236 Eberhardus
824 5179 1162 5250 Bambergae
1190 5178 1335 5236 sedit
1364 5196 1412 5236 a.
1451 5183 1774 5237 1145-1166.
1798 5184 1922 5247 —-²)
1962 5180 2042 5237 Tu
2066 5182 2153 5253 fili
2180 5189 2228 5239 et
2253 5183 2459 5239 laboris
2484 5180 2605 5239 cod.
2638 5181 2813 5238 Paulo
2841 5185 2968 5254 post
2992 5184 3271 5238 aeriorum
3298 5176 3377 5238 id.
