4036 6117
1441 526 1862 574 EXPOSITIO
1911 528 2566 575 stNGEmoRUM.
3330 515 3460 576 323

445 646 576 705 niis
613 647 681 704 in
719 651 1009 704 montem
1043 645 1260 719 Jesus,
1297 647 1557 706 scilicet
1604 648 1668 705 in
1701 648 2229 708 sanctificatione
2262 647 2627 721 Ecclesiae,
2663 665 2834 724 quae
2870 650 2935 709 in
2971 657 3108 712 toto
3146 653 3389 713 inundo
3421 671 3531 711 ex-

445 754 627 811 celsa
676 755 973 825 apparet,
1010 760 1071 810 et
1107 751 1194 811 ibi
1229 751 1508 826 sedebat,
1547 768 1832 827 regnans
1869 755 1935 812 in
1976 753 2226 813 honore
2259 760 2328 814 et
2360 754 2624 828 decore,
2663 774 2811 815 cum
2854 756 3198 833 discipulis
3234 763 3397 830 suis,
3436 762 3531 819 vi·-

444 860 686 920 delicet
720 876 871 920 cum
908 859 1219 920 omnibus
1253 860 1367 935 qui
1401 859 1468 918 in
1501 874 1654 918 eum
1688 859 2117 919 crediderunt
2147 867 2215 919 et
2247 859 2549 920 credunt.

539 966 694 1024 Erat
745 972 966 1023 autem
994 967 1381 1041 prosc-imum
1403 1010 1418 1037 ,
1458 961 1521 1021 id
1554 968 1659 1021 est
1693 963 1759 1022 in
1791 964 2066 1023 assidua
2104 962 2631 1039 frequentatione
2675 966 3217 1042 propinquitatiS,
3257 974 3526 1046 pascha,

448 1073 707 1131 scilicet
755 1072 1130 1131 communio
1179 1071 1485 1146 corporis
1533 1077 1606 1130 et·
1650 1071 1993 1144 sanguinis
2031 1072 2308 1141 Christi,
2361 1072 2731 1132 innocentis
2764 1073 2954 1148 Agni,
2991 1076 3131 1133 dies
3160 1078 3374 1152 festus
3416 1077 3532 1136 Ju-

449 1178 787 1249 daeorum,
840 1176 902 1235 id
937 1182 1037 1236 est
1090 1177 1414 1251 incipiens
1445 1183 1512 1237 et
1546 1176 1797 1248 lucens,
1836 1176 2050 1235 bonus
2083 1178 2151 1236 et
2185 1191 2465 1249 magnus
2499 1192 2578 1235 ac
2612 1178 2999 1250 praeclarus
3034 1179 3236 1239 ardor
3268 1179 3419 1239 fidei
3453 1197 3531 1239 ac

448 1280 772 1340 bonorum
808 1297 1107 1356 operum,
1145 1281 1211 1339 in
1244 1280 1560 1341 cordibus
1592 1279 2003 1339 credentium
2038 1287 2107 1340 et
2139 1283 2412 1353 peccata
2447 1296 2567 1338 sua
2601 1280 3076 1342 confitentium.

541 1387 704 1448 Cum
752 1386 1141 1446 sublevasset
1193 1402 1353 1461 ergo
1407 1387 1472 1445 in
1517 1386 1730 1461 gloria
1781 1386 2053 1447 honoris
2085 1389 2328 1457 oculos,
2369 1387 2432 1445 id
2479 1393 2582 1445 est
2618 1389 3046 1449 intentionem
3096 1391 3417 1452 scientiae
3468 1392 3533 1450 in

448 1491 772 1563 Ecclesia,
811 1492 1002 1550 Jcsus
1037 1492 1365 1566 Salvator,
1399 1501 1460 1550 et
1497 1493 1762 1550 vidisset
1793 1508 1912 1568 per
1945 1494 2475 1553 misericordiam
2513 1511 2726 1568 suam,
2758 1499 2914 1572 quia
2935 1499 3298 1557 multitudo
3322 1501 3536 1559 maxi-

445 1612 556 1651 ma
587 1594 1002 1653 credentium
1039 1598 1214 1654 venit
1249 1596 1335 1653 ad
1369 1614 1522 1654 eum
1555 1611 1675 1671 per
1708 1596 2117 1670 baptismum
2150 1602 2217 1656 et
2250 1598 2647 1671 martyrium
2680 1614 2758 1656 ac
2791 1616 2911 1674 per
2944 1602 3076 1660 alia
3111 1602 3282 1662 bona
3316 1618 3535 1661 exem-

448 1699 580 1774 pla,
615 1702 772 1760 dicit
810 1720 929 1777 per
965 1704 1469 1779 inspirationem
1505 1719 1696 1762 suam
1723 1704 1808 1763 ad
1835 1704 2252 1782 Philippum,
2289 1706 2548 1764 scilicet
2580 1705 2663 1765 ad
2698 1707 3034 1782 simplicia
3067 1708 3310 1783 legalia
3343 1724 3534 1784 prae-

445 1811 638 1880 cepta
686 1809 938 1867 veteris
971 1809 1183 1883 Legis:
1228 1809 1448 1883 Unde,
1500 1808 1568 1868 id
1614 1812 1740 1883 est,
1777 1807 1859 1866 de
1907 1809 2154 1883 quibus
2189 1810 2519 1883 legalibus
2572 1810 2766 1870 factis
2799 1812 2904 1869 vel
2955 1814 3331 1887 praeceptis
3366 1814 3536 1872 anti-

449 1926 735 1985 quorum
783 1912 1266 1973 sacrificiorum
1301 1933 1618 1988 ememus,
1655 1915 1918 1973 scilicet
1963 1914 2483 1989 provocabimus
2532 1920 2649 1973 aut
2697 1914 3129 1975 ostendemus
3170 1935 3405 1992 panes,
3442 1917 3538 1974 vi-

448 2016 691 2077 delicet
739 2016 965 2093 justos
1012 2024 1078 2076 et
1128 2023 1396 2079 sanctos
1454 2020 1757 2079 homines
1806 2020 1872 2078 in
1906 2019 2226 2094 operibus
2276 2018 2456 2092 suis,
2492 2026 2562 2076 ut
2599 2020 2997 2080 viiaizduccnt
3034 2024 3123 2095 hi,
3160 2022 3242 2080 de
3290 2022 3537 2097 quibus

449 2126 823 2201 exemplum
859 2126 1282 2186 credulitatis
1314 2134 1381 2187 et
1415 2126 1796 2187 sanctitatis
1832 2125 2134 2186 trahant?

543 2236 673 2295 Hoc
720 2243 944 2295 autem
991 2236 1242 2296 dicebat
1290 2236 1484 2295 Jesus
1534 2241 1798 2294 tentans
1846 2253 2022 2307 eum,
2077 2234 2139 2292 id
2187 2236 2313 2306 est,
2348 2242 2784 2309 perscrutans
2830 2244 2897 2296 et
2930 2237 3301 2298 discutiens
3352 2240 3415 2297 in
3451 2240 3539 2299 si-

409 2406 414 2412 .
452 2352 990 2423 gnificationibus
1040 2355 1397 2426 praecepta
1445 2348 1695 2408 veteris
1729 2348 1944 2421 Legis,
1982 2347 2133 2422 Ipse
2182 2348 2364 2405 enim
2412 2345 2645 2405 sciebat
2698 2348 2858 2421 quid
2891 2355 3059 2406 esset
3108 2350 3434 2425 facturus,
3474 2348 3538 2405 in

447 2457 572 2517 hoc
606 2459 779 2535 quod
816 2461 1061 2520 multas
1096 2458 1382 2517 virtutes
1415 2460 1481 2516 et
1515 2455 2039 2530 significationes
2072 2453 2439 2513 educturus
2470 2458 2653 2514 esset
2683 2455 2745 2512 in
2780 2454 3069 2513 salutem
3095 2454 3534 2528 credentium,

449 2567 624 2626 sicut
657 2567 860 2625 etiam
895 2566 1417 2641 praefiguratum
1449 2569 1555 2622 est
1589 2563 1654 2621 in
1689 2562 1899 2622 ariete
1938 2562 2000 2619 in
2037 2561 2250 2636 spinis
2285 2561 2631 2636 pendente.

541 2672 900 2746 Respondit
949 2672 1012 2728 ei
1062 2668 1330 2728 Christo
1382 2669 1769 2743 Philippus:
1825 2666 2277 2725 Ducentos-um
2334 2668 2765 2726 denariorum
2794 2687 3027 2745 panes,
3081 2671 3344 2729 scilicet
3401 2676 3541 2729 tota

457 2792 716 2835 summa
764 2777 1215 2851 praemiorum
1249 2777 1456 2844 vitae,
1492 2790 1664 2851 quae
1697 2776 1764 2833 et
1812 2774 1879 2832 in
1911 2774 2260 2849 prophetis
2292 2780 2361 2834 et
2397 2775 2459 2831 in
2500 2776 2711 2833 veteri
2746 2775 2917 2850 Lege
2945 2776 3151 2850 justis
3185 2783 3253 2837 et
3287 2779 3540 2836 sanctis

451 2880 832 2939 hominibus
881 2880 1211 2955 promissa
1245 2886 1372 2953 est,
1409 2897 1541 2937 non
1577 2880 1919 2957 sufficiunt
1970 2880 2087 2952 cis,
2125 2878 2191 2936 id
2232 2883 2356 2951 est,
2394 2878 2500 2936 bis
2536 2879 2650 2954 qui
2685 2880 2969 2954 vestigia
3004 2883 3113 2940 tua
3155 2881 3217 2939 in
3244 2882 3542 2941 Ecclesia

452 2992 789 3057 secuntur,
841 2994 911 3044 ut
962 2988 1436 3064 unusquisque,
1488 2985 1602 3061 qui
1651 2985 1986 3061 baptisma
2036 2989 2502 3060 susceperunt,
2552 2985 2880 3045 modicum
2935 2987 3096 3065 quid
3146 2987 3416 3047 virtutis
3473 2993 3542 3046 et

453 3096 735 3170 exempli
789 3096 853 3153 in
888 3095 1491 3169 significationibus
1536 3095 1853 3169 accipiam
1892 3092 2153 3150 scilicet
2205 3092 2268 3149 in
2304 3097 2593 3150 mentem
2644 3109 2830 3152 suam
2868 3095 3171 3168 colligat,
3226 3097 3538 3170 quoniam

456 3201 583 3276 ipsi
619 3200 829 3258 multo
866 3200 1118 3274 majora
1156 3200 1400 3258 habere
1436 3200 1689 3270 volunt,
1727 3198 1808 3256 de
1844 3198 2095 3256 virtute
2133 3197 2196 3254 in
2232 3197 2545 3256 virtutem
2582 3204 2837 3256 euntes,

552 3308 722 3368 Dicit
756 3310 817 3365 ei
851 3325 1047 3381 unus,
1089 3307 1153 3364 in
1187 3306 1440 3365 unitate
1467 3304 1617 3364 fidei
1642 3304 1928 3380 probati,
1967 3322 2053 3360 eae
2079 3303 2424 3380 discipulis
2460 3299 2623 3378 ejus,
2661 3304 2772 3378 qui
2811 3304 3097 3378 vestigia
3132 3303 3382 3364 Christi
3417 3305 3543 3363 fide

458 3417 527 3470 et
559 3425 757 3486 opere
792 3410 1136 3470 subsecuti
1169 3416 1379 3480 erant,
1417 3411 1739 3483 Andreas,
1782 3409 2134 3468 fortissimi
2169 3408 2516 3468 credentes
2556 3409 2619 3466 in
2652 3409 2977 3467 virtuosis
3010 3408 3292 3483 viribuS,
3328 3411 3545 3487 frater

461 3520 747 3581 Simonis
797 3519 1007 3590 Petri,
1060 3519 1321 3578 scilicet
1370 3518 1614 3578 fratres
1650 3518 1923 3590 Christi,
1979 3516 2332 3576 fortissimi
2369 3516 2624 3591 lapides
2665 3515 2910 3590 effecti,
2947 3531 3101 3579 cum
3132 3517 3547 3578 voluntatem

460 3624 609 3700 ejus
642 3622 887 3698 ubique
924 3624 986 3681 in
1021 3623 1266 3683 divinis
1301 3622 1682 3698 praeceptis
1716 3622 2178 3698 adimplerent.

550 3728 662 3788 Est
694 3746 888 3802 puer,
940 3727 1129 3802 pueri
1165 3727 1230 3784 in
1279 3727 1596 3801 operibus
1632 3727 1797 3799 sum,
1833 3743 2010 3784 unus
2045 3727 2171 3797 hic,
2211 3724 2279 3783 hi
2314 3724 2575 3783 scilicet
2609 3724 2934 3784 unitatem
2969 3725 3123 3787 fidei
3149 3727 3217 3786 in
3245 3727 3546 3788 Ecclesia

457 3832 891 3892 devotissime
941 3832 1495 3906 complectente8‚
1545 3834 1660 3908 qui
1717 3831 1900 3891 habet
1951 3833 2243 3907 quinque
2289 3849 2499 3907 panes
2547 3831 2958 3908 hordeaceos,
3006 3833 3096 3892 ita
3132 3835 3204 3893 ut
3252 3835 3426 3893 sicut
3484 3833 3549 3890 in

463 3940 755 4015 quinque
805 3935 1116 3994 sensibus
1165 3937 1308 3994 suis
1355 3937 1715 4012 Justissimi
1763 3944 1830 3997 et
1865 3936 2276 3997 sanctissimi
2328 3937 2632 3997 homines
2684 3939 2749 3997 in
2798 3938 3045 3999 hordeo
3094 3948 3445 4016 angustam
3482 3947 3549 4000 et

459 4047 714 4105 arctam
757 4043 935 4101 viam
969 4041 1343 4116 diligentes,
1395 4049 1455 4100 et
1491 4044 1653 4101 duos
1682 4045 1922 4119 pisces,
1959 4043 2271 4103 videlicet
2304 4044 2419 4118 qui
2454 4044 2792 4103 Christum
2827 4060 3060 4103 verum
3094 4045 3300 4104 Deum
3334 4049 3401 4105 et
3434 4045 3549 4105 ho-

464 4154 709 4213 minem
757 4152 823 4210 in
856 4167 1023 4226 pura
1070 4157 1135 4208 et
1171 4151 1540 4225 perspicaci
1591 4153 2099 4210 conversatione
2144 4151 2472 4225 spiritalis
2505 4151 2683 4210 vitae
2718 4150 3096 4225 imitantur,
3135 4156 3208 4210 ut
3242 4150 3549 4211 monachi

462 4265 530 4322 et
561 4260 878 4335 virgineS,
932 4257 1199 4316 saeculo
1236 4257 1529 4330 perfecte
1581 4258 2059 4316 renuntiantes.
2117 4257 2246 4317 Sed
2278 4259 2457 4331 haec,
2495 4257 2757 4315 scilicet
2790 4272 2993 4332 opera
3025 4256 3451 4316 discretionis
3484 4259 3552 4316 et

466 4366 993 4430 conversationis
1029 4364 1476 4423 saecularium
1509 4363 1980 4437 abjectionum‚
2018 4364 2181 4439 quid
2213 4369 2365 4421 sunt
2402 4366 2581 4421 inter
2616 4370 2853 4438 tantos,
2883 4364 2997 4439 qui
3036 4364 3099 4422 in
3124 4364 3423 4423 Ecclesia
3459 4363 3552 4423 la-

471 4475 741 4535 borant?
766 4474 924 4549 quia
951 4472 1235 4531 nondum
1263 4473 1363 4530 eis
1394 4473 1561 4530 istae
1591 4471 1875 4528 virtutes
1911 4469 2274 4544 sufficiunt,
2314 4470 2429 4528 sed
2464 4470 2530 4528 in
2567 4471 2800 4529 ultimo
2839 4477 3135 4547 tempore
3169 4471 3379 4531 multo
3418 4487 3554 4530 ma-

464 4582 646 4657 jores
697 4580 876 4637 vires
927 4581 991 4638 in
1041 4580 1388 4655 prophetia
1421 4585 1487 4638 et
1534 4580 1602 4638 in
1636 4579 2064 4654 passionibus
2115 4583 2497 4637 sanctorum
2533 4586 2846 4654 surgent,
2900 4596 3053 4640 cum
3087 4581 3292 4641 etiarn
3341 4582 3550 4640 multo

472 4684 725 4758 majora
763 4684 933 4741 mala
968 4698 1082 4742 eos
1119 4689 1189 4742 ut
1223 4683 1518 4742 triticum
1554 4683 2046 4742 excribrabunt.

565 4793 746 4851 Discit
784 4810 934 4868 erqo
969 4791 1157 4851 Jcsus
1193 4791 1628 4866 sequentibus
1663 4807 1755 4849 se:
1788 4790 2009 4850 Facite
2043 4792 2337 4850 homi-nes
2371 4788 2801 4861 discumbere,
2844 4789 2906 4848 id
2941 4797 3045 4848 est
3079 4789 3380 4848 ordinate
3413 4806 3554 4848 cre-

470 4896 782 4955 dentibus
833 4903 1083 4954 rcctam
1133 4902 1198 4953 ct
1249 4895 1485 4954 bonam
1535 4896 1824 4970 quietem
1881 4896 1943 4953 in
1993 4895 2371 4970 praeceptis
2422 4895 2587 4952 meis
2641 4895 2703 4952 in
2751 4893 3068 4952 Ecclesia.
3123 4895 3279 4953 Erat
3331 4899 3553 4952 aulem

471 5007 707 5082 senum
755 5006 1076 5074 multum,
1145 5005 1207 5063 id
1257 5006 1360 5062 cst
1410 5003 1624 5062 adhuc
1672 5004 1865 5061 erant
1914 5001 2238 5076 plurimae
2290 5001 2633 5060 irrisiones
2687 5001 2747 5058 in
2801 5002 3063 5059 cultura
3120 4997 3551 5068 infidelitatiS,

475 5129 643 5187 quas
683 5114 978 5172 homines
1028 5113 1215 5188 prius
1251 5114 1314 5170 in
1345 5111 1678 5184 judaismo
1712 5117 1777 5169 et
1817 5112 1878 5169 in
1915 5110 2304 5186 paganismo
2343 5110 2672 5172 viderant,
2712 5111 2775 5166 in
2818 5109 2973 5180 loce,
3013 5107 3271 5165 scilicet
3307 5106 3370 5162 in
3404 5120 3556 5161 con-
