4036 6117
1310 524 1542 570 Lmen
1599 523 1796 568 vii-‚43
1854 519 2314 567 manli-onum
3202 503 3288 560 6.)

1746 728 1880 787 1111.

1397 938 1806 1012 Responsum
1859 937 2207 1011 caryitatis.

347 1248 406 1308 7.
454 1250 538 1309 Et
573 1249 817 1308 iterum
864 1246 945 1306 de
977 1248 1321 1324 praedicta
1372 1247 1639 1306 turbida
1674 1246 1847 1305 nube
1895 1246 2122 1305 audivi
2159 1260 2391 1304 vocem
2441 1244 2598 1304 huic
2634 1245 2906 1319 imagini
2959 1261 3353 1320 responsum

256 1353 544 1412 dantem:
600 1371 631 1410 et
672 1353 769 1412 Tu
800 1351 1179 1427 periculosa
1226 1356 1294 1410 et
1325 1349 1647 1409 damnosa
1683 1364 1759 1409 ac
1794 1349 1994 1408 nimis
2031 1365 2188 1408 acra
2221 1348 2644 1408 exacerbatio
2692 1364 2788 1422 es,
2826 1365 2996 1424 quae
3041 1364 3160 1408 nec
3193 1347 3349 1421 Deo,

261 1443 446 1515 inec
479 1455 863 1531 praeceptis
909 1454 1055 1530 ejus
1089 1454 1492 1530 respondere
1540 1453 1669 1527 vis;
1706 1452 1820 1512 sed
1879 1468 2051 1529 quae
2108 1454 2174 1510 in
2223 1451 2590 1511 acerbitate
2639 1458 2752 1510 tua
2801 1468 3175 1528 permanes;
3233 1453 3350 1512 sed

263 1577 291 1613 ι
327 1574 448 1633 ego
487 1559 557 1617 in
605 1558 834 1634 pluvia
867 1564 934 1616 et
968 1573 1141 1632 rore,
1200 1559 1264 1616 in
1299 1563 1633 1632 unguento
1684 1573 1762 1616 ac
1796 1557 1860 1615 in
1896 1555 2225 1615 medicina
2276 1557 2462 1630 larga
2496 1571 2667 1629 sum,
2707 1556 2802 1615 ita
2843 1557 3020 1632 quod
3052 1574 3172 1634 per
3204 1573 3354 1632 gra-

262 1681 286 1716 »
322 1662 486 1720 tiam
526 1662 592 1720 in
624 1661 876 1738 pluvia,
913 1676 1033 1736 per
1065 1661 1381 1736 gaudium
1417 1662 1483 1719 in
1517 1677 1692 1735 rore,
1728 1676 1848 1736 per
1881 1658 2415 1719 misericordiam
2451 1659 2512 1718 in
2565 1665 2925 1735 unguento,
2961 1676 3081 1736 per
3112 1678 3349 1722 conso-

261 1783 285 1820 »
321 1764 646 1824 lationem
678 1765 972 1824 omnium
1006 1764 1310 1824 dolorum
1349 1765 1414 1823 in
1448 1764 1778 1823 medicina
1812 1778 2075 1838 operor,
2113 1768 2179 1821 et
2214 1761 2391 1837 quod
2440 1761 2566 1820 hoc
2603 1760 2796 1821 modo
2834 1763 2900 1821 in
2933 1762 3040 1822 his
3088 1781 3349 1840 perma-

257 1888 283 1923 ι
319 1868 516 1943 nebo,
555 1875 622 1927 et
655 1866 833 1945 quod
867 1868 966 1927 sic
1003 1869 1069 1927 in
1102 1874 1447 1926 aeternum
1499 1867 1811 1942 regnabo.
1849 1867 2126 1925 Materia
2175 1870 2398 1924 autem
2438 1872 2549 1923 tua
2598 1864 2897 1939 gehenna
2931 1872 3057 1941 est,
3096 1868 3175 1926 de
3211 1886 3342 1944 qua

259 1990 283 2027 t
316 1973 525 2031 etiam
559 1979 794 2033 exorta
828 1988 922 2032 es,
966 1990 997 2028 ιο

329 2076 387 2135 8.
437 2076 568 2136 Sed
605 2077 806 2137 tertia
856 2077 1072 2151 imago
1109 2075 1392 2134 formam
1427 2075 1717 2135 hominis
1772 2074 2085 2148 habebat,
2132 2079 2408 2149 excepto
2460 2072 2638 2149 quod
2672 2082 2873 2150 caput
2925 2077 3138 2152 ipsius
3175 2080 3346 2138 inter

250 2180 556 2255 scapulas
595 2196 754 2239 suas
787 2197 824 2239 a
859 2195 1138 2255 corpore
1179 2180 1627 2255 proeminens,
1667 2184 1802 2237 tam
1854 2178 2066 2238 ferino
2099 2194 2300 2253 quam
2335 2176 2621 2236 humano
2664 2179 2868 2254 capiti
2918 2182 3339 2244 assimilaba-

251 2290 365 2342 tur.
400 2283 572 2341 Nam
607 2283 894 2357 grandes
926 2289 995 2342 et
1027 2283 1257 2357 igneos
1292 2283 1547 2355 ocuIOS,
1584 2289 1650 2341 et
1683 2299 1759 2342 os
1795 2288 1867 2340 ut
1902 2280 2260 2357 leopardus
2312 2280 2622 2354 habebat,
2658 2288 2725 2340 et
2758 2282 2842 2341 ab
2887 2289 3171 2360 utraque
3206 2303 3341 2347 ma-

244 2386 412 2458 xilla,
451 2386 633 2444 linea
668 2387 839 2461 picei
873 2386 1119 2445 coloris
1154 2385 1235 2445 ad
1271 2392 1567 2445 mentum
1602 2386 1749 2461 ejus
1799 2383 2267 2444 descendebat.
2304 2382 2427 2442 Sed
2462 2390 2529 2443 et
2577 2383 2662 2442 ab
2707 2390 2992 2461 utroque
3041 2389 3167 2447 fine
3199 2393 3340 2449 oris

244 2488 378 2564 ejus
410 2496 622 2564 caput
655 2489 989 2564 serpentis
1021 2488 1490 2564 descendebat,
1528 2494 1594 2547 et
1630 2489 1876 2548 multas
1927 2488 2231 2547 flammas
2279 2502 2358 2545 ex
2403 2502 2518 2545 ore
2555 2503 2677 2546 suo
2721 2489 3092 2551 emittebat.
3129 2491 3339 2569 Super

241 2605 442 2666 genua
476 2597 708 2652 autem
743 2609 864 2652 sua
901 2592 1124 2652 stabat
1175 2592 1432 2666 reliquo
1468 2608 1747 2667 corpore
1781 2597 2027 2650 erecto.
2064 2591 2143 2649 Et
2175 2596 2377 2665 caput
2412 2606 2609 2647 suum
2658 2591 2849 2666 nigro
2885 2608 2964 2650 ac
3006 2595 3195 2669 piceo
3229 2612 3339 2656 ve-

244 2696 468 2755 lamine
510 2695 827 2755 muliebri
863 2711 1048 2754 more
1081 2695 1639 2768 circumdederat,
1677 2712 1757 2755 ac
1800 2696 2059 2770 reliquo
2092 2709 2374 2769 corpore
2421 2694 2786 2767 nigerrimo
2824 2695 3207 2758 indumento
3244 2702 3338 2759 in-

237 2799 582 2872 duebatur,
619 2800 728 2857 cui
763 2799 1062 2858 manicae
1095 2798 1337 2857 viduae
1363 2798 1878 2872 descendebant,
1910 2799 2069 2873 quia
2104 2795 2379 2856 brachia
2415 2813 2536 2854 sua
2568 2797 2631 2855 in
2670 2797 2841 2856 idem
2870 2798 3328 2863 indumentum

241 2903 599 2963 introrsum
635 2902 1023 2975 collegerat,
1061 2907 1128 2960 et
1162 2901 1447 2978 dicebat:

1746 3112 1814 3171 V.

1474 3318 1674 3378 Verba
1719 3321 2101 3395 impietati&

311 3528 368 3589 9.
423 3549 453 3586 »
497 3530 642 3589 Nec·
665 3528 821 3603 Deo,
856 3544 978 3587 nec
1012 3527 1264 3587 homini
1300 3527 1570 3587 obedire
1618 3529 1792 3588 volo.
1829 3526 1895 3585 Si
1932 3528 2108 3586 enim
2160 3527 2291 3585 alio
2335 3526 2702 3599 obedirem,
2740 3529 2916 3602 quod
2951 3530 3034 3589 ad
3069 3534 3322 3594 utilita-

241 3650 264 3687 ι
297 3638 424 3692 tem
459 3650 659 3692 suam
712 3633 1100 3708 respiceret,
1138 3647 1244 3690 me
1293 3631 1513 3690 facere
1541 3631 1829 3706 juberet,
1881 3646 2002 3689 nec
2036 3630 2399 3689 utilitatem
2430 3622 2477 3706 ¹)
2514 3645 2731 3689 meam
2775 3632 3160 3711 inspiceret,
3199 3638 3315 3696 sed

237 3752 263 3789 ι
296 3736 450 3796 mihi
504 3737 779 3796 diceret:
817 3736 1010 3796 Cede.
1049 3737 1188 3795 Hoc
1224 3741 1444 3795 autem
1495 3750 1626 3794 non
1660 3735 1808 3794 erit.
1839 3734 2004 3794 Nam
2039 3736 2097 3794 si
2132 3733 2286 3809 quis
2321 3733 2637 3808 injuriam
2670 3732 2835 3793 mihi
2879 3735 3203 3813 intulerit,
3244 3742 3321 3800 il-

239 3856 263 3891 »
295 3838 421 3899 lam
453 3840 521 3899 ei
556 3819 942 3915 c‘entuplum
977 3839 1271 3913 reddam,
1307 3844 1374 3898 et
1407 3854 1651 3898 causas
1687 3854 1870 3897 meas
1921 3838 2021 3897 sic
2052 3838 2428 3914 disponam,
2466 3838 2642 3912 quod
2691 3838 2915 3897 nullus
2949 3841 3111 3901 mihi
3149 3846 3315 3903 resi-

239 3960 262 3993 1·
295 3949 463 4001 stere
519 3943 780 4002 audeat.
818 3942 950 4002 Sub
998 3943 1248 4002 nullius
1282 3943 1459 4001 enim
1492 3942 1774 4018 pedibus
1803 3942 2028 4017 jacere
2061 3942 2234 4001 volo
2263 3940 2427 4000 Nam
2464 3957 3001 4018 unamquamque
3033 3961 3309 4008 oausam

235 4061 261 4101 ι
294 4060 456 4120 quae
492 4046 579 4104 ad
629 4046 988 4105 utilitatem
1023 4061 1241 4105 meam
1290 4046 1601 4121 pertinet,
1644 4045 1908 4119 faciam,
1960 4047 2138 4104 sicut
2173 4044 2635 4119 unusquisque
2688 4045 2869 4118 facit,
2916 4048 3032 4121 qui
3085 4048 3309 4110 fatuus

237 4166 261 4199 ι
296 4163 416 4207 non
448 4154 580 4208 est.
618 4148 683 4207 Si
717 4147 894 4208 Deus
928 4151 1074 4209 vult
1107 4155 1180 4208 ut
1220 4149 1461 4208 faciam
1489 4149 1665 4225 quod
1704 4149 1824 4208 tibi
1861 4150 2147 4223 placeat,
2178 4164 2310 4206 non
2344 4147 2473 4205 nisi
2503 4148 2749 4206 bonum
2786 4148 2947 4207 mihi
2980 4150 3239 4213 inferat.
3275 4172 3305 4209 ι

1718 4357 1812 4415 vl.

1385 4566 1795 4643 Responsum
1838 4566 2129 4642 pietati&

301 4768 402 4833 10.
436 4770 516 4833 Et
551 4755 795 4834 iterum
827 4773 908 4833 de
943 4774 1246 4849 praefata
1298 4774 1564 4834 turbida
1599 4774 1772 4833 nube
1822 4774 2048 4833 audivi
2088 4789 2316 4831 vocem
2369 4772 2521 4830 huic
2558 4772 2705 4830 voci
2760 4775 3291 4849 respondentem:

234 4891 258 4929 ii
289 4876 377 4935 Tu
408 4877 743 4938 diabolica
776 4884 842 4936 et
876 4878 1169 4938 crudelis
1204 4895 1300 4953 es,
1347 4885 1411 4937 et
1449 4893 1757 4954 magnam
1809 4878 2294 4953 malignitatem
2334 4876 2397 4935 in
2433 4882 2497 4934 te
2548 4877 2772 4937 habes.
2811 4878 2875 4937 Si
2912 4880 3086 4939 enim
3120 4880 3297 4941 Deus

240 4995 264 5030 ι
298 4981 707 5053 permitteret
742 4986 807 5040 te
859 4981 1076 5041 facere
1110 4983 1329 5042 omnia
1379 4998 1550 5058 quae
1586 4983 1818 5055 velleS,
1871 4982 2026 5057 quis
2061 4987 2217 5040 tunc
2255 4981 2397 5054 ipse
2444 4981 2662 5038 esset‘?
2695 4982 2770 5039 Et
2807 4983 2862 5040 si
2900 4982 3073 5041 Deus
3123 4984 3293 5042 bona

291 5162 329 5221 'i
352 5166 424 5219 ad
447 5167 742 5221 utilitatem
765 5121 854 5221 A.-

386 5274 732 5333 ANALECT.
785 5275 853 5333 T.
906 5276 1064 5334 vl11.
1123 5277 1163 5333 5
