4036 6117
743 493 872 557 100
1892 515 1943 561 s.
2006 515 2566 564 mnneeAnms

2081 740 2348 800 LXXXI.

1869 933 1962 992 De
2003 933 2572 991 immoderatione.

764 1138 1381 1199 97.1mmoderatio
1430 1139 1607 1196 enirn
1657 1153 1777 1197 nec
1827 1139 1894 1197 in
1926 1140 2140 1214 coelo,
2189 1154 2311 1197 nec
2360 1139 2426 1197 in
2476 1144 2680 1211 terra,
2715 1139 2980 1214 plenam
3014 1139 3494 1200 habitationem
3546 1140 3774 1214 babet,

665 1242 983 1318 quoniam
1015 1240 1354 1315 quaelibet
1386 1240 1496 1298 via
1531 1240 1661 1299 sibi
1699 1241 1951 1300 incerta
1984 1244 2109 1301 est.
2144 1237 2190 1319 ¹)
2226 1241 2391 1299 Nam
2424 1241 2490 1299 in
2523 1240 2866 1300 nimietate
2901 1242 3150 1318 ubique
3182 1257 3336 1302 esse
3369 1244 3539 1318 vult,
3576 1250 3645 1302 et
3676 1244 3773 1302 di-

673 1346 785 1405 cit:
828 1364 859 1402 (
900 1345 1108 1419 Capta
1139 1359 1385 1418 essem,
1422 1344 1480 1402 si
1515 1360 1953 1421 unaquaeque
1987 1362 2118 1404 non
2151 1350 2635 1420 perscrutarer.
2670 1362 2701 1402 ι
2733 1344 2859 1403 Sed
2891 1352 2959 1406 et
2991 1346 3288 1422 quietem
3332 1363 3550 1424 neque
3596 1347 3772 1408 desi-

666 1450 880 1525 derat,
917 1464 1131 1524 neque
1162 1448 1329 1522 vult,
1366 1454 1434 1508 et
1467 1448 1556 1508 ob
1585 1448 1712 1507 hoc
1744 1450 1949 1509 etiam
1982 1455 2057 1509 ut
2091 1456 2237 1508 rota
2268 1465 2441 1525 quae
2473 1451 2874 1526 percutitur,
2922 1451 3479 1512 circumvolvitur
3498 1470 3514 1526 ;
3569 1456 3641 1510 et
3674 1451 3766 1509 si-

668 1559 784 1613 cut
816 1553 1040 1628 pulvis
1072 1552 1186 1628 qui
1220 1568 1340 1628 per
1373 1558 1701 1612 terrorem
1733 1553 1914 1613 venti
1948 1554 2312 1629 spargitur,
2365 1553 2464 1611 sic
2512 1558 2579 1612 et
2630 1554 2774 1628 ipsa
2807 1553 3212 1630 dissipatur,
3258 1556 3417 1630 quia
3448 1554 3760 1614 nimieta-

667 1661 804 1715 tem
836 1657 965 1716 sibi
1001 1657 1404 1716 accumulat.
1434 1655 1852 1730 Quapropter
1883 1663 1951 1717 et
1982 1672 2106 1716 vae
2137 1662 2242 1715 est
2277 1657 2741 1716 habitantibus
2771 1658 2836 1715 in
2869 1664 3073 1732 terra,
3110 1674 3315 1734 quam
3348 1657 3524 1718 Deus
3556 1673 3760 1734 super

664 1777 877 1837 aquas
926 1760 1239 1834 firmavit;
1286 1766 1354 1820 et
1399 1777 1525 1820 vae
1571 1767 1675 1821 est
1723 1761 2159 1837 pergentibus
2207 1762 2274 1819 in
2322 1761 2515 1834 mari,
2566 1778 2698 1837 quo
2746 1760 2922 1820 Deus
2972 1764 3222 1820 terram
3262 1762 3762 1836 circumcinxit,

666 1864 824 1940 quia
855 1862 1178 1922 Diabolus
1203 1863 1270 1921 in
1301 1862 1405 1922 his
1441 1864 1687 1923 multas
1723 1863 2311 1923 immoderationes
2337 1862 2719 1923 hominibus
2746 1863 3073 1939 immittit,
3096 1862 3153 1942 ⁷)
3178 1870 3511 1940 quatenus
3546 1879 3668 1923 eos
3706 1864 3773 1922 in

670 1970 1130 2031 confusionem
1163 1969 1464 2045 ejusdem
1498 1987 1701 2030 casus
1731 1970 1955 2045 ducat,
1990 1985 2112 2046 per
2144 1986 2343 2046 quem
2379 1971 2523 2045 ipse
2555 1969 2821 2030 cecidit.
2854 1971 2999 2046 Ipse
3025 1986 3315 2047 namque
3347 1970 3607 2029 homini
3642 1970 3766 2029 ini-

665 2075 975 2148 micatur,
1010 2075 1328 2150 quoniam
1362 2081 1434 2134 ut
1465 2076 1526 2133 ei
1561 2075 1860 2149 resistat,
1896 2081 1964 2135 et
1999 2081 2072 2133 ut
2105 2075 2424 2133 coelestia
2465 2074 2833 2148 possideat,
2869 2092 2907 2133 a
2939 2074 3074 2133 Deo
3109 2074 3306 2133 homo
3359 2073 3583 2132 sactus
3632 2078 3765 2132 est.

669 2179 847 2238 Haec
880 2183 1107 2237 autem
1138 2176 1218 2236 de
1251 2178 1735 2253 poenitentium
1768 2177 2123 2237 animabus
2169 2177 2536 2252 purgandis
2568 2176 2748 2238 dicta
2786 2184 2970 2252 sunt;
3000 2184 3068 2237 et
3116 2178 3336 2237 fidelia
3372 2182 3553 2250 sunt,
3594 2183 3663 2235 et
3696 2176 3769 2235 fi-

668 2282 839 2342 delis
873 2282 980 2341 his
1014 2282 1337 2356 attendat,
1372 2288 1441 2340 et
1471 2297 1550 2341 ea
1585 2283 1651 2341 in
1688 2281 2081 2340 memoriam
2114 2282 2327 2341 bonae
2360 2282 2683 2341 scientiae
2716 2289 3095 2357 componat.

762 2384 874 2445 98.
899 2385 1086 2445 Alios
1110 2400 1380 2460 quoque
1410 2384 1794 2460 praedictae
1819 2384 2270 2444 multitudinis
2302 2385 2464 2460 vidi,
2493 2385 2609 2461 qui
2641 2387 2902 2461 magnis
2935 2385 3344 2445 clamoribus
3377 2384 3769 2444 clamabant

673 2489 1145 2550 vociferantes:
1185 2508 1217 2547 α
1255 2489 1417 2561 Quis
1449 2496 1555 2550 est
1586 2488 1796 2549 Deus‘?
1826 2488 1906 2549 Et
1938 2490 2053 2565 qui
2089 2505 2322 2549 sumus
2356 2489 2510 2549 nos‘?
2548 2509 2577 2546 ι
2618 2490 2736 2549 Isti
2770 2489 3002 2564 Deum,
3046 2489 3245 2565 quasi
3273 2487 3453 2548 Deus
3484 2504 3622 2548 non
3657 2487 3773 2561 sit,

673 2611 796 2670 pro
829 2598 1214 2669 contemptu
1245 2593 1512 2667 habent,
1565 2599 1632 2653 et
1678 2593 2063 2652 hominibus
2109 2609 2191 2652 ne
2240 2595 2307 2652 in
2352 2592 2560 2652 Deum
2607 2593 2961 2668 confidant,
3013 2594 3131 2652 sed
3165 2598 3240 2653 ut
3270 2609 3425 2652 eum
3457 2592 3780 2653 omnibus

675 2697 898 2758 modis
927 2702 1270 2775 spernant,
1302 2696 1736 2773 persuadent,
1766 2703 2097 2774 quatenus
2131 2713 2246 2759 eos
2282 2713 2514 2759 secum
2546 2698 2612 2757 in
2644 2697 3087 2776 perditionem
3119 2695 3388 2759 ducant.

2081 2924 2383 2984 LXXXII.

1396 3119 1490 3179 De
1516 3120 1750 3195 poenis
1784 3137 2011 3177 eorum
2047 3120 2161 3196 qui
2193 3121 2267 3178 in
2302 3119 2516 3178 Deum
2548 3137 2681 3179 non
2710 3121 3068 3199 confidunt.

765 3332 875 3392 99.
910 3331 1083 3391 Huic
1115 3336 1339 3391 autem
1369 3331 1728 3407 perditioni
1776 3338 2051 3408 puteum
2101 3332 2341 3392 interni
2390 3348 2543 3392 cum
2590 3332 2867 3392 Diabolo
2917 3336 3395 3407 praeparatum
3441 3330 3600 3390 vidi.
3647 3330 3774 3402 Qui

677 3439 855 3497 enim
897 3438 965 3496 in
995 3435 1201 3495 Deum
1236 3452 1368 3495 non
1401 3436 1760 3511 confidunt,
1798 3443 1871 3496 ut
1903 3453 2154 3513 poenas
2188 3437 2549 3497 infernales
2582 3436 2897 3510 habeant,
2930 3434 3115 3511 digni
3165 3439 3339 3494 sunt.
3374 3433 3456 3493 Et
3502 3448 3626 3509 per
3677 3433 3777 3492 vi·-

680 3547 945 3600 ventem
986 3539 1306 3614 Spiritum
1339 3540 1476 3599 vidi
1510 3547 1577 3599 et
1611 3541 1905 3599 intellexi
1941 3541 2128 3612 haec,
2163 3548 2231 3600 et
2262 3541 2343 3600 de
2370 3540 2714 3615 praedicta
2762 3541 3029 3599 vivente
3063 3539 3210 3598 luce
3246 3554 3480 3598 vocem
3515 3538 3769 3598 iterum

681 3644 845 3705 mihi
875 3644 1207 3703 dicentem
1250 3643 1497 3702 audivi:
1532 3643 1712 3704 Haec
1743 3660 1914 3720 quae
1946 3644 2159 3719 vides,
2197 3661 2358 3704 vera
2392 3652 2573 3720 sunt,
2605 3651 2673 3705 et
2709 3651 2780 3704 ut
2804 3661 2884 3704 ea
2908 3642 3127 3718 videS,
3164 3644 3256 3703 ita
3291 3647 3469 3702 sunt.

2062 3868 2389 3928 LXXXIII.

1737 4062 1830 4121 De
1863 4061 2247 4121 eorumdem
2271 4063 2709 4138 poenitentia.

769 4272 920 4333 100.
956 4271 1373 4345 Quapropter
1399 4268 1724 4343 homineS,
1752 4267 1810 4326 si
1838 4268 2164 4343 malignos
2192 4268 2497 4344 spirituS‚
2526 4268 2638 4344 qui
2671 4283 2782 4327 eos
2817 4266 2899 4327 ad
2925 4282 3127 4344 opera
3162 4266 3277 4325 illa
3310 4264 3778 4341 exhortantur,

676 4392 849 4454 quae
881 4375 963 4434 ad
995 4374 1444 4450 perditionem
1480 4372 1869 4449 respiciunt,
1906 4372 1988 4431 de
2025 4388 2097 4432 se
2134 4372 2367 4447 fugare
2400 4372 2758 4447 voluerint,
2794 4377 2862 4430 et
2897 4372 2955 4430 si
2989 4370 3349 4447 perditioni
3384 4369 3625 4430 abesse
3666 4370 3783 4430 de·-

675 4479 1143 4552 sideraverint,
1167 4478 1234 4536 in
1258 4476 1468 4536 Deum
1494 4477 1849 4551 confidant,
1879 4482 1947 4535 et
1972 4482 2332 4552 praecepta
2359 4477 2577 4552 ipsius
2596 4475 2777 4551 juste
2809 4482 2876 4536 et
2904 4481 3157 4549 sancte,
3178 4481 3380 4551 prout
3404 4475 3774 4551 potuerint,

672 4588 844 4647 bona
877 4584 1223 4642 voluntate
1257 4582 1654 4657 compleant,
1692 4596 1769 4639 ac
1815 4581 2070 4656 vigiliis
2117 4588 2185 4640 et
2211 4580 2485 4656 jejuniis
2520 4586 2720 4657 atque
2768 4580 3199 4640 eleemosinis
3235 4579 3573 4654 insistant,
3612 4596 3781 4657 qua-

675 4696 870 4748 tenus
901 4685 1200 4759 DiaboIO,
1238 4687 1351 4761 qui
1388 4686 1455 4744 in
1488 4684 1860 4760 perditione
1884 4690 2013 4759 est,
2045 4700 2120 4743 se
2144 4685 2451 4760 eripiant.
2484 4684 2896 4761 Quicumque
2929 4684 3106 4743 enim
3136 4684 3202 4743 in
3223 4682 3434 4744 Deum
3467 4700 3597 4743 non
3622 4699 3780 4743 con-

672 4791 840 4867 fidit,
869 4789 1029 4867 quid
1055 4789 1276 4849 anima
1303 4789 1414 4863 sit,
1445 4789 1682 4862 nescit,
1721 4802 1841 4846 nec
1866 4787 2076 4847 Deum
2102 4804 2224 4863 per
2248 4789 2596 4863 miracula,
2631 4804 2805 4865 quae
2840 4790 2906 4848 in
2940 4789 3273 4848 creaturis
3299 4792 3639 4863 operatur,
3676 4786 3780 4846 in-

674 4895 977 4971 telligere
1011 4900 1128 4955 aut
1159 4893 1386 4953 videre
1419 4892 1705 4970 quaerit.
1739 4891 1915 4951 Deus
1948 4893 2128 4951 enim
2162 4894 2277 4969 qui
2315 4894 2379 4953 in
2412 4899 2550 4954 tam
2585 4910 2825 4970 magno
2861 4893 3152 4953 culmine
3184 4900 3314 4968 est,
3362 4891 3540 4968 quod
3574 4889 3776 4950 homo

749 5158 793 5224 ¹)
818 5161 927 5216 sibi
951 5161 1221 5216 obdurata
1244 5166 1319 5216 ext
1343 5160 1408 5216 A.
1443 5188 1504 5199 -
1530 5162 1575 5226 ²)
1603 5162 1910 5220 hominibus
1935 5175 2047 5216 om.
2077 5158 2143 5216 A.
