4036 6117
730 508 860 569 564
1878 528 1930 572 S.
1983 527 2531 575 mnnncAnnts

663 643 840 719 quod
890 643 1066 703 Deus
1100 622 1242 718 est,
1279 644 1503 704 omnia
1536 645 2064 721 conspiciuntur.
2117 649 2268 725 Ipse
2302 647 2485 708 videt
2534 654 2597 707 te
2642 647 2827 706 velut
2874 647 3171 708 validum
3220 648 3594 721 turbinem,
3645 645 3755 723 qui

661 747 888 824 aliquo
938 754 1237 822 tempore
1271 747 1617 823 dividitur,
1670 756 1738 809 et
1772 751 1864 810 ita
1916 751 2026 810 lux
2064 752 2295 826 fulget.
2346 752 2441 811 Tu
2473 752 2679 811 etiam
2729 752 2999 812 mobilis
3032 770 3108 813 es
3157 769 3279 829 per
3325 754 3748 824 varietatem,

663 849 780 909 sed
813 850 1054 910 bonam
1082 851 1293 909 vitam
1326 850 1697 911 desideras,
1726 852 1974 911 Tamen
2008 853 2091 912 de
2120 854 2251 914 ista
2285 855 2531 929 anima,
2561 870 2732 930 quae
2778 848 2827 933 ¹)
2863 855 3155 930 suspiria
3182 854 3387 915 habet
3416 869 3527 913 me
3562 854 3762 911 inter-

659 953 962 1028 rogandi,
1016 953 1178 1012 mihi
1214 970 1344 1013 non
1391 958 1496 1015 est
1543 955 1802 1014 licitum
1850 956 2097 1031 dicere,
2151 957 2267 1016 sed
2317 957 2660 1034 adjuvare,
2712 959 2870 1034 quia
2919 958 2984 1018 in
3017 958 3242 1034 aliquo
3281 973 3529 1034 genere
3580 956 3750 1027 vitii,

663 1056 964 1116 malitiae
1028 1057 1434 1116 varietatum
1497 1058 1596 1117 illi
1653 1058 1720 1117 in
1773 1060 1914 1119 vita
1969 1076 2093 1120 sua
2156 1060 2464 1135 aderant,
2532 1060 2650 1120 sed
2707 1060 2947 1121 bonam
3005 1061 3215 1121 vitam
3271 1056 3755 1120 considerando

661 1163 966 1238 amplexa
1012 1168 1146 1232 est,
1183 1163 1359 1238 quod
1409 1162 1573 1222 fides
1607 1169 1712 1222 est
1760 1163 1829 1222 in
1860 1162 2017 1225 Deo.
2070 1164 2192 1236 Qui
2228 1165 2401 1226 bona
2452 1163 2596 1244 (fol.
2636 1163 2795 1244 106)
2846 1163 3110 1225 Domini
3143 1165 3518 1237 osculatur,
3571 1162 3756 1221 illum

657 1282 998 1343 nunquam
1052 1266 1396 1340 interimit,
1434 1266 1551 1325 sed
1604 1267 1796 1342 virga
1831 1283 2040 1343 poene
2075 1269 2264 1328 illum
2298 1274 2563 1345 purgat.
2607 1269 2704 1328 Tu
2738 1284 2812 1329 cs
2845 1270 3090 1342 anima,
3140 1284 3312 1345 quae
3344 1266 3759 1344 possibilita-

663 1377 799 1430 tem
849 1370 1059 1430 habes
1096 1370 1314 1445 ipsum
1366 1386 1616 1445 amare,
1656 1372 1713 1431 si
1766 1370 1847 1431 ad
1886 1372 2235 1433 sinistram
2285 1389 2415 1432 non
2450 1373 2755 1447 respicis.
2790 1373 2973 1434 Unde
3007 1374 3090 1434 ad
3140 1374 3328 1434 illum
3367 1379 3428 1433 te
3460 1372 3754 1450 porrige,

663 1481 732 1534 et
766 1472 1112 1548 adjuvabit
1146 1479 1232 1532 te.

2061 1655 2349 1716 CXXXV.

1704 1846 2041 1907 Sacerdoti
2081 1893 2092 1905 .
2136 1894 2148 1905 .
2188 1894 2198 1904 .
2242 1894 2252 1906 .
2292 1847 2717 1931 Hildeqardis

739 2065 1051 2135 imaginem
1081 2064 1215 2121 boni
1245 2063 1488 2136 pastoris
1513 2064 1838 2129 adumbrat,
1867 2065 2180 2137 suadetque
2206 2065 2269 2122 iu
2294 2080 2529 2123 munere
2555 2073 2704 2124 stare
2729 2074 3073 2126 constanter.

753 2203 826 2261 In
860 2219 1020 2262 vera
1070 2203 1328 2262 visione
1364 2202 1529 2262 haec
1577 2202 1784 2263 verba
1817 2201 2068 2263 audivi:
2119 2202 2172 2263 O
2206 2204 2300 2264 fili
2331 2203 2473 2280 Dei,
2512 2205 2875 2267 utilitatem
2908 2207 3261 2268 hortorum
3292 2213 3359 2267 et
3393 2206 3754 2267 motionem

660 2305 1192 2366 molendinorum
1243 2304 1475 2380 habeS,
1513 2307 1690 2365 sicut
1739 2313 1975 2383 pastor
2009 2307 2153 2380 ille,
2206 2309 2323 2384 qui
2355 2310 2628 2384 gregem
2662 2326 2861 2370 suum
2896 2310 2988 2370 ita
3021 2312 3261 2387 pascit,
3298 2326 3379 2370 ne
3414 2310 3619 2385 lupus
3650 2324 3763 2368 ve·

662 2409 825 2484 niat,
876 2415 943 2469 et
976 2424 1058 2468 ne
1108 2424 1270 2469 oves
1302 2424 1460 2469 suas
1509 2408 1858 2485 dispergat
1892 2417 1960 2470 et
2010 2411 2250 2486 rapiat.
2292 2410 2374 2471 Et
2420 2413 2625 2472 etiam
2661 2412 2836 2471 idem
2885 2418 3117 2489 pastor
3163 2412 3349 2473 dicit:
3397 2413 3536 2472 Iste
3574 2411 3762 2472 labor

663 2515 957 2575 calorem
1009 2514 1174 2574 solis
1210 2530 1247 2573 a
1298 2529 1402 2572 me
1438 2514 1718 2589 avertit,
1759 2514 1852 2574 ita
1901 2514 2077 2590 quod
2116 2514 2280 2574 mihi
2329 2516 2612 2592 exiguus
2645 2523 2770 2576 est.
2819 2515 2901 2576 Et
2942 2516 3041 2576 sic
3088 2516 3170 2576 de
3203 2516 3443 2577 ovibus
3493 2516 3638 2575 suis
3670 2514 3768 2574 di-

661 2616 937 2676 scedere
987 2617 1149 2676 vult.
1199 2615 1324 2676 Sed
1371 2615 1691 2677 Dominus
1743 2617 1841 2677 illi
1891 2618 2082 2679 dicit:
2135 2618 2353 2689 Quare
2399 2618 2484 2678 de
2529 2619 2771 2680 ovibus
2820 2620 2988 2680 meis
3029 2619 3379 2680 discedere
3424 2621 3563 2689 vis,
3612 2634 3765 2678 cum

663 2721 1178 2780 latrocinantem
1227 2720 1693 2781 insidiatorem
1727 2737 1859 2781 non
1907 2721 2193 2783 habeas?
2225 2722 2349 2783 Ubi
2400 2725 2623 2785 autem
2671 2725 3082 2785 latrocinans
3133 2725 3492 2785 insidiator
3539 2724 3766 2784 infide-

666 2825 858 2882 litate
906 2823 1129 2884 omnia
1180 2823 1444 2882 furatur
1491 2830 1559 2883 et
1591 2825 1835 2899 perdit,
1889 2826 1947 2884 si
1998 2826 2093 2886 ibi
2142 2826 2379 2901 pastor
2410 2827 2491 2886 de
2539 2829 2783 2889 ovibus
2825 2829 2969 2888 suis
3020 2828 3306 2903 recedit,
3356 2844 3585 2888 coram
3631 2828 3764 2888 Deo

667 2928 1028 3004 culpabilis
1077 2944 1206 2987 non
1240 2932 1377 3003 est,
1430 2928 1590 3002 quia
1623 2929 2033 3004 adjutorium
2082 2946 2214 2991 non
2249 2930 2471 2992 habet.
2523 2931 2647 2992 Sed
2682 2938 2754 2992 tu
2808 2932 3271 3009 fatigationem
3304 2931 3667 3008 quamdam
3699 2933 3764 2991 in

665 3033 1069 3110 quibusdam
1121 3032 1335 3109 nigris
1368 3038 1438 3093 et
1484 3034 1696 3095 variis
1730 3033 2034 3094 moribus
2083 3034 2315 3111 habeS,
2352 3035 2538 3097 velut
2586 3037 2654 3096 in
2686 3042 2885 3098 acuta
2932 3042 3000 3097 et
3030 3036 3332 3114 inquieta
3366 3039 3433 3095 et
3468 3039 3763 3095 torrente

670 3158 867 3218 aqua,
905 3142 972 3200 in
1006 3141 1444 3216 purissimum
1478 3156 1640 3216 ergo
1676 3141 1887 3200 solem
1922 3142 2174 3216 aspice,
2212 3148 2280 3201 et
2311 3142 2459 3218 eJ'us
2508 3144 3090 3204 mansuetudinem
3122 3143 3341 3216 disce,
3395 3142 3554 3219 quia
3587 3140 3762 3200 Deus

665 3247 835 3303 bona
869 3258 1073 3318 opera
1109 3261 1145 3302 a
1182 3248 1246 3301 te
1280 3243 1600 3318 postulat,
1638 3249 1705 3302 et
1739 3244 2030 3304 animam
2068 3250 2248 3305 tuam
2286 3245 2534 3306 habere
2567 3247 2733 3306 vult.

734 3845 853 3901 Sub
883 3845 1176 3902 involucro
1203 3845 1547 3918 multiplicis
1573 3845 1730 3902 floris
1755 3846 1971 3903 monita
1999 3847 2161 3917 tegit.

761 3984 1006 4044 Verum
1056 3986 1280 4045 lumen
1313 3985 1479 4045 haec
1522 3986 1727 4047 verba
1761 3986 1943 4047 dicit:
1993 3987 2066 4046 In
2100 3987 2390 4064 quadam
2424 3990 2601 4051 valle
2633 3990 2757 4051 flos
2790 3992 3001 4067 stetit3
3037 3992 3157 4052 sed
3190 3992 3623 4069 pigmentarii
3652 4007 3758 4051 ve-

667 4094 929 4162 nerunt,
968 4094 1035 4147 et
1086 4089 1271 4148 illum
1308 4089 1574 4164 spinata
1623 4105 1779 4165 sepe
1813 4091 2420 4168 circumdederunt,
2473 4096 2542 4154 et
2573 4095 2666 4154 ita
2713 4110 2835 4170 per
2882 4095 3263 4156 molestiam
3312 4095 3752 4166 suffocabant,

673 4192 830 4266 quia
867 4190 1024 4250 folia
1060 4191 1362 4266 ejusdem
1411 4192 1596 4252 floris
1632 4193 1713 4253 de
1749 4193 2131 4255 turbinibus
2165 4201 2519 4262 ventorum
2568 4213 2771 4273 saepe
2805 4198 3111 4259 inclinari
3146 4205 3216 4260 et
3254 4199 3548 4260 defluere
3596 4200 3759 4259 sole-

665 4296 844 4355 bant.
874 4295 952 4352 Et
981 4296 1080 4353 sic
1115 4294 1286 4354 idem
1317 4295 1439 4355 flos
1473 4295 1889 4356 viriditatem
1915 4314 2046 4358 non
2081 4298 2390 4360 habebat.
2419 4300 2498 4360 Et
2540 4300 2688 4360 ideo
2716 4303 2919 4362 etiam
2950 4303 3382 4379 pigmentarii
3410 4304 3603 4362 illum
3632 4318 3758 4363 non

667 4398 1121 4471 attendebant,
1172 4415 1296 4458 nec
1331 4400 1668 4475 amabant,
1723 4401 1840 4461 sed
1876 4403 2084 4461 alium
2133 4403 2364 4463 florem
2399 4406 2846 4482 quaerebant,
2896 4409 2966 4467 et
2999 4406 3304 4468 inutilem
3352 4407 3633 4468 herbam
3668 4409 3758 4468 in-

662 4507 1010 4576 venerunt,
1063 4519 1184 4562 nec
1216 4503 1400 4563 illam
1451 4504 1789 4579 volebant;
1828 4505 1945 4564 sed
1982 4506 2338 4581 quemdam
2374 4507 2605 4567 florem
2655 4509 2925 4569 mollem
2957 4514 3025 4569 et
3073 4510 3461 4570 rutilantem
3500 4512 3760 4571 invene-

662 4615 841 4683 runt,
878 4614 946 4667 et
993 4609 1074 4668 ad
1113 4609 1300 4668 illum
1352 4610 1796 4670 declinabant.
1835 4609 1958 4669 Sed
2006 4626 2159 4670 eum
2195 4617 2430 4671 ornata
2480 4628 2641 4688 sepe
2672 4630 2803 4674 non
2848 4614 3459 4691 circumdederunt,
3496 4631 3621 4675 nec
3652 4614 3758 4675 de-

667 4713 1037 4773 fensionem
1087 4717 1323 4771 contra
1356 4713 1648 4773 validam
1699 4716 2169 4790 tempestatem
2203 4715 2266 4774 ci
2314 4716 2663 4791 parabant,
2706 4716 2822 4778 sed
2871 4733 3023 4777 eum
3065 4718 3324 4795 absque
3370 4718 3756 4779 defensione

663 4818 762 4876 sic
815 4821 996 4875 stare
1045 4815 1544 4890 permittebant.
1595 4814 1676 4875 Et
1709 4816 1982 4892 quidam
2032 4816 2230 4877 homo
2280 4818 2484 4893 venit,
2537 4822 2738 4895 atque
2773 4820 3105 4880 modicum
3142 4820 3605 4881 habitaculum
3653 4835 3758 4879 su-

665 4938 784 4997 per
817 4920 1125 4981 eumdem
1163 4920 1394 4979 florem
1430 4922 1681 4996 posuit,
1720 4936 1800 4979 ne
1837 4926 2021 4981 totus
2054 4922 2325 4997 periret.

750 5027 934 5086 Nunc
970 5033 1063 5100 tu,
1103 5025 1197 5085 fili
1232 5026 1489 5102 antiqui
1525 5026 1775 5097 PatriS‚
1815 5027 2075 5102 respice
2110 5026 2250 5105 (fol.
2282 5025 2439 5107 107)
2474 5023 2518 5108 ¹)
2555 5029 2639 5089 ad
2666 5029 3026 5105 Orientem,
3063 5031 3223 5107 quia
3257 5038 3452 5091 vetus
3486 5038 3553 5093 et
3587 5047 3754 5092 nova

726 5198 763 5262 ⁸)
801 5199 925 5264 Qua
953 5199 1070 5255 cod.
1115 5233 1171 5239 -
1199 5203 1242 5264 ²)
1278 5200 1385 5257 Hic
1419 5201 1514 5256 sol.
1558 5207 1656 5256 107
1688 5202 1930 5257 vertitur
1959 5218 2088 5258 cum
2119 5204 2371 5274 periculo
2400 5207 2577 5262 saltus
2606 5207 2673 5262 ad
2704 5207 2872 5263 aliam
2902 5205 3224 5278 epistolam.
