4036 6117
694 480 824 540 244
1884 499 1934 544 s.
1987 499 2529 544 fliLnEGAnms

622 612 702 673 Et
735 614 961 673 audivi
995 631 1226 674 vocem
1260 615 1341 674 de
1376 616 1562 674 coelo
1596 615 1950 676 dicentem:
2002 617 2214 676 Homo
2257 632 2428 692 quae
2479 615 2642 675 haec
2676 614 2864 689 vidit,
2901 620 2969 674 et
3017 613 3370 674 scribendo
3405 612 3705 689 protulit,

621 715 791 776 vidit
823 723 888 776 et
940 735 1067 777 non
1102 718 1291 792 vidit,
1346 720 1655 777 cinerosa
1706 720 1910 778 sentit
1957 726 2025 779 et
2059 736 2191 779 non
2241 720 2466 793 sentit,
2503 734 2581 777 ac
2630 718 2955 777 miracula
2987 716 3106 776 Dei
3139 733 3272 777 non
3304 733 3422 792 per
3465 732 3558 791 se,
3595 716 3707 775 sed

627 833 748 892 per
800 819 913 879 illa
951 824 1128 881 tacta
1175 819 1453 896 profert,
1507 820 2071 897 quemadmodum
2119 822 2369 882 chorda
2403 837 2523 897 per
2568 820 3026 881 citharoedam
3074 822 3277 894 tacta,
3316 835 3552 880 sonum
3583 835 3709 878 non

621 938 743 999 per
792 940 888 998 se,
942 924 1058 982 sed
1108 941 1227 1000 per
1276 930 1530 984 tactum
1580 924 1764 984 illius
1816 925 2055 985 reddit.
2105 926 2184 985 Et
2215 925 2381 985 haec
2416 942 2576 985 vera
2611 929 2789 999 sunt,
2825 931 2894 984 et
2927 924 3042 999 qui
3092 939 3295 983 verus
3329 928 3455 998 est,
3503 938 3583 982 ea
3615 923 3712 980 sic

625 1027 1047 1088 manifestari
1102 1030 1436 1089 veraciter
1491 1029 1724 1091 voluit.
1782 1031 2203 1108 Quapropter
2236 1032 2294 1091 si
2330 1032 2483 1106 quis
2518 1046 2639 1106 per
2670 1024 2717 1109 ¹)
2756 1029 3365 1105 supereminentem
3423 1032 3711 1087 mentem

625 1134 1114 1210 scripturarum
1160 1141 1226 1194 et
1259 1136 1693 1212 proprietatis
1743 1152 1927 1211 suae,
1979 1137 2241 1213 aliquid*
2283 1136 2381 1196 eis
2432 1137 2498 1195 in
2545 1136 3021 1196 contrarietate
3068 1135 3431 1209 addiderit,
3481 1134 3711 1210 poenis

624 1235 736 1294 hic
784 1236 1146 1312 descriptis
1195 1237 1545 1313 subjacere
1592 1239 1835 1314 dignus
1883 1241 2010 1314 est3
2064 1243 2180 1300 aut
2228 1240 2287 1299 si
2330 1240 2484 1316 quis
2532 1239 2787 1314 aliquid
2835 1239 2920 1298 ab
2967 1239 3069 1297 eis
3116 1254 3237 1314 per
3282 1238 3714 1299 contrarieta-

633 1347 767 1402 tem
817 1342 1196 1417 abstulerit,
1248 1342 1489 1417 dignus
1538 1348 1643 1402 est
1693 1349 1765 1402 ut
1808 1362 1845 1402 a
1894 1343 2160 1419 gaudiis
2210 1344 2318 1404 hic
2367 1343 2661 1403 ostensis
2708 1343 3030 1403 deleatur.
3078 1342 3159 1402 Et
3206 1341 3434 1402 audivi
3482 1357 3713 1402 vocem

625 1445 1079 1507 multitudinis
1115 1449 1182 1507 in
1230 1449 1694 1523 superioribus
1730 1450 2011 1509 secretis
2047 1449 2576 1523 respondentem:
2613 1449 2783 1523 Fiat,
2820 1448 3049 1523 Amen,
3085 1452 3152 1507 et
3185 1447 3283 1506 sic
3314 1446 3450 1507 fiat.
3484 1447 3564 1506 Et
3598 1449 3719 1508 ite-

627 1568 778 1613 rum
828 1553 1053 1611 audivi
1102 1568 1330 1613 vocem
1368 1552 1450 1612 de
1499 1553 1687 1611 coelo
1721 1552 1885 1612 mihi
1934 1553 2287 1614 dicentem:
2340 1554 2520 1614 Haec
2567 1553 2649 1613 de
2681 1553 2837 1612 viva
2884 1567 3048 1613 voce
3096 1552 3388 1611 viventis
3436 1557 3503 1611 et
3538 1551 3719 1615 inde-

625 1656 911 1715 ficientis
961 1657 1133 1716 lucis
1182 1657 1446 1732 prolata
1491 1657 1559 1715 et
1591 1656 1770 1715 dicta
1806 1658 1980 1732 sunt,
2016 1662 2084 1716 et
2117 1657 2337 1717 fidelia
2371 1663 2549 1732 sunt,
2585 1661 2653 1716 et
2686 1655 2903 1716 fidelis
2935 1655 3045 1715 his
3075 1655 3399 1730 attendat,
3436 1661 3503 1716 et
3536 1670 3615 1715 ea
3649 1656 3716 1715 in

628 1759 1023 1818 memoriam
1057 1759 1270 1819 bonae
1306 1760 1627 1819 scientiae
1662 1765 2037 1834 componat.

1362 1977 1750 2041 EXPLICIT
1798 1980 2043 2040 LIBER
2092 1980 2334 2042 VITAE
2383 1980 2867 2041 MERITORUM
2907 1979 2975 2059 2)

1084 2131 1214 2177 PER
1261 2130 1620 2176 SIMPLICEM
1685 2130 2000 2177 HOMINEM
2050 2130 2095 2174 A
2142 2129 2445 2176 VIVENTE
2495 2130 2669 2176 LUCE
2715 2130 3241 2178 REVELATORUM.

701 2350 741 2414 ¹)
769 2368 864 2421 per
888 2364 998 2403 om.
1031 2348 1096 2403 Α.
1133 2378 1197 2387 ——-
1220 2349 1265 2411 2)
1296 2348 1368 2402 W
1393 2346 1647 2409 brevius.
1675 2363 1738 2403 ac
1767 2362 1919 2401 more
1949 2351 2223 2403 veterum:
2255 2346 2505 2420 Explicit
2530 2348 2667 2403 liber
2692 2351 2837 2403 vitae
2856 2351 3168 2403 meritorum
3184 2348 3438 2418 feliciter.
