4036 6117
1226 421 1465 472 Lmen
1513 424 1712 472 vrrs-3
1760 417 2248 471 menn-onum.
2299 419 2358 470 Ρ.
2408 420 2474 472 ν.
2574 387 2580 391 ’

336 545 800 622 pur-yationum
824 543 1205 604 animarum
1228 546 1662 622 quorumdam
1697 548 1804 605 ho·-

341 652 613 723 minum‚
650 652 764 727 qui
785 668 909 726 per
935 651 1280 708 tristitiam
1306 650 1554 710 saeculi
1577 669 1806 727 pecca·-

339 760 588 828 verant,
626 761 686 813 et
713 774 917 832 quare
951 773 1058 813 eas
1084 758 1198 815 hoc
1222 756 1409 815 modo
1429 758 1801 833 patiantur.

423 860 638 923 LXIII.
711 862 1038 934 Quomodo
1099 865 1394 921 homines
1460 864 1807 921 tristitiam

342 964 585 1023 saeculi
620 965 699 1023 de
732 984 798 1025 se
833 962 1164 1036 abjiciant.

423 1068 670 1129 LXIIII.
740 1070 922 1142 Quod
978 1074 1254 1131 tristitia
1318 1073 1587 1142 saeculi,
1652 1088 1810 1146 qau-

340 1176 520 1234 dium
554 1179 628 1235 in
671 1176 1053 1237 coelestibus
1091 1196 1223 1237 non
1273 1177 1535 1249 habens,
1587 1192 1810 1233 omnes

337 1286 837 1356 praetereuntes
866 1289 1078 1360 pavet.

427 1384 607 1444 LXV.
652 1386 853 1446 Verba
887 1389 1115 1448 David.

425 1487 634 1548 LXVI.
673 1490 855 1561 Quod
888 1490 1210 1551 diabolica
1242 1488 1433 1548 turba
1458 1507 1606 1548 cum
1633 1489 1810 1546 vitiis

348 1601 569 1654 contra
603 1598 898 1655 homines
927 1602 1202 1672 puqnat.

430 1700 668 1760 LXVII.
744 1702 926 1774 Quod
988 1703 1160 1760 acies
1223 1698 1555 1758 beatorum
1621 1701 1815 1777 spiri-

343 1808 529 1863 tuum
553 1805 920 1865 hominibus
946 1805 1211 1878 adsunt,
1249 1811 1309 1862 et
1336 1806 1507 1862 vires
1534 1804 1820 1862 elemen-

345 1914 560 1969 torum
593 1913 951 1970 continent.
1043 1972 1048 1978 ,

397 1998 398 2001 “
433 2013 702 2073 LXVIII.
744 2014 926 2086 Quod
948 2017 1132 2074 homo
1159 2014 1320 2072 dum
1343 2014 1523 2087 vivit,
1561 2015 1816 2091 corpori

348 2138 460 2177 suo
507 2121 938 2198 afflictionem
966 2138 1089 2196 pro
1114 2121 1403 2197 peccatis
1445 2120 1581 2178 suis
1614 2120 1819 2196 impo-

348 2232 458 2283 nat
491 2220 561 2301 ¹).

435 2331 645 2391 LXIX.
695 2327 878 2400 Quod
909 2333 1220 2409 maqister
1251 2331 1641 2408 qualitatem
1675 2327 1816 2387 sub-

348 2438 635 2497 ditorum
682 2455 952 2497 suorum
999 2442 1062 2496 et
1102 2436 1492 2514 qualitatem
1522 2437 1819 2510 peccato-

346 2560 496 2601 rum
531 2559 758 2602 eorum
792 2541 1246 2602 considerabit.

434 2644 612 2705 LXX.
683 2647 1015 2722 Magister,
1081 2644 1417 2722 flaqellum
1489 2643 1677 2701 duris
1751 2646 1813 2700 et

348 2753 600 2827 asperis
648 2752 963 2823 eoeistens,
1000 2749 1086 2807 ad
1116 2748 1308 2807 bonos
1356 2764 1505 2807 cum
1541 2746 1816 2804 lenitate

351 2856 679 2932 loquatur.

436 2961 648 3021 LXXI.
670 2951 851 3034 Quod
865 2961 1201 3036 magister,
1225 2959 1586 3019 secundum
1604 2973 1826 3016 exem-

349 3069 540 3145 plum
573 3069 652 3128 de
686 3067 876 3129 Jacob
908 3073 971 3126 et
1006 3067 1084 3126 de
1128 3066 1326 3139 Esau,
1362 3062 1693 3122 benevolos
1740 3060 1824 3118 ad

355 3192 417 3232 se
478 3177 722 3248 trahat,
771 3174 1092 3248 maliynos
1141 3175 1364 3228 autem
1412 3183 1644 3244 aspere
1694 3180 1830 3223 cor-

356 3281 550 3356 riqat.

445 3383 685 3443 LXXII.
740 3383 924 3456 Quod
968 3383 1304 3459 maqister,
1338 3382 1453 3457 qui
1488 3399 1688 3458 super
1713 3376 1831 3453 ju-

355 3493 483 3545 stos
534 3486 652 3545 sibi
695 3486 978 3545 subditos
1028 3486 1224 3559 cadit,
1263 3484 1533 3546 Judaeis
1575 3488 1830 3545 assimi-

356 3593 568 3666 latum
617 3598 679 3650 et
729 3594 844 3668 qui
885 3594 1270 3652 innocentes
1316 3593 1578 3672 affliqit‚
1631 3593 1829 3670 lupus

359 3696 746 3754 nominatur
748 3715 774 3768 ;
809 3701 870 3755 et
903 3698 1018 3772 qui
1050 3696 1587 3774 delinquentium
1613 3699 1835 3773 pravi-

358 3804 563 3858 tatem
595 3799 998 3874 dissimulat,
1033 3801 1152 3878 fur
1185 3800 1454 3860 dicitur.

451 3905 722 3965 LXXIII.
777 3906 960 3978 Quod
990 3904 1138 3966 boni
1184 3908 1486 3983 mayistri
1514 3924 1685 3984 puro
1727 3926 1835 3966 ae·-

364 4012 538 4071 theri
571 4010 1050 4070 assimilantur.

453 4114 755 4174 LXXIIII.
812 4114 995 4187 Quod
1043 4114 1190 4173 boni
1238 4114 1551 4190 discipuli
1601 4131 1835 4173 currus
1887 4105 1892 4112 ’

365 4222 678 4295 mayistro
710 4237 847 4278 csse
881 4219 1132 4277 debent.

424 4423 466 4487 ¹)
494 4425 789 4494 imponant.
823 4418 912 4475 W.

3210 409 3338 471 183

1999 543 2234 603 LXXV.
2290 544 2473 618 Quod
2515 559 2677 621 opus
2710 546 3015 610 hominis.
3054 546 3138 603 ad
3173 546 3387 605 Deum

1911 648 2225 721 tenden3‚
2275 651 2349 707 in
2409 647 2787 708 coelestibus
2834 651 3250 726 fulminabit,
3301 652 3388 710 ad

1912 750 2243 810 diabolum
2291 769 2442 809 vero
2474 771 2773 811 eversum
2809 756 2880 812 in
2908 758 3143 831 poenis
3175 760 3391 816 mani-

1910 856 2284 931 festabitur.

2002 959 2268 1019 LXXVI.
2311 961 2473 1022 Cum
2506 964 2691 1021 homo
2719 969 2989 1039 peccata
3023 982 3143 1023 sua
3174 965 3391 1023 mani·-

1911 1067 2134 1142 festat,
2172 1073 2469 1124 sanctam
2508 1066 2900 1126 Trinitatem
2935 1070 3241 1129 ostendit.

2007 1169 2301 1230 LXXVII.
2336 1169 2410 1230 Ut
2447 1172 2622 1232 Deus
2655 1171 2730 1231 ab
2762 1174 3012 1249 anqelis
3048 1174 3389 1247 laudatur,

1919 1277 2017 1334 ita
2050 1277 2247 1334 etiam
2279 1273 2329 1355 ⁹)
2367 1277 2443 1335 ab
2475 1280 2736 1339 homine
2772 1280 3150 1340 laudandus
3184 1288 3310 1340 est.-

2011 1381 2335 1442 LXXVIII.
2369 1384 2550 1455 Quod
2575 1383 2941 1458 animabuS,
2971 1403 3137 1461 quae
3163 1387 3236 1445 in
3261 1403 3396 1444 me-

1918 1490 2132 1546 moria
2177 1486 2613 1548 beatitudinis
2647 1491 2971 1562 existunt,
3024 1492 3394 1551 sanctitatis

1922 1589 2168 1651 labores
2199 1594 2562 1652 viventium
2596 1602 3015 1656 succurrunt.

2010 1694 2363 1757 LXXVIIII.
2419 1699 2613 1771 Quod.
2641 1703 3032 1777 purqatoria
3064 1719 3280 1781 poena
3314 1705 3396 1762 li-

1920 1799 2225 1859 berandis
2268 1803 2648 1874 animabuS‚
2684 1807 2797 1865 sed
2831 1810 3167 1867 terrestris
3195 1828 3396 1886 para-

1924 1909 2106 1967 disus
2148 1911 2480 1986 purqatis‚
2529 1911 2650 1969 lux
2682 1916 2906 1971 autem
2940 1914 3232 1974 coelestis
3263 1917 3397 1974 vir-

1925 2016 2129 2073 tuosis
2162 2015 2504 2075 animabus
2534 2034 2688 2077 moa:
2715 2024 3124 2096 praeparata
3154 2024 3271 2079 est.

2012 2118 2249 2181 LXXX.
2307 2123 2467 2184 Cum
2503 2127 2930 2184 terrenarum
2961 2130 3399 2187 materiarum

1923 2224 2144 2283 sordes
2192 2228 2264 2287 in
2312 2229 2661 2287 novissimo
2692 2229 2798 2288 die
2832 2231 3068 2290 scissae
3111 2232 3395 2309 fuerint,

1913 2334 2145 2405 postea
2178 2335 2451 2390 terrena
2479 2335 2764 2392 materia
2794 2340 2865 2392 ut
2902 2337 2973 2394 in
3001 2338 3228 2413 prima
3251 2355 3400 2397 con-

1924 2432 2275 2493 stitutione
2300 2435 2598 2512 fulqebit.

2012 2538 2277 2600 LXXXI.
2318 2540 2502 2612 Quod
2527 2558 2653 2618 per
2699 2542 3027 2618 Spiritum
3077 2545 3398 2607 Sanctum

1924 2649 2273 2721 orationes,
2303 2649 2375 2707 in
2402 2648 2592 2709 corde
2619 2649 2901 2708 hominis
2920 2650 3246 2725 prolatae,
3283 2669 3402 2711 an-

1925 2757 1986 2810 te
2025 2752 2236 2811 Deum
2269 2752 2660 2811 ascendunt.

2016 2854 2312 2915 LXXXII.
2383 2856 2565 2927 Quod
2625 2874 2751 2914 vox
2800 2860 3281 2933 prophetarum
3337 2868 3400 2920 et

1926 2960 2319 3037 psalmodia,
2364 2961 2451 3019 ad
2484 2960 2750 3019 laudem
2787 2962 2907 3021 Dei
2934 2968 3398 3043 pronuntiata,

1930 3065 2310 3125 necessitati
2336 3064 2725 3138 dolentium,
2760 3071 2834 3124 ut
2855 3078 3398 3148 promeruerunt,

1934 3168 2253 3228 subvenit.

2025 3273 2354 3334 LXXXIII.
2408 3273 2593 3347 Quod
2629 3275 2805 3334 Deus
2839 3277 2984 3336 istis
3013 3296 3137 3356 pro
3168 3280 3401 3358 quibus

1936 3382 2122 3439 homo
2200 3377 2670 3438 eleemosinam
2748 3381 2960 3459 offert,
3043 3386 3406 3445 secundum

1934 3482 2107 3560 quod
2139 3482 2324 3559 diyni
2358 3491 2537 3557 sunt,
2566 3485 2829 3560 parcet.

2028 3585 2386 3646 LXXXIIII.
2416 3645 2417 3648 ,
2442 3587 2627 3660 Quod
2675 3587 2839 3649 bona
2871 3590 3175 3653 voluntas
3207 3597 3411 3656 homi-

1937 3694 2139 3752 minis
2173 3696 2602 3755 suavissimus
2634 3695 2790 3755 odor
2824 3697 2957 3757 Deo
2991 3704 3107 3759 est.

2027 3798 2317 3859 LXXXV.
2373 3799 2556 3873 Quod
2608 3802 2782 3861 Deus
2832 3799 3080 3862 labores
3122 3807 3407 3866 hominis

1935 3922 2059 3982 pro
2106 3905 2498 3963 necessitate
2534 3906 2897 3964 viventium
2930 3909 2993 3963 et
3021 3924 3146 3983 pro
3177 3910 3407 3984 requie

1941 4009 2411 4086 defunctorum
2445 4008 2739 4084 suscipit.

2035 4110 2353 4172 LXXXVI.
2410 4110 2593 4183 Quod
2648 4113 2763 4187 qui
2821 4113 2951 4172 Deo
2999 4130 3131 4172 non
3182 4118 3406 4189 servit,

1944 4222 2119 4277 hunc
2154 4217 2443 4294 Anqelus
2474 4218 2855 4293 percutiens
2887 4219 3149 4278 duriter
3180 4220 3360 4299 ferit.

2002 4420 2049 4487 2)
2076 4420 2159 4473 ita
2182 4422 2343 4475 etiam
2369 4426 2417 4476 et
2442 4420 2512 4475 ab
2537 4420 2749 4477 homine
2774 4419 2865 4477 W.
