4036 6117
1190 517 1426 562 mann
1477 516 1681 561 virAE
1731 511 2222 559 nssmrouun.
2276 511 2331 554 r.
2384 509 2473 553 111.
3182 491 3311 551 133

1753 738 1905 798 LIV.

1122 951 1212 1008 De
1265 950 1486 1008 inania
1533 948 1780 1024 9l0riae
1824 949 2059 1023 poenis
2104 945 2536 1023 puryatoriis.

370 1158 480 1219 68.
518 1159 599 1222 Et
631 1174 792 1224 ecce
825 1158 1135 1234 paludem
1183 1158 1448 1234 longam
1496 1159 1565 1217 et
1595 1157 1801 1222 latam
1849 1155 2009 1230 vidi,
2064 1154 2343 1218 inultam
2391 1150 2689 1224 sordem,
2739 1148 3082 1222 multaque
3128 1159 3372 1220 genera

284 1263 618 1324 vermium
656 1263 725 1324 in
759 1279 831 1322 se
866 1261 1244 1336 habentem,
1273 1276 1354 1320 ac
1386 1259 1754 1336 pessimum
1791 1258 2115 1320 foetorem
2151 1257 2233 1320 de
2269 1272 2341 1316 se
2375 1255 2815 1327 emittentem,
2845 1252 2917 1315 in
2945 1265 3077 1327 quo
3112 1247 3377 1312 animae

288 1367 561 1429 illorum
598 1365 1092 1445 affligebantur,
1126 1365 1244 1442 qui
1275 1364 1432 1428 dum
1468 1365 1535 1424 in
1568 1364 1836 1426 saeculo
1870 1364 2197 1437 viverent,
2234 1361 2522 1423 maximo
2556 1357 2781 1420 studio
2816 1355 2900 1418 ad
2942 1355 3205 1416 inanem
3237 1352 3381 1427 glo-

287 1472 453 1534 riam
489 1471 996 1534 anhelaverant.
1032 1471 1195 1534 Nam
1229 1470 1386 1547 quia
1417 1464 1463 1548 ⁸)
1494 1469 1779 1532 inaniter
1803 1468 2081 1544 gloriari
2117 1465 2534 1540 satagebant,
2564 1463 2762 1526 sorde
2787 1459 3087 1538 ejusdem
3113 1455 3378 1534 paludis

287 1576 781 1651 inficiebantur3
816 1582 883 1638 et
913 1576 1074 1652 quia
1105 1575 1309 1637 etiam
1346 1575 1412 1638 in
1444 1573 1678 1638 eodem
1709 1573 1875 1635 vitio
1926 1571 2419 1649 superbierant,
2456 1587 2494 1630 a
2528 1567 2872 1630 vermibus
2923 1564 3075 1628 istis
3109 1568 3383 1638 torque·-

288 1687 557 1762 bantur;
592 1693 661 1747 et
692 1686 851 1764 quia
883 1687 985 1746 sic
1017 1685 1266 1762 ubique
1301 1684 1660 1745 indiscrete
1695 1682 2011 1758 fecerant,
2051 1681 2393 1758 praedicto
2430 1679 2683 1740 foetore
2717 1675 3172 1737 laedebantur.

1780 1907 1899 1966 LV.

1273 2105 1366 2165 De
1408 2104 1826 2182 poenitentia
1872 2104 2097 2162 inanis
2145 2101 2413 2178 qloriae.

372 2311 481 2372 69.
522 2311 603 2372 Et
636 2311 773 2371 vidi
808 2317 876 2372 et
910 2312 1204 2372 intellexi
1237 2311 1420 2371 haec.
1456 2311 1536 2371 Et
1570 2312 1814 2371 iterum
1845 2308 1926 2369 de
1961 2307 2263 2384 praefata
2297 2307 2563 2366 vivente
2599 2305 2744 2364 luce
2773 2300 3003 2363 audivi
3028 2312 3257 2358 vocem
3294 2294 3377 2355 ad

291 2435 388 2477 me
413 2418 775 2477 dicentem:
805 2416 984 2476 Haec
1010 2432 1180 2493 quae
1205 2416 1418 2491 videS,
1447 2432 1608 2475 vera
1634 2420 1812 2489 sunt,
1849 2421 1915 2474 et
1949 2419 2024 2473 ut
2056 2430 2135 2474 ea
2160 2413 2373 2487 videS,
2403 2412 2496 2472 ita
2530 2415 2705 2470 sunt.
2742 2407 2865 2467 Sed
2893 2403 3215 2475 homines»,
3256 2399 3371 2476 qui

289 2521 571 2595 spiritus
606 2521 866 2580 inanem
900 2521 1183 2596 gloriam
1219 2521 1350 2580 sibi
1383 2525 1891 2596 praeponenteS,
1929 2533 2252 2595 superare
2287 2515 2686 2589 studuerint,
2723 2519 2789 2573 et
2824 2512 3157 2572 tormenta
3202 2505 3259 2580 ej
3273 2520 3381 2562 us-

288 2624 430 2685 dem
465 2625 622 2684 vitii
653 2624 949 2700 effugere
984 2625 1384 2700 optaverint,
1417 2623 1688 2701 jejuniis
1716 2639 1794 2683 ac
1826 2623 2224 2683 verberibus
2275 2637 2347 2680 se
2381 2619 2707 2695 affligant,
2746 2632 2823 2677 ac
2857 2614 3181 2691 plurimas
3229 2622 3385 2683 sup-

290 2727 691 2803 plicationes
724 2719 857 2786 Deo
895 2726 1200 2798 offerant,
1244 2743 1321 2789 ac
1356 2726 1530 2787 idem
1563 2726 1800 2787 vitium
1835 2726 2103 2788 omnino
2143 2721 2419 2798 fugiant.

1759 2952 1911 3012 LVI.

1344 3149 1435 3211 De
1480 3154 1748 3225 peccato
1795 3151 2022 3211 inanis
2070 3150 2339 3225 ylariae.

383 3353 497 3415 70.
533 3353 760 3416 Inanis
793 3356 969 3415 enim
1003 3356 1218 3431 gloria
1249 3356 1334 3417 ad
1368 3357 1714 3417 sinistram
1749 3357 2047 3432 respicit,
2098 3362 2166 3415 et
2213 3354 2594 3415 considerat
2642 3350 2801 3428 quid
2833 3364 2952 3424 per
2986 3340 3390 3406 irrationali-

303 3464 515 3519 tatem
544 3458 768 3519 facere
794 3460 1033 3535 possit,
1064 3477 1140 3519 ac
1172 3462 1514 3537 propriam
1545 3461 1957 3522 voluntatem
1986 3476 2179 3520 suam
2213 3460 2460 3535 ubique
2486 3456 2734 3516 habere
2759 3452 2925 3527 vult,
2953 3455 3023 3510 et
3054 3462 3211 3523 prae
3239 3460 3386 3504 cae-

296 3563 463 3622 teris
500 3577 573 3621 se
606 3567 822 3638 ornat,
858 3569 925 3622 et
956 3580 1115 3639 prae
1149 3565 1437 3624 caeteris
1472 3564 1789 3624 honorari
1823 3570 1892 3624 et
1925 3564 2185 3625 laudari
2220 3562 2580 3622 desiderat.
2615 3558 2796 3620 Unde
2821 3571 2975 3616 cum
3002 3569 3073 3613 se
3107 3564 3385 3612 ornave-

296 3666 383 3726 rit
409 3665 496 3747 ²),
530 3665 740 3726 Deum
774 3683 905 3726 non
938 3668 1150 3743 timet,
1187 3674 1255 3728 et
1287 3684 1442 3728 cum
1473 3668 1789 3730 honorari
1822 3669 2216 3746 quaesierit,
2259 3667 2477 3743 ipsum
2522 3681 2654 3725 non
2684 3659 2925 3737 diligit,
2962 3661 3029 3718 et
3060 3672 3214 3717 cum
3247 3655 3388 3713 lau-

294 3770 440 3830 dari
480 3770 840 3846 studuerit,
870 3771 1204 3847 justitiam
1236 3773 1353 3832 Dei
1382 3773 1717 3850 relinquit.
1753 3773 1915 3834 Nam
1949 3778 2226 3849 propter
2259 3770 2766 3831 delectationem
2800 3761 3167 3825 voluntatis
3200 3773 3382 3831 suae,

292 3873 427 3935 Deo
481 3874 881 3951 obsequium
913 3892 1043 3936 non
1088 3877 1388 3952 praebet,
1439 3877 1755 3954 quoniam
1801 3893 1952 3939 eum
2001 3894 2132 3938 non
2175 3876 2388 3950 timet,
2439 3889 2561 3934 nec
2609 3876 2811 3945 amat,
2862 3883 2983 3931 nec
3029 3866 3389 3943 praecepta

294 3977 440 4054 ejus
470 3983 719 4040 servat.
746 3979 1163 4056 Quapropter
1194 3987 1263 4041 et
1295 3981 1395 4043 illi
1427 3982 1543 4057 qui
1576 3997 1725 4042 eam
1758 3987 2153 4059 sequuntur,
2182 3979 2505 4057 quidquid
2531 3992 2651 4053 per
2676 3990 2750 4037 se
2774 3973 3063 4044 discunt,
3098 3973 3165 4028 et
3196 3963 3390 4042 quid·-

297 4083 460 4161 quid
494 4098 616 4160 per
664 4098 738 4144 se
770 4083 1154 4161 disponunt,
1192 4085 1319 4146 hoc
1366 4085 1498 4149 sibi
1528 4086 1856 4161 optimum
1901 4090 2311 4163 computant,
2363 4082 2679 4159 quoniam
2724 4076 3056 4139 culturam
3102 4068 3222 4129 Dei
3253 4081 3386 4127 non

303 4191 663 4264 quaerunt,
704 4203 827 4248 nec
858 4188 1103 4250 Filium
1132 4189 1251 4249 Dei
1281 4188 1591 4266 diligunt3
1627 4189 1745 4251 sed
1778 4190 2002 4251 omnia
2034 4204 2207 4267 quae
2240 4191 2471 4249 sancta
2503 4190 2571 4246 et
2597 4184 2781 4260 justa
2816 4178 2994 4252 sunt,
3030 4175 3098 4237 in
3130 4170 3388 4234 irrisio-

297 4313 453 4358 nem
501 4298 872 4375 voluptatis
907 4316 1070 4361 suae
1117 4300 1386 4362 ducunt.
1425 4300 1549 4361 Sed
1582 4303 1697 4378 qui
1744 4302 1877 4361 Deo
1911 4302 2197 4363 fideliter
2231 4298 2488 4359 servire
2529 4294 2938 4365 desiderant,
2976 4288 3147 4349 hanc
3182 4285 3390 4344 inani-

300 4409 513 4465 tatem
562 4405 901 4481 abjiciant‚
939 4412 1007 4466 et
1054 4408 1518 4468 contritionem
1555 4407 1761 4467 animi
1810 4407 1916 4466 sui
1948 4423 2101 4467 cum
2149 4406 2367 4469 beatis
2413 4400 2729 4477 operibus
2772 4396 3054 4459 firmiter
3101 4392 3387 4451 teneant.

295 4507 481 4569 Haec
514 4515 740 4569 autem
771 4509 853 4570 de
886 4512 1368 4587 poenitentium
1402 4511 1752 4573 animabus
1800 4511 2167 4587 purgandis
2200 4516 2267 4571 et
2301 4506 2642 4571 salvandis
2688 4503 2869 4565 dicta
2902 4503 3082 4573 sunt,
3117 4499 3185 4557 et
3232 4493 3389 4557 fide-

299 4612 392 4674 lia
447 4619 628 4688 sunt,
678 4616 746 4676 et
778 4613 991 4678 fidelis
1024 4616 1123 4676 eis
1157 4616 1478 4691 attendat,
1514 4622 1581 4679 et
1617 4631 1696 4677 ea
1730 4617 1796 4677 in
1828 4617 2222 4678 memoriam
2255 4615 2469 4676 bonae
2503 4608 2825 4672 scientiae
2857 4603 3231 4680 componat.

390 4717 499 4777 71.
551 4718 739 4780 Alios
773 4735 1038 4795 quoque
1085 4720 1385 4795 eJusdem
1421 4720 1869 4783 multitudinis
1918 4720 2057 4781 vidi
2092 4720 2394 4795 spiritus,
2432 4732 2602 4794 quos
2633 4714 2838 4777 etiam
2887 4709 2985 4770 sic
3018 4702 3388 4767 vociferan—

302 4822 406 4881 tes
443 4820 689 4882 audivi:
739 4821 918 4883 Deus
955 4824 1141 4883 solus
1175 4824 1350 4884 Deus
1384 4839 1533 4884 esse
1566 4841 1696 4885 non
1729 4824 1949 4899 debet,
1987 4822 2105 4885 sed
2138 4829 2205 4885 et
2240 4822 2413 4884 alius
2446 4824 2713 4895 praeter
2759 4828 2935 4885 eum,
2971 4808 3390 4882 omnipotens

300 4925 451 4985 erit.
503 4924 586 4985 Hi
634 4925 940 4988 homines
974 4927 1057 4988 ad
1091 4928 1610 4990 inobedientiam
1656 4928 2117 5005 exhortantur,
2168 4934 2236 4989 et
2267 4933 2341 4990 ut
2374 4923 2693 5004 praelatis
2729 4920 2870 4982 suis
2906 4915 3250 4984 resistant,
3286 4907 3389 4967 eis

305 5028 688 5090 ostendunt.

385 5179 428 5247 ι)
457 5200 581 5237 nam
605 5186 707 5256 qui
732 5184 820 5239 W.
857 5217 922 5226 —
946 5187 990 5253 2)
1018 5189 1333 5243 ornaverint
1360 5185 1448 5240 W.
