4036 6117
725 464 859 528 596
1869 482 1923 528 s.
1985 478 2525 529 ninnnoAnms

657 598 1010 675 suffocent,
1062 601 1221 676 quia
1252 599 1429 661 Deus
1478 616 1609 661 non
1641 600 2017 663 delectatur
2066 603 2132 662 in
2163 608 2367 679 opere
2417 603 2552 676 illo,
2605 600 2785 678 quod
2836 601 3008 662 inter
3055 601 3285 677 spinas
3334 601 3746 662 aedificatur.

654 706 851 783 Ergo,
887 724 926 768 o
964 708 1100 768 filia
1133 708 1273 784 Dei,
1311 708 1444 768 cito
1482 723 1703 784 surge,
1741 715 2102 786 antequam
2136 709 2234 769 sol
2269 709 2391 769 tibi
2424 709 2706 770 occidat.

749 855 1029 933 Sophiae
1073 851 1120 936 ¹)
1171 856 1525 917 abbatissae
1576 858 1657 917 de
1706 858 1984 919 Altwich
2028 859 2310 936 Traiecti
2358 861 2799 938 HildeyardiS.
2836 860 3079 920 Patrol.
3116 858 3239 918 col.
3277 858 3429 918 322.

2090 1049 2317 1113 XLIII.

1429 1245 1716 1307 Berthae
1762 1253 2106 1307 matronae
2154 1248 2233 1307 de
2292 1247 2504 1308 Vulda
2550 1248 2990 1325 Hildeyardis.

736 1427 827 1487 Ab
855 1428 1081 1488 incauta
1107 1429 1479 1502 reliquiarum
1506 1430 1782 1502 religione
1806 1438 1864 1489 et
1891 1432 2285 1505 superstitiosa
2314 1438 2629 1507 temporum
2657 1449 2721 1490 ac
2744 1433 2965 1489 dierum
2992 1429 3350 1488 observantia
3376 1433 3618 1487 coercet.

755 1568 829 1628 In
877 1569 1137 1629 visione
1169 1585 1370 1645 quam
1420 1570 1488 1629 in
1522 1570 1841 1646 mysterio
1889 1571 2007 1631 Dei
2041 1571 2258 1647 viden,
2308 1570 2475 1633 haec
2507 1570 2714 1633 verba
2762 1572 3010 1633 audivi:
3054 1570 3153 1632 Ad
3187 1570 3357 1630 istas
3399 1567 3747 1644 reliquiaS,

663 1689 837 1751 quae
885 1674 1263 1735 sanctitatis
1311 1692 1441 1736 non
1489 1682 1678 1752 sunt,
1739 1675 2274 1751 respondendum
2322 1693 2453 1738 non
2499 1682 2625 1737 est.
2676 1676 2802 1737 Sed
2843 1676 3021 1738 dico:
3072 1674 3342 1736 Nullum
3372 1672 3635 1749 pondus
3684 1671 3749 1730 in

661 1778 1070 1854 ponderibus
1119 1777 1629 1855 adaequandum
1675 1786 1782 1839 est
1826 1778 2093 1850 diebus,
2144 1780 2512 1855 mensibuS,
2563 1781 2757 1842 annis
2806 1781 2913 1840 vel
2947 1779 3103 1840 aliis
3153 1776 3446 1857 (f01.34)
3495 1783 3752 1852 tempo-

665 1884 878 1959 ribus»,
932 1899 1103 1960 quae
1166 1902 1205 1944 a
1251 1883 1385 1943 Deo
1435 1884 1741 1946 ordinata
1791 1891 1967 1945 sunt.
2018 1884 2143 1944 Sed
2193 1891 2453 1946 tanturn
2500 1886 2697 1946 vivus
2735 1884 2934 1960 DeuS,
2984 1884 3101 1960 qui
3158 1899 3274 1943 rex
3322 1896 3557 1956 regum
3621 1883 3748 1952 est,

665 1991 734 2050 et
777 1989 970 2064 cujus
1000 1988 1251 2065 judicia
1295 1989 1481 2065 justa
1515 1991 1691 2064 sunt,
1746 1989 1977 2050 intime
2025 1989 2400 2050 exorandus
2433 1997 2561 2065 est,
2611 1992 2687 2050 ut
2718 1995 2996 2065 peccata
3042 1989 3471 2064 peccatorum
3519 1984 3750 2043 abluat

665 2112 789 2172 per
819 2096 1160 2157 orationes
1194 2096 1368 2172 illaS,
1406 2111 1576 2173 quae
1611 2097 1679 2156 in
1712 2094 1963 2173 Spiritu
1990 2096 2230 2157 Sancto
2265 2097 2637 2173 exquisitae
2671 2102 2850 2171 sunt,
2885 2096 3047 2172 quia
3079 2095 3328 2155 multae
3364 2091 3749 2153 occasiones

665 2217 742 2261 se
777 2202 960 2277 ipsas
994 2202 1060 2262 in
1109 2201 1399 2262 stultitia
1431 2201 1861 2277 deceperunt,
1894 2198 1945 2279 ²)
1998 2202 2176 2262 sicut
2210 2201 2386 2262 idola
2435 2217 2553 2278 per
2586 2203 2946 2278 strepitum
2994 2196 3487 2261 incredulitatis
3526 2193 3751 2255 volue-

668 2312 845 2380 runt,
885 2306 1148 2382 quando
1189 2307 1252 2366 in
1287 2305 1668 2366 irrisionem
1703 2307 1986 2383 populos
2026 2306 2417 2368 eduxerunt.

2104 2516 2312 2578 XLIV.

1325 2698 1673 2775 Luitqardi
1719 2704 2059 2759 matronae
2110 2698 2189 2757 de
2242 2695 2592 2758 Strazburc
2640 2697 3082 2774 Hildeqardis.

746 2879 948 2937 Paucis
974 2879 1183 2937 eximia
1209 2882 1308 2938 dat
1332 2887 1392 2937 et
1420 2897 1543 2938 rara
1570 2881 1846 2940 encomia.

759 3020 812 3081 Ο
846 3018 1021 3082 beati
1068 3019 1294 3096 lucidi,
1348 3022 1462 3098 qui
1496 3019 1846 3097 subJacent
1893 3020 2298 3083 candelabro
2333 3020 2533 3098 regia,
2586 3025 2655 3081 et
2701 3034 2875 3097 quos
2919 3018 3099 3080 Deus
3131 3019 3198 3078 in
3248 3032 3490 3094 magna
3537 3016 3753 3093 provi-

667 3124 896 3185 dentia
930 3125 1342 3201 procuravit,
1396 3125 1490 3185 ita
1523 3124 1700 3201 quod
1736 3140 1852 3185 eos
1886 3124 1967 3184 de
2015 3125 2166 3185 sinu
2201 3142 2323 3185 suo
2359 3142 2491 3186 non
2524 3125 2837 3187 abscidit!
2896 3126 2968 3185 In
3002 3124 3115 3186 illo
3151 3124 3356 3183 etiam
3389 3128 3458 3182 et
3506 3129 3578 3182 tu
3612 3137 3748 3197 per-

676 3246 972 3306 maneaS,
1023 3237 1089 3291 et
1125 3231 1293 3292 habe
1327 3231 1656 3291 laetitiam
1693 3231 1760 3291 in
1794 3237 2013 3290 mente
2051 3237 2187 3307 tua,
2226 3248 2432 3307 quum
2465 3231 2641 3292 Deus
2675 3229 3206 3307 praedestinavit
3241 3235 3307 3289 te
3345 3229 3409 3288 in
3443 3227 3751 3287 salvatio-

672 3351 825 3395 nem
860 3351 1073 3411 aquae
1110 3334 1312 3396 fontis
1347 3335 1652 3396 salientis
1685 3335 1751 3394 in
1784 3336 2013 3394 vitam.
2048 3333 2232 3395 Unde
2267 3336 2441 3408 vive,
2478 3341 2546 3394 et
2577 3334 2754 3394 Deus
2788 3351 2916 3394 non
2950 3332 3371 3407 derelinquet
3404 3334 3493 3390 te.

769 3481 1117 3542 Baldwino
1160 3477 1211 3561 ς)
1264 3485 1572 3545 canonico
1619 3485 1699 3544 de
1756 3485 2049 3562 Traiecto
2097 3486 2538 3564 Hildeyardis.
2588 3486 2838 3548 Patrol.
2888 3484 3040 3546 312.

769 3587 812 3649 f.
862 3589 969 3648 35.
1022 3589 1377 3650 Bartholdo
1420 3585 1469 3670 ⁴)
1520 3591 1842 3652 sacerdoti
1891 3598 1952 3652 et
1993 3596 2308 3654 monacho
2355 3594 2435 3653 de
2485 3597 2707 3653 sancto
2740 3591 3067 3654 Euchario
3105 3590 3371 3651 Treveri
3419 3585 3753 3662 Hildeqar-

675 3692 780 3752 dis
828 3692 1073 3754 Patrol.
1126 3693 1275 3754 296.
2736 3689 2739 3692 ’

2130 3832 2306 3893 XLV.

1449 4012 1829 4089 Maneyoldo
1875 4010 2086 4072 abbati
2135 4011 2499 4089 Hirsauqae
2549 4012 2990 4089 HildeqardiS.

756 4194 837 4251 Ne
861 4196 1124 4253 abbatiae
1148 4213 1290 4254 onus
1314 4198 1579 4272 deponat,
1605 4199 1958 4272 deprecatur.

770 4349 866 4410 Tu
893 4364 967 4409 es
995 4350 1059 4409 in
1092 4352 1474 4427 praesentia
1506 4351 1622 4412 Dei
1657 4352 1832 4412 sicut
1867 4351 2092 4412 fumus
2126 4352 2437 4427 myrrhae
2462 4359 2529 4412 et
2554 4352 2774 4412 thuris
2810 4351 2981 4412 unde
3014 4366 3205 4412 mons
3230 4349 3387 4410 Sion
3410 4341 3458 4427 ⁵)
3496 4347 3747 4426 quaerit

685 4455 761 4514 ut
793 4455 890 4514 sis
923 4470 1079 4515 esca
1113 4456 1177 4515 in
1211 4456 1407 4517 domo
1438 4457 1662 4517 Jacob:
1698 4457 1810 4519 sed
1850 4458 1910 4518 si
1942 4458 2096 4534 quis
2130 4457 2506 4516 columnam
2539 4456 2712 4517 hanc
2743 4472 2916 4533 quae
2949 4460 3158 4516 totam
3196 4455 3467 4515 domum
3505 4459 3752 4514 susten·

684 4561 808 4635 tat,
861 4559 1246 4636 absciderit,
1297 4561 1567 4622 domum
1614 4563 1860 4639 dejicit.
1913 4562 2332 4638 Quapropter
2379 4577 2498 4636 per
2539 4567 2797 4637 septem
2848 4560 3182 4621 fenestras
3230 4559 3564 4636 prospice,
3614 4573 3754 4617 con·

759 4748 804 4816 ¹)
828 4745 1008 4806 Abest
1033 4747 1276 4821 Sophiae
1294 4765 1494 4806 nomen
1522 4751 1594 4805 ab
1614 4749 1802 4806 editis.
1828 4780 1897 4790 -
1914 4749 1961 4817 2)
1982 4745 2182 4820 Respi-
2270 4746 2417 4803 alius
2442 4748 2685 4805 babetur
2716 4747 3028 4804 Richardus
3061 4747 3229 4804 abbas
3252 4749 3315 4802 in
3350 4744 3751 4818 sprenqmme

686 4851 814 4893 cere
852 4835 1079 4893 videtur
1115 4833 1404 4893 affectatos
1439 4835 1806 4893 Catharorum
1834 4851 2016 4892 mores
2051 4839 2184 4890 tunc
2270 4833 2446 4891 codex
2471 4835 2630 4907 plura
2654 4835 2713 4890 in
2735 4836 2846 4891 fine
2866 4833 3128 4891 resecuit.
3151 4834 3274 4897 -⁵)
3303 4831 3518 4887 Iterum
3545 4826 3752 4899 aliquid

689 4923 843 4979 inter
865 4922 1167 4981 Rhenanos
1193 4923 1591 4994 grassantium.
1616 4924 1749 4987 —³)
1769 4923 1879 4979 Pro
1904 4922 2183 4979 Balduino
2271 4919 2550 4991 regeritur
2587 4920 2683 4978 hic
2718 4936 2789 4975 ex
2814 4921 2900 4979 ed.
2944 4938 3031 4993 ep.
3072 4918 3344 4982 XXXIV,
3384 4934 3448 4975 ac
3485 4915 3754 4988 repetitur

692 5009 756 5064 in
780 5008 905 5066 edd.
931 5009 1231 5067 adducit-ur
1251 5010 1323 5068 H.
1351 5007 1961 5077 aedomooeathedrnli)
1984 5009 2045 5065 in
2065 5009 2185 5066 Mo·
2271 5006 2329 5061 id
2368 5004 2552 5076 ipsum
2591 5006 2741 5077 quod
2786 5005 3057 5062 omissum
3096 5010 3215 5061 erat
3254 5003 3314 5060 in
3355 5000 3635 5075 superiori
3670 5015 3749 5069 ep.

689 5094 892 5161 guntin
917 5096 1287 5169 praepositus.
1314 5096 1428 5153 Hic
1454 5111 1583 5152 vero
1604 5094 1786 5152 media
1816 5101 2035 5152 tantum
2059 5111 2185 5169 pars
2272 5094 2513 5159 XXXV,
2555 5110 2656 5151 nec
2687 5102 2874 5150 tamen
2910 5093 3034 5149 sine
3072 5092 3361 5149 varietate.
3404 5088 3665 5163 Repetit:
3702 5086 3754 5142 id

688 5177 934 5237 habetur
971 5183 1241 5254 epistolae
1268 5183 1352 5241 cd.
1388 5183 1533 5240 XCI.
1566 5215 1630 5224 -—
1658 5183 1700 5252 ⁴)
1730 5183 1790 5238 ln
1820 5181 2057 5256 epistola
2095 5182 2179 5239 ed.
2274 5198 2450 5253 genus
2476 5185 2673 5237 notatu
2702 5179 2873 5250 digna
2900 5183 3052 5236 sunt.
