4036 6117
1227 523 1464 573 maun
1512 525 1707 572 vna-2
1755 524 2242 573 unam-onum,
2294 527 2352 570 P.
2405 526 2517 570 111.
3222 507 3343 567 141

1693 749 2037 813 LXXVIII.

1133 962 1315 1033 Quod
1363 961 1490 1019 voti
1537 962 1813 1020 violator
1855 979 2114 1038 paqano
2160 961 2593 1021 assimilatur.

412 1168 517 1230 96.
555 1168 682 1242 Qui
729 1169 908 1230 enim
952 1167 1088 1229 Deo
1138 1184 1211 1229 se
1259 1168 1602 1244 obtulerit,
1653 1175 1720 1228 et
1752 1175 1908 1244 post
1937 1174 2202 1246 tergum
2236 1167 2628 1243 respexerit,
2665 1166 3011 1227 saeculum
3040 1162 3217 1240 quod
3251 1162 3407 1223 reli-

323 1278 557 1347 querat
590 1270 1072 1346 amplectendo,
1109 1285 1368 1349 pagano
1402 1272 1837 1346 assimilatur,
1876 1273 1993 1348 qui
2029 1272 2226 1345 idola,
2262 1273 2329 1331 et
2363 1288 2495 1331 non
2524 1270 2734 1330 Deum
2766 1267 3025 1342 adorat,
3061 1266 3221 1342 quia
3251 1280 3406 1341 pro-

327 1373 538 1448 priam
573 1373 986 1434 voluntatem
1023 1389 1216 1434 suam
1248 1390 1371 1450 pro
1403 1372 1536 1435 Deo
1570 1374 1793 1436 habet.
1842 1375 2010 1435 Nam
2058 1377 2235 1435 sicut
2266 1375 2526 1435 Pharao
2562 1373 2745 1448 facit,
2789 1371 2906 1448 qui
2936 1370 3255 1446 populum
3285 1367 3404 1426 Dei

322 1491 514 1551 quem
547 1474 901 1536 dimiserat
932 1483 1352 1553 persecutuS,
1392 1494 1631 1555 capere
1664 1479 1900 1554 voluit,
1951 1484 2020 1538 et
2055 1479 2121 1537 in
2154 1479 2324 1539 mari
2373 1478 2577 1538 rubro
2611 1477 3007 1536 submersus
3054 1477 3182 1547 est,
3220 1472 3311 1531 ita
3336 1473 3406 1529 et

325 1579 446 1637 iste
491 1580 608 1656 qui
657 1582 1139 1657 proprietatem
1185 1583 1554 1643 voluntatis
1587 1599 1769 1658 suae,
1807 1599 2008 1660 quam
2057 1589 2330 1660 propter
2369 1582 2577 1643 Deum
2628 1582 3015 1658 reliquerat,
3065 1583 3135 1637 et
3181 1576 3403 1636 denuo

322 1683 624 1756 retrahit,
664 1684 918 1744 crudeli
950 1691 1166 1745 morte
1214 1687 1692 1763 submergitur,
1742 1689 2060 1763 quoniam
2108 1689 2284 1747 sicut
2332 1688 2471 1747 vita
2506 1686 2572 1746 in
2614 1685 2825 1745 veteri
2863 1684 3031 1759 Lege
3064 1695 3216 1741 esse
3268 1693 3400 1737 non

322 1787 559 1862 potuit,
597 1787 698 1846 sic
733 1788 859 1849 iste
891 1790 961 1849 in
994 1791 1528 1864 transgressione
1562 1790 1688 1851 hac
1718 1792 1925 1852 vitam
1961 1792 2329 1867 promereri
2365 1807 2495 1851 non
2528 1788 2796 1866 poterit.

1678 2013 2034 2075 LXXVIIII.

1095 2207 1188 2267 De
1229 2208 1647 2283 poenitentia
1686 2210 1945 2284 peccati
1992 2214 2226 2267 eontra
2270 2214 2604 2268 naturam.

346 2444 354 2451 ·
399 2409 504 2470 97.
541 2409 667 2481 Qui
701 2425 862 2472 vero
896 2412 1234 2472 contraria
1270 2412 1729 2489 fornicatione,
1780 2422 1846 2474 et
1898 2416 1961 2474 in
2012 2414 2333 2476 masculis
2365 2420 2434 2475 et
2483 2415 2552 2474 in
2585 2412 2876 2486 feminis,
2927 2406 3396 2470 rectitudinem

310 2512 632 2575 humanae
663 2520 945 2576 naturae
975 2516 1428 2592 destituerint,
1465 2523 1532 2577 et
1561 2519 1796 2595 poenis
1828 2520 2131 2595 ejusdem
2161 2520 2421 2596 peccati
2467 2534 2588 2595 per
2618 2516 3093 2594 poenitentiam
3140 2514 3382 2573 abesse

307 2615 858 2695 desideraverint,
893 2625 960 2679 et
995 2620 1124 2696 ipsi
1156 2620 1379 2680 cilicio
1411 2626 1480 2681 et
1506 2621 1782 2697 jejuniis
1813 2628 1881 2683 et
1913 2624 2198 2699 flagellis
2233 2639 2305 2683 se
2338 2623 2692 2699 castigent,
2728 2636 2808 2682 ac
2839 2635 3129 2696 genuum
3162 2618 3385 2677 incur-

313 2721 694 2783 vationibus
727 2738 878 2783 cum
910 2724 1296 2798 purissimis
1331 2724 1750 2787 orationibus
1781 2727 1988 2787 Deum
2028 2728 2158 2788 sibi
2190 2727 2586 2804 placabilem
2624 2724 2891 2785 faciant.

1691 2955 1928 3016 LXXX.

1612 3152 1706 3211 De
1755 3152 1999 3210 eodem.

394 3358 502 3421 98.
541 3359 686 3420 Hoc
718 3366 1064 3435 peccatum
1099 3363 1278 3423 enim
1312 3369 1505 3441 turpe
1540 3370 1608 3424 et
1643 3364 2094 3425 facinorosum
2140 3371 2267 3442 est,
2319 3372 2386 3425 et
2419 3365 2486 3425 in
2523 3363 2788 3424 homine
2821 3379 2941 3439 per
2987 3360 3385 3422 diabolicam

310 3471 523 3526 artem
557 3481 632 3524 se
664 3466 897 3541 erexit,
935 3467 1494 3542 quemadmodum
1525 3484 1709 3528 mors
1743 3468 2078 3529 hominem
2113 3470 2180 3529 in
2211 3485 2375 3530 casu
2416 3469 2595 3529 Adae
2646 3458 3144 3549 intravitsfcum
3179 3483 3218 3525 a
3248 3464 3385 3524 Deo

308 3569 609 3629 recessit.
657 3568 830 3629 Deus
878 3586 1164 3647 namque
1214 3571 1547 3632 hominem
1596 3572 1679 3633 ad
1728 3588 2042 3649 magnum
2091 3573 2404 3635 honorem
2456 3579 2523 3632 et
2580 3573 2661 3633 ad
2719 3572 3089 3648 gloriosum
3143 3584 3384 3630 nomen

308 3672 584 3748 creavit;
621 3672 739 3732 sed
788 3689 1065 3750 serpens
1111 3690 1265 3734 eum
1312 3676 1594 3752 decepit,
1630 3684 1698 3737 et
1729 3678 1927 3739 homo
1962 3678 2317 3738 consilium
2351 3677 2534 3738 illius
2570 3677 2890 3752 suscepit,
2926 3691 3004 3736 ac
3038 3676 3131 3734 ita
3163 3675 3386 3750 cogni-

309 3776 557 3837 tionem
587 3778 806 3836 omnis
824 3779 1012 3838 vocis
1038 3784 1431 3839 cunctorum
1458 3782 1868 3855 animalium,
1906 3798 2106 3858 quam
2136 3783 2432 3858 spirante
2466 3798 2628 3843 sono
2661 3780 3028 3857 proferunt,
3065 3780 3312 3839 amisit.
3334 3772 3383 3855 ¹)

304 3878 381 3940 Et
411 3885 766 3956 peccatum
813 3881 936 3941 hoc
967 3882 1073 3942 vis
1121 3882 1343 3943 cordis
1389 3882 1646 3944 Diaboli
1701 3891 1825 3960 est3
1877 3886 2049 3945 unde
2099 3885 2479 3945 hominibus
2513 3884 2752 3945 suadet
2776 3881 2853 3963 ²),
2904 3889 2978 3944 ut
3011 3882 3382 3943 naturalem

301 4001 496 4046 usum
546 3986 613 4045 in
659 3986 978 4046 bestiales
1027 4002 1248 4047 mores
1283 3988 1655 4062 immutent,
1705 3993 1774 4048 et
1805 3995 1879 4049 ut
1925 3989 2407 4065 turpitudinem
2455 3990 2524 4049 in
2563 3989 2946 4064 semetipsis
2994 3991 3376 4062 operentur,

303 4089 619 4166 quoniam
675 4095 948 4165 propter
999 4092 1290 4165 primurn
1342 4092 1590 4167 odium,
1642 4093 1819 4170 quod
1874 4095 1956 4154 ad
2006 4094 2477 4155 fecunditatem
2535 4093 2836 4154 mulieris
2885 4091 3141 4166 habuit,
3193 4090 3379 4149 illam

306 4191 524 4253 adhuc
556 4193 1005 4271 persequitur,
1037 4210 1120 4256 ne
1144 4202 1409 4271 partum
1434 4195 1732 4271 proferat
1752 4192 1828 4276 ⁸);
1856 4197 1971 4258 sed
2004 4199 2261 4259 mavult
2285 4198 2461 4275 quod
2488 4197 2793 4258 homines
2819 4196 2887 4256 in
2910 4194 3387 4256 contrarietate

303 4311 372 4356 se
404 4296 727 4372 polluant.
777 4297 857 4357 Et
890 4299 1047 4374 quia
1092 4297 1268 4359 Deus
1315 4301 1530 4360 voluit
1562 4300 1739 4377 quod
1789 4316 1999 4376 genus
2048 4301 2410 4363 humanum
2458 4301 2539 4361 de
2592 4300 2837 4361 femina
2883 4303 3375 4374 procrearetur,

305 4416 618 4475 magnum
652 4402 875 4461 scelus
908 4408 1034 4478 est,
1071 4404 1248 4479 quod
1281 4402 1478 4464 homo
1513 4420 1740 4464 semen
1773 4421 1968 4465 suum
2003 4406 2068 4465 in
2101 4406 2559 4466 confusionem
2591 4404 2799 4480 ducit,
2836 4419 2990 4464 cum
3023 4403 3197 4463 idem
3229 4418 3384 4478 pec-

304 4508 528 4563 catum
561 4511 924 4581 perpetrat.

376 4703 421 4768 ¹)
459 4704 632 4762 Haud
670 4705 750 4762 ita
792 4708 928 4764 trita
965 4716 1054 4765 est
1077 4710 1443 4782 Hildegardis
1481 4713 1787 4776 sententia,
1879 4712 1960 4768 rit
1985 4729 2150 4770 voces
2179 4712 2436 4770 omnium
2459 4713 2815 4777 animalium.
2838 4712 3072 4768 fortasse
3095 4714 3154 4765 et
3178 4707 3371 4764 avium

307 4806 413 4861 qua
453 4789 678 4848 scilicet
713 4809 784 4848 ex
821 4799 1049 4865 peccato
1085 4796 1327 4867 originis
1352 4798 1521 4856 homo
1546 4816 1791 4858 cessave·
1882 4799 2221 4870 intelligere.
2252 4832 2315 4842 —
2343 4804 2389 4868 2)
2414 4803 2644 4858 madent
2667 4800 2759 4855 W.
2792 4829 2862 4840 —
2884 4797 2930 4865 ⁸)
2953 4796 3241 4870 proferant
3273 4794 3367 4850 W.
