4036 6117
636 463 765 524 210
1795 484 1847 527 s.
1910 476 2469 528 umnec-Annis

2050 705 2177 766 LII.

1729 909 1822 973 De
1864 916 2102 991 poenis
2149 918 2510 995 furtorum.

660 1119 764 1181 70.
799 1120 878 1180 Et
910 1119 1116 1180 etiam
1147 1118 1287 1180 vidi
1322 1117 1583 1181 foveam
1619 1120 1824 1181 latam
1857 1127 1924 1181 et
1957 1121 2380 1197 profundam,
2419 1120 2486 1181 in
2517 1136 2650 1197 qua
2675 1120 2877 1181 etiam
2911 1119 3184 1197 plurimi
3217 1121 3493 1198 maligni
3531 1117 3662 1199 spi*

570 1225 744 1286 ritus
791 1223 1281 1285 discurrebant.
1327 1223 1409 1284 Et
1455 1223 1524 1283 in
1569 1224 1803 1299 poenis
1855 1224 2008 1285 istis
2058 1226 2321 1286 animae
2369 1225 2639 1285 illorum
2695 1224 3183 1301 puniebantur,
3226 1225 3344 1301 qui
3391 1224 3550 1285 dum
3599 1225 3663 1284 in

567 1330 968 1406 corporibus
1023 1329 1168 1390 suis
1226 1327 1536 1405 fuissent,
1595 1329 1850 1391 alienas
1906 1345 2016 1390 res
2075 1329 2307 1389 furtim
2354 1327 2739 1390 hominibus
2786 1330 3293 1407 subtraxerant,
3344 1330 3439 1391 ita
3484 1332 3661 1407 quod

566 1435 772 1494 etiam
820 1434 1096 1509 maligni
1145 1434 1425 1509 spiritus
1476 1434 1542 1492 in
1588 1433 1842 1494 eisdem
1889 1434 2124 1510 poenis
2172 1449 2289 1494 eos
2337 1433 2463 1493 hac
2509 1440 2577 1493 et
2627 1433 2781 1494 illac
2840 1435 3242 1512 impellendo
3297 1436 3658 1513 plurimum

570 1537 994 1613 torquebant.
1044 1536 1210 1597 Nam
1258 1543 1534 1613 propter
1584 1535 1763 1598 furta
1810 1551 1982 1613 quae
2030 1542 2606 1614 perpetraverant,
2645 1537 2710 1597 in
2748 1537 2940 1598 fovea
2988 1537 3113 1599 hac
3146 1539 3564 1615 tenebantur3
3596 1540 3665 1599 et

569 1646 846 1717 propter
895 1640 1420 1717 inquietudinem
1469 1646 1952 1702 nocturnarum
2001 1641 2400 1701 insidiarum
2447 1655 2488 1699 a
2528 1640 2855 1717 praefatis
2898 1642 3243 1702 vermibus
3276 1642 3663 1702 cruciaban-

566 1752 706 1821 tur;
742 1751 810 1805 et
841 1747 1114 1820 propter
1146 1743 1439 1804 studium
1476 1744 1692 1805 malae
1727 1745 1894 1805 artis
1929 1761 2132 1821 quam
2166 1744 2235 1805 in
2266 1744 2433 1804 vitio
2469 1743 2600 1804 isto
2636 1743 3028 1817 habuerant,
3069 1744 3136 1805 in
3170 1745 3320 1821 igne
3356 1744 3481 1805 hoc
3513 1760 3662 1806 ure-

565 1849 832 1923 bantur;
884 1854 948 1908 et
998 1849 1272 1924 propter
1319 1847 1715 1907 coecitatem
1762 1862 1895 1923 qua
1943 1847 2154 1907 Deum
2186 1864 2316 1908 non
2353 1847 2803 1924 inspexerant,
2855 1861 2895 1906 a
2941 1847 3254 1923 pessimis
3305 1847 3661 1924 spiritibus

576 1950 1066 2028 affligebantur.
1099 1951 1180 2013 Et
1214 1950 1354 2013 vidi
1386 1953 1453 2012 et
1480 1950 1776 2012 intellexi
1812 1951 1996 2012 haec.

2032 2162 2188 2221 LIII.

1472 2371 1566 2430 De
1608 2372 2030 2447 poenitentia
2077 2370 2153 2430 ab
2199 2372 2415 2430 avaris
2466 2372 2737 2448 agenda.

660 2581 764 2641 71.
812 2579 894 2639 Et
938 2579 1022 2638 de
1069 2578 1412 2656 praedicta
1435 2571 1481 2656 ¹)
1532 2578 1798 2638 vivente
1835 2580 1982 2639 luce
2020 2579 2260 2639 iterum
2295 2594 2529 2639 vocem
2567 2577 2792 2639 audivi
2826 2576 3158 2638 dicentem
3193 2576 3277 2639 ad
3312 2595 3441 2639 me:
3479 2576 3661 2641 Haec

565 2699 738 2760 quae
785 2682 1001 2758 vides,
1051 2698 1213 2743 vera
1248 2687 1427 2757 sunt,
1465 2687 1533 2740 et
1565 2687 1636 2741 ut
1670 2696 1750 2742 ea
1782 2681 1997 2757 vides,
2044 2683 2144 2742 ita
2179 2688 2357 2743 sunt.
2390 2682 2573 2744 Unde
2609 2681 2914 2742 homines
2948 2682 3060 2757 qui
3097 2682 3429 2758 pessimos
3462 2683 3662 2758 spiri-

567 2792 675 2850 tus
709 2788 1065 2849 avaritiam
1099 2787 1198 2846 eis
1233 2787 1700 2863 proponentes,
1734 2787 2119 2863 optaverint
2152 2787 2475 2862 devitare,
2513 2788 2581 2848 et
2612 2787 2850 2863 poenis
2890 2786 3039 2863 ejus
3072 2787 3341 2863 abesse,
3388 2786 3662 2865 jejnniis

558 2898 628 2952 et
659 2892 1056 2953 verberibus
1091 2906 1164 2951 se
1199 2888 1523 2966 affligant,
1561 2892 1630 2950 et
1661 2890 1863 2950 etiam
1901 2891 2312 2967 pauperibus
2347 2907 2518 2967 quos
2567 2890 3158 2966 defraudaverunt,
3198 2898 3397 2968 prout
3430 2898 3663 2969 potue-

564 2998 720 3075 rint,
757 2991 1295 3057 misericordiam
1329 3010 1483 3053 cum
1516 2994 1804 3055 veritate
1839 2995 2226 3072 rependant.

2021 3203 2124 3265 LII
2135 3204 2208 3264 11.

1626 3430 1720 3491 De
1765 3431 2184 3505 poenitentia
2233 3428 2588 3489 latronum.

655 3643 759 3703 72.
810 3641 935 3702 Sed
984 3644 1051 3700 et
1098 3639 1213 3716 qui
1249 3639 1315 3700 in
1347 3637 1581 3699 eodem
1621 3637 1786 3698 vitio
1824 3637 2248 3697 latrocinium
2285 3625 2671 3714 ag'gressus,
2708 3635 3013 3701 homines
3048 3639 3250 3702 rebus
3285 3639 3428 3704 suis
3459 3659 3657 3720 expo-

562 3750 730 3810 liare
761 3762 891 3808 non
926 3744 1172 3820 timuit,
1210 3743 1271 3803 si
1305 3757 1377 3803 se
1408 3741 1773 3819 praedictis
1807 3741 2042 3818 poenis
2076 3742 2428 3804 absolvere
2467 3743 2780 3819 voluerit,
2831 3760 3071 3822 aspera
3118 3753 3309 3808 veste
3353 3753 3422 3808 et
3468 3764 3655 3810 acer-,-

562 3853 752 3913 rimis
792 3848 1068 3929 jeJuniis
1101 3863 1179 3907 ac
1211 3845 1401 3906 duris
1437 3843 1722 3920 flagellis
1756 3859 2005 3919 corpus
2040 3861 2260 3921 suum,
2296 3862 2447 3907 cum
2482 3860 2615 3923 quo
2646 3847 2974 3924 peccavit,
3010 3848 3346 3925 castigare
3378 3865 3510 3911 non
3539 3865 3656 3910 ne·-

562 3957 793 4035 gligat.

2050 4158 2171 4220 LV.

1680 4367 1774 4429 De
1815 4369 2236 4446 poenitentia
2281 4372 2535 4448 surum.

653 4581 758 4646 73.
808 4583 927 4643 Ille
976 4590 1241 4657 quoque
1276 4573 1389 4654 qui
1424 4576 1750 4638 avaritiae
1798 4592 1919 4653 per
1954 4575 2132 4637 furta
2166 4578 2424 4637 servire
2457 4577 2821 4656 laboravit,
2857 4586 2932 4641 ut
2964 4597 3004 4642 a
3037 4582 3451 4643 cruciatibus
3482 4581 3660 4658 ejus-

561 4690 711 4749 dem
759 4688 909 4748 vitii
975 4685 1368 4745 absolvatur
1399 4729 1415 4758 ,
1461 4681 1736 4758 jeiuniis
1786 4687 1854 4741 et
1901 4680 2300 4742 verberibus
2356 4696 2435 4742 ac
2491 4698 2782 4758 genuum
2838 4684 3235 4746 flexionibus
3290 4701 3362 4746 se
3417 4686 3656 4762 punire

558 4809 688 4855 non
722 4790 1038 4867 negligat.

632 4994 675 5060 ¹)
702 4994 766 5049 de
795 4992 1057 5065 praefata
1082 4988 1175 5043 W.
