4036 6117
606 474 737 534 206
1757 495 1810 539 s.
1869 494 2413 543 mnnncAnms

535 606 859 668 dilaniare
908 609 1165 686 studet,
1216 611 1532 687 quoniam
1581 610 1757 672 sicut
1804 610 2064 673 foetens
2111 614 2353 674 nebula
2387 619 2512 690 est,
2550 631 2722 691 quae
2755 632 2986 677 omnes
3033 616 3295 679 fructus
3329 620 3633 684 arefacit,

530 714 696 776 Nam
747 718 815 778 in
860 717 1214 779 honestate
1262 735 1392 778 non
1441 719 1793 795 germinat,
1830 735 1952 779 nec
1985 736 2104 795 per
2149 721 2579 797 disciplinam
2627 722 2833 797 pallio
2868 723 3310 783 verecundiae
3354 724 3631 799 tegitur:

541 822 660 882 sed
694 824 915 883 omnia
949 840 1122 900 quae
1153 840 1314 884 vera
1348 829 1526 899 sunt,
1563 840 1715 884 curn
1749 824 1987 884 umbra
2020 825 2387 886 ludentium
2421 826 2805 900 verborum,
2842 826 3188 888 eradicare
3224 829 3455 888 tentat.
3492 828 3628 887 Ista

535 941 824 1001 namque
873 943 1025 987 cum
1074 927 1476 1004 quibusdam
1524 928 1744 987 sibilis
1794 928 2161 988 secundum
2212 945 2431 988 mores
2480 930 2893 1007 serpentium
2945 929 3139 1005 facit,
3192 945 3270 990 ac
3305 946 3457 990 cum
3491 930 3641 990 bia-s

536 1030 1041 1107 sphemantibus
1067 1032 1317 1107 verbis,
1346 1047 1515 1108 quae
1543 1038 1775 1092 contra
1801 1030 2010 1091 Deum
2040 1039 2107 1091 et
2133 1032 2469 1092 hominem
2497 1036 2671 1108 sunt,
2701 1035 3032 1109 pessimae
3057 1033 3528 1093 consuetudini
3553 1051 3626 1094 se

541 1134 864 1212 implicat,
900 1141 967 1195 et
1001 1136 1433 1196 constitutam
1467 1135 1680 1211 legem
1715 1135 2003 1210 deridet,
2040 1136 2227 1195 velut
2267 1136 2446 1196 tinea
2478 1142 2737 1196 vestem
2771 1136 3155 1212 demolitur,
3191 1140 3259 1194 et
3292 1134 3627 1195 hominem

537 1243 897 1305 deridendo
932 1245 1203 1322 decipit,
1240 1261 1318 1305 ac
1353 1245 1452 1304 sic
1485 1260 1640 1306 eum
1687 1260 1807 1320 per
1839 1250 2124 1305 mortem
2174 1245 2445 1305 invadit.
2506 1244 2632 1305 Sed
2679 1245 2797 1321 qui
2840 1244 3051 1304 Deum
3097 1259 3265 1319 puro
3314 1241 3515 1302 corde
3562 1246 3627 1300 et

534 1347 965 1426 disciplinato
1000 1349 1219 1409 animo
1252 1349 1532 1425 diligere
1566 1349 1880 1423 voluerit,
1915 1349 2104 1409 virus
2138 1349 2683 1409 subsannationis
2715 1348 2916 1424 hujus
2949 1347 3031 1409 de
3064 1363 3137 1407 se
3171 1346 3510 1424 projiciat,
3547 1362 3625 1406 ne

534 1459 770 1532 postea
805 1454 962 1515 flere
997 1455 1294 1531 incipiat,
1330 1471 1484 1515 cum
1515 1455 1833 1530 gaudium
1865 1455 2113 1516 habere
2154 1455 2513 1517 desiderat.
2550 1455 2730 1515 Haec
2772 1457 2999 1515 autem
3029 1454 3111 1514 de
3145 1453 3625 1530 poenitentium

535 1559 887 1620 animabus
919 1560 1284 1635 purgandis
1317 1565 1384 1619 et
1417 1559 1760 1619 salvandis
1792 1558 1972 1618 dicta
2006 1566 2185 1634 sunt,
2221 1566 2288 1620 et
2320 1560 2543 1620 fidelia
2578 1564 2756 1634 sunt,
2792 1562 2860 1621 et
2890 1558 3107 1620 fidelis
3141 1557 3249 1617 his
3298 1556 3623 1630 attendat,

537 1673 609 1726 et
639 1682 717 1728 ea
751 1667 820 1726 in
852 1667 1242 1727 memoriam
1275 1666 1487 1727 bonae
1522 1666 1843 1727 scientiae
1877 1672 2252 1743 componat.

626 1768 732 1829 58.
769 1770 955 1830 Alios
989 1786 1252 1846 quoque
1286 1769 1585 1846 ejusdem
1622 1769 2074 1829 multitudinis
2117 1769 2256 1829 vidi
2307 1769 2610 1846 spiritus,
2647 1785 2817 1846 quos
2858 1768 3063 1828 etiam
3112 1768 3213 1828 sic
3256 1765 3637 1828 vociferans

538 1880 642 1933 tes
667 1873 916 1933 audivi:
951 1893 981 1932 α
1011 1873 1401 1935 Dominator
1425 1881 1653 1936 noster
1676 1873 1942 1935 Lucifer
1967 1879 2095 1950 est,
2126 1876 2241 1951 qui
2268 1875 2491 1935 omnia
2515 1875 2904 1951 pertransit,
2935 1876 3003 1934 et
3026 1874 3247 1934 omnia
3272 1888 3443 1948 quae
3470 1877 3625 1931 sunt

542 1979 905 2053 cognoscit.
946 1996 978 2037 i>
1032 1980 1116 2041 Hi
1165 1981 1546 2042 hominibus
1595 1981 2021 2057 vagationem
2054 1980 2436 2056 ostendunt,
2471 1986 2539 2040 et
2584 1996 2667 2039 ne
2699 1978 3138 2041 stabilitatem
3181 1976 3485 2051 diligant,
3521 1973 3625 2033 eis

537 2083 961 2161 persuadent.

1973 2295 2189 2356 XLIII.

1452 2505 1548 2565 De
1595 2506 1959 2582 vaqationis
2000 2506 2237 2583 poenis
2278 2507 2706 2583 purqatoriis.

625 2710 732 2772 59.
768 2709 849 2771 Et
878 2709 1020 2769 vidi
1050 2709 1362 2786 paludem
1395 2725 1727 2786 magnam,
1764 2712 2034 2788 putrida
2065 2717 2134 2771 et
2168 2711 2457 2772 foetente
2491 2710 2687 2771 sorde
2720 2711 3008 2787 plenam,
3046 2708 3127 2767 de
3162 2723 3293 2783 qua
3324 2703 3620 2781 pessima

528 2816 773 2877 nebula
824 2829 1132 2890 surgens,
1183 2815 1485 2876 eamdem
1515 2815 1826 2892 paludem
1859 2819 2074 2877 totam
2105 2816 2585 2876 circumdabat.
2632 2816 2707 2874 In
2739 2814 2865 2874 hac
2899 2814 3160 2875 animae
3197 2812 3467 2902 illorum
3498 2822 3617 2884 pu-

531 2919 912 2993 niebantur,
949 2917 1064 2994 qui
1098 2918 1163 2977 in
1198 2919 1464 2979 saeculo
1495 2919 1823 2995 viventes,
1860 2922 2198 2996 vagationi
2226 2919 2726 2995 insudaverant,
2765 2919 2858 2978 ita
2892 2917 3070 2994 quod
3103 2917 3183 2975 de
3232 2917 3376 2975 loco
3408 2912 3492 2972 ad
3526 2912 3621 2970 lo-

531 3037 684 3084 cum
719 3022 1126 3084 transeundo
1159 3038 1425 3100 semper
1455 3024 1611 3099 vagi
1646 3024 1951 3085 incedere
1985 3025 2169 3085 soliti
2204 3024 2489 3086 fuerant.
2523 3024 2690 3085 Nam
2722 3028 2997 3101 propter
3028 3020 3453 3096 vagationem
3485 3031 3619 3093 qua

532 3128 998 3203 peccaverant,
1036 3127 1104 3187 in
1135 3127 1448 3189 sordibus
1480 3129 1744 3206 paludis
1778 3128 1979 3205 hujus
2012 3134 2224 3205 erant;
2261 3132 2328 3190 et
2357 3134 2633 3207 propter
2662 3127 3173 3188 delectationem
3207 3138 3404 3200 quam
3443 3122 3508 3180 in
3543 3119 3619 3178 il-

526 3230 593 3290 la
626 3230 1018 3307 habuerant,
1072 3231 1394 3294 foetorem
1427 3234 1573 3310 ejus
1608 3234 2006 3310 sentiebant;
2060 3240 2129 3294 et
2159 3240 2434 3311 propter
2474 3234 2937 3295 diversitatem
2985 3231 3357 3292 novitatum
3405 3226 3612 3299 illius,

530 3335 764 3397 eadem
797 3336 1041 3399 nebula
1073 3336 1531 3414 obtegebatur.
1565 3338 1648 3400 Et
1679 3339 1819 3399 vidi
1852 3346 1920 3400 et
1961 3339 2257 3400 intellexi
2291 3339 2473 3399 haec.

1950 3578 2197 3639 XLIIII.

1348 3787 1442 3847 De
1492 3787 1746 3863 aqenda
1793 3786 1864 3845 ob
1909 3789 2320 3864 vaqationem
2358 3790 2794 3865 poenitentia.

619 3991 726 4055 60.
760 3992 840 4053 Et
870 3992 953 4053 de
984 3993 1328 4070 praedicta
1359 3994 1627 4053 vivente
1661 3993 1808 4054 luce
1845 3994 2087 4072 iterum
2123 3995 2349 4056 audivi
2381 4011 2617 4055 vocem
2650 3994 2816 4054 mihi
2848 3993 3202 4052 dicentem:
3232 3989 3410 4049 Haec
3443 4002 3614 4064 quae

524 4097 740 4173 vides,
769 4113 928 4158 vera
957 4104 1134 4173 sunt,
1169 4098 1236 4158 et
1269 4100 1343 4159 ut
1365 4114 1444 4158 ea
1469 4098 1682 4174 videS,
1719 4099 1813 4158 ita
1846 4105 2021 4159 sunt.
2059 4100 2477 4177 Quapropter
2509 4099 2836 4174 homines,
2872 4103 2946 4159 ut
2978 4097 3262 4174 spiritus
3296 4095 3376 4155 ad
3409 4110 3612 4170 vaga-

528 4200 779 4261 tionem
825 4216 943 4262 eos
990 4200 1420 4263 exhortantes
1470 4205 1808 4279 superent,
1845 4208 1914 4264 et
1945 4210 2017 4264 ut
2068 4221 2314 4281 poenas
2356 4204 2658 4281 ejusdem
2691 4202 3069 4279 vagationis
3102 4200 3411 4273 evadant,
3445 4198 3615 4274 Jeju-

526 4303 660 4363 niis
692 4309 758 4363 et
791 4305 1073 4380 flagellis
1108 4322 1180 4365 se
1214 4307 1564 4383 castigent,
1601 4322 1681 4368 ac
1716 4323 2004 4384 genuum
2040 4308 2433 4371 flexionibus
2466 4315 2535 4370 et
2578 4308 2890 4385 suspiriis
2924 4323 3045 4384 pro
3080 4305 3337 4367 eisdem
3384 4317 3612 4362 exces-

535 4405 722 4466 sibus
757 4423 830 4467 se
862 4409 1156 4485 puniant.

1983 4622 2160 4686 XLV.

1720 4830 1814 4893 De
1862 4833 2020 4893 vitio
2072 4833 2455 4913 vaqationis.

619 5044 728 5113 61,
760 5046 882 5121 Qui
914 5049 1089 5112 enim
1125 5049 1546 5129 vagationem
1580 5054 2097 5132 amplectuntur,
2133 5051 2341 5118 Deum
2374 5074 2505 5118 non
2539 5054 2797 5134 timent,
2826 5071 2950 5118 nec
2975 5052 3326 5118 caritatem
3350 5049 3471 5114 Dei
3495 5047 3609 5112 ha-

524 5150 701 5228 bent;
732 5161 797 5213 et
824 5171 974 5217 cum
998 5158 1376 5234 praefatum
1409 5160 1717 5222 timorem
1750 5162 2095 5238 abjiciunt,
2129 5166 2456 5241 sapientia
2483 5171 2733 5243 carent3
2763 5171 2832 5225 et
2855 5179 3007 5227 cum
3035 5164 3353 5226 charitati
3380 5178 3454 5222 se
3479 5175 3608 5220 non
