4036 6117
1699 501 2165 548 EPISTOLAE.
3316 484 3447 544 345

406 621 674 683 auferre
710 622 947 698 possit,
1000 623 1158 698 quia
1194 623 1469 682 fratrem
1505 638 1696 681 suum
1745 622 2009 695 occidit,
2062 629 2129 681 et
2163 620 2476 696 quoniam
2533 620 2592 679 in
2631 622 2937 680 omnibus
2987 621 3139 680 aliis
3175 621 3490 697 operibus

409 728 551 786 suis
585 728 997 786 voluntatem
1051 742 1264 785 meam
1315 726 1635 802 implevit:
1688 726 1860 784 unde
1910 727 2193 785 aestimo
2228 730 2300 784 ut
2349 724 2575 783 nullus
2609 739 2763 782 eum
2813 724 2974 783 mihi
3012 726 3274 800 eripiat.
3325 724 3492 782 Nam

404 830 588 904 justo
618 830 869 905 judicio
905 846 1053 889 eum
1093 829 1326 889 habeo.

499 933 604 993 Sic
644 933 754 993 ille
802 934 1118 1009 antiquus
1170 933 1387 993 hostis
1423 933 1673 993 tamdiu
1711 932 2064 1006 dubitavit,
2119 947 2468 1008 quousque
2519 931 2726 990 Filius
2775 946 2985 1005 meuS,
3037 931 3103 989 in
3139 946 3338 990 cruce
3388 945 3497 988 su·-

409 1053 718 1114 spensus,
771 1039 848 1097 ad
889 1039 1219 1097 infernum
1269 1035 1635 1110 descendit,
1688 1042 1753 1095 et
1790 1037 2008 1110 ipsum
2058 1034 2277 1110 fregit,
2334 1039 2406 1093 ut
2442 1034 2775 1093 hominem
2826 1034 3165 1093 liberaret.
3218 1034 3501 1105 Quomo-

402 1139 524 1200 do?
571 1141 645 1200 In
676 1141 988 1216 passione
1035 1140 1180 1215 eJus
1216 1140 1420 1199 sudor
1470 1140 1684 1216 ipsius
1733 1139 2011 1198 abstulit
2059 1138 2487 1214 naufragium
2531 1137 2850 1211 libidinis»,
2904 1152 3074 1213 quae
3109 1138 3396 1213 pullulat
3434 1136 3498 1195 in

412 1244 674 1304 fervore
723 1244 1070 1319 sanguinis
1105 1243 1470 1318 hominum,
1521 1249 1588 1302 et
1636 1245 1888 1303 tremor
1922 1243 2135 1319 ipsius
2169 1243 2450 1302 extersit
2482 1249 2757 1318 peccata
2794 1241 3081 1316 injustae
3130 1241 3502 1316 copulatio-

409 1347 509 1405 nis
542 1362 797 1421 eorum;
850 1352 916 1406 et
951 1346 1240 1421 ligatura
1273 1363 1476 1422 quam
1522 1362 1766 1421 passus
1801 1353 1926 1421 est,
1979 1347 2346 1422 ligaturam
2380 1361 2581 1421 quam
2632 1344 3077 1404 inobedientia
3127 1344 3354 1402 intulit
3389 1342 3503 1401 ho·-

406 1452 725 1526 minibuS,
780 1451 1310 1511 misericorditer
1356 1451 1692 1524 dissolvit,
1729 1457 1930 1527 atque
1965 1468 2167 1511 cruor
2216 1451 2569 1509 vulnerum
2619 1449 2767 1507 eius
2802 1449 3084 1508 crimina
3136 1446 3505 1506 homicida-

410 1572 556 1615 rum
605 1555 908 1615 detersit.
960 1554 1081 1626 Qui
1132 1556 1199 1613 in
1246 1570 1444 1614 cruce
1495 1571 1887 1629 suspensus,
1925 1554 2440 1614 amaritudinem
2489 1553 2712 1629 poculi
2763 1553 3074 1626 sumpsit,
3129 1541 3500 1627 perquam

406 1661 902 1720 amarissimam
942 1661 1132 1734 iram,
1168 1660 1277 1718 cui
1312 1661 1534 1718 omnia
1568 1660 1743 1718 mala
1778 1660 2096 1718 vitiorum
2140 1658 2525 1725 adhaerent,
2576 1657 2877 1729 extinxit;
2931 1662 2998 1714 et
3032 1656 3124 1714 ita
3160 1655 3225 1713 in
3262 1669 3496 1727 corpo-

411 1781 477 1825 re
518 1771 800 1824 mortem
851 1765 1297 1840 corporaliter
1342 1765 1665 1840 gustavit,
1717 1780 1837 1839 per
1884 1780 2082 1840 quam
2137 1764 2452 1822 universa
2505 1762 2946 1821 instrumenta
2982 1760 3239 1818 Diaboli
3291 1759 3500 1835 pleni-

406 1876 507 1928 ter
553 1869 906 1943 destruxit,
963 1869 1026 1928 in
1063 1868 1308 1944 quibus
1345 1868 1540 1926 homo
1590 1868 1975 1943 concupivit
2008 1882 2161 1926 esse
2211 1867 2386 1925 sicut
2419 1866 2616 1924 Deus.
2668 1865 2745 1924 Et
2781 1865 2879 1923 sic
2932 1866 2994 1923 in
3028 1863 3338 1922 omnibus
3392 1863 3495 1920 his

407 1976 619 2050 signis
668 1977 1276 2036 cruciamentorum
1326 1990 1626 2048 suorum,
1680 1973 1761 2032 ad
1800 1973 2130 2033 infernum
2178 1972 2546 2046 descendit,
2599 1978 2666 2031 et
2703 1973 2889 2031 illum
2938 1970 3159 2046 fregit,
3211 1975 3278 2029 et
3311 1976 3497 2045 pote-

405 2085 648 2139 statem
685 2080 942 2155 antiqui
991 2079 1207 2138 hostis
1245 2078 1498 2153 ligavit.
1550 2078 1730 2137 Tunc
1767 2076 1938 2137 idern
1973 2077 2295 2136 Diabolus
2342 2076 2637 2149 erubuit,
2688 2076 2863 2152 quod
2900 2083 3033 2135 tam
3073 2074 3313 2134 fortem
3369 2074 3501 2133 for-

406 2182 762 2240 titudinem
798 2182 1246 2257 ignoraverat,
1299 2196 1470 2256 quae
1505 2180 1725 2255 ipsum
1763 2185 1898 2238 tam
1936 2178 2201 2238 fortiter
2251 2177 2317 2237 in
2348 2184 2549 2254 puteo
2599 2176 2842 2236 inferni
2879 2191 3198 2250 superare
3249 2175 3484 2233 valuit.

406 2283 486 2342 Et
535 2283 659 2342 hoc
696 2284 889 2344 modo
938 2284 1180 2344 fiducia
1213 2286 1383 2360 eiuS‚
1436 2300 1568 2360 qua
1604 2301 1675 2342 se
1726 2284 2059 2344 hominem
2112 2299 2312 2359 posse
2362 2283 2652 2342 retinere
2693 2284 2994 2358 putabat,
3047 2283 3314 2341 omnino
3349 2296 3502 2355 pro-

408 2391 622 2444 strata
656 2392 778 2445 est.
828 2386 908 2445 Et
940 2386 1253 2462 deinceps
1304 2387 1526 2446 nullus
1578 2385 1774 2445 homo
1813 2386 1878 2445 in
1927 2390 2063 2444 tam
2102 2386 2362 2460 magnis
2396 2385 2791 2445 criminibus
2841 2387 2952 2458 sit,
3006 2385 3166 2461 quin
3215 2383 3496 2442 vulnera

403 2489 549 2563 ejns
584 2492 809 2550 curari
845 2493 1129 2568 possint,
1169 2494 1226 2551 si
1260 2508 1340 2551 ea
1373 2509 1493 2569 per
1526 2492 2004 2568 poenitentiam
2045 2490 2365 2551 mundare
2400 2493 2763 2551 curaverit.

493 2593 913 2671 Quapropter
944 2595 1093 2654 laus
1125 2596 1259 2656 Deo
1295 2597 1408 2656 sitl
1465 2597 1648 2656 Nunc
1683 2597 2033 2672 poenitens
2066 2596 2466 2672 publicanus
2501 2596 2809 2670 gaudeat,
2861 2602 2928 2654 et
2961 2595 3310 2670 poenitens
3343 2610 3494 2669 pec-

402 2702 592 2756 cator
641 2699 705 2757 in
753 2715 917 2758 vera
968 2700 1224 2760 laetitia
1274 2707 1530 2777 partem
1584 2701 1850 2774 habeat,
1912 2700 2071 2775 quia
2120 2701 2342 2759 omnia
2392 2700 2711 2760 coelestia
2770 2716 2973 2774 super
3022 2702 3205 2776 ipsos
3254 2701 3496 2775 gaude-

402 2801 589 2876 bunt,
644 2802 908 2877 quando
945 2803 1134 2863 illum
1167 2806 1283 2880 qui
1331 2821 1448 2864 eos
1483 2805 1625 2864 suis
1674 2804 2067 2864 vulneribus
2116 2804 2197 2862 de
2232 2809 2443 2862 morte
2479 2804 2745 2877 eripuit,
2799 2803 3140 2862 videbunt:
3193 2804 3285 2862 ita
3318 2803 3377 2861 si
3411 2803 3512 2861 ad⁴

403 2905 724 2965 coelestia
782 2922 854 2965 se
904 2924 1174 2966 sursum
1231 2909 1464 2968 volunt
1518 2909 1799 2984 erigere,
1860 2914 1926 2967 et
1979 2907 2397 2966 mendacium
2456 2907 2619 2966 illud
2659 2906 2909 2982 fugere,
2963 2924 3094 2983 quo
3118 2903 3164 2985 ¹)
3223 2915 3497 2984 propter

402 3011 578 3069 mala
625 3010 964 3072 desideria
1014 3028 1135 3072 sua
1184 3028 1288 3071 me
1339 3018 1768 3089 spreverunt,
1807 3012 1925 3074 ubi
1959 3011 2372 3071 voluntatem
2426 3026 2640 3071 meam
2692 3027 2822 3071 non
2874 3013 3323 3088 inspexerunt,
3377 3014 3495 3071 sed

407 3114 808 3190 semetipsos
857 3114 1283 3189 deceperunt.
1334 3116 1499 3175 Nam
1534 3116 1594 3174 si
1642 3122 1877 3190 postea
1927 3114 2007 3174 ad
2060 3130 2163 3173 me
2215 3114 2604 3189 respiciunt,
2657 3120 2723 3173 et
2757 3114 2930 3172 mala
2982 3130 3184 3190 opera
3234 3131 3354 3175 sua
3387 3116 3500 3173 de·-

403 3222 656 3291 serunt,
713 3218 780 3277 in
821 3234 990 3294 pura
1041 3200 1465 3277 confessione
1516 3220 1614 3278 sic
1663 3219 1984 3278 dicentes:
2039 3217 2506 3291 PeccavimuS,
2558 3217 2859 3292 Domine,
2913 3219 3129 3277 omnis
3179 3219 3495 3279 coelestis

400 3322 737 3382 exercitus
775 3323 839 3381 in
875 3322 1327 3400 redemptione
1359 3339 1615 3396 eorum,
1654 3323 1811 3398 quia
1845 3321 2329 3397 poenitentiam
2369 3320 2689 3396 fecerunt,
2726 3321 3064 3395 gaudebit.

488 3425 540 3485 Ο
578 3426 699 3485 tilii
735 3427 1093 3501 carissimi,
1143 3427 1583 3487 recordamini
1635 3426 1728 3502 pii
1764 3425 2104 3486 Creatoris
2138 3424 2372 3498 vestri,
2428 3425 2542 3499 qui
2577 3440 2696 3484 vos
2735 3423 3016 3484 redemit
3068 3425 3152 3485 ab
3183 3426 3493 3486 omnibus

398 3529 614 3605 plagis
663 3531 1019 3591 criminum
1067 3537 1468 3606 vestrorum,
1522 3531 1734 3607 etqui
1787 3547 1908 3590 vos
1947 3531 2013 3588 in
2064 3529 2387 3603 sanguine
2425 3528 2653 3587 dilecti
2703 3528 2852 3587 Filii
2904 3531 3006 3589 sui
3059 3529 3407 3590 mundavit
3456 3550 3493 3590 a

404 3632 698 3705 pessimo
748 3635 922 3693 malo
973 3632 1338 3695 homicidii.
1390 3634 1441 3694 O
1490 3650 1612 3695 vae
1663 3633 1817 3694 huic
1866 3634 2065 3708 mam,
2118 3631 2294 3709 quod
2348 3632 2543 3692 homo
2591 3629 2641 3710 ²)
2694 3638 3012 3707 operatus
3061 3640 3166 3693 est
3213 3639 3491 3710 propter

403 3734 833 3808 ignominiam
883 3738 1023 3797 irae
1059 3754 1242 3812 suae,
1295 3755 1467 3815 quae
1501 3739 1687 3798 socia
1737 3738 1974 3798 mortis
2007 3742 2133 3797 est.
2185 3736 2348 3796 Nam
2386 3743 2454 3797 et
2503 3737 2654 3796 finis
2696 3743 2947 3813 vester,
3000 3739 3115 3813 qui
3153 3737 3314 3798 facit
3360 3741 3494 3799 dis-

396 3839 796 3900 solutionem
846 3844 1150 3917 corporis
1185 3846 1417 3920 vestri,
1474 3847 1537 3904 in
1573 3847 1832 3920 magnis
1865 3844 2213 3906 doloribus
2261 3851 2415 3918 post
2450 3860 2680 3903 omnes
2733 3860 2938 3904 venas
2972 3853 3240 3905 vestras
3290 3848 3485 3907 vobis

399 3946 736 4008 adhaeret.
774 3949 912 4009 Hoc
962 3952 1254 4011 sentiens
1290 3958 1355 4012 et
1403 3953 1761 4013 ostendens
1799 3955 1864 4012 in
1895 3950 2243 4014 dolOribus
2278 3955 2442 4030 suiS,
2491 3955 2666 4030 quod
2704 3955 2864 4014 Abel
2900 3970 3020 4031 per
3056 3954 3489 4015 homicidium

398 4058 818 4133 corporalem
866 4058 1073 4118 vitam
1110 4060 1175 4118 in
1223 4058 1569 4120 doloribus
1620 4061 1855 4136 finivit,
1906 4077 2060 4121 cum
2109 4061 2399 4121 animam
2438 4062 2585 4137 eJus
2633 4062 2715 4121 de
2750 4062 3136 4122 habitaculo
3187 4065 3489 4139 corporis

403 4162 506 4221 sui
560 4161 770 4223 frater
803 4164 1015 4243 ipsius
1063 4180 1185 4241 per
1217 4165 1465 4223 malum
1515 4164 1854 4226 homicidii
1907 4167 2196 4240 primum
2245 4166 2425 4226 exire
2479 4167 2717 4241 coegit.
2767 4166 2952 4226 Nunc
2994 4167 3131 4226 illis
3167 4168 3257 4226 sit
3304 4167 3489 4226 salus

400 4268 467 4325 et
519 4266 885 4343 redemptio
936 4269 1003 4327 in
1037 4268 1359 4344 sanguine
1407 4267 1632 4329 dilecti
1683 4270 1833 4329 Filii
1868 4271 2022 4344 mei,
2074 4271 2188 4345 qui
2224 4269 2500 4329 solliciti
2544 4273 2697 4329 sunt
2743 4275 3092 4329 currentes
3128 4270 3208 4328 ad
3258 4286 3485 4329 veram

403 4374 879 4446 poenitentiam
917 4381 1191 4450 propter
1223 4380 1498 4450 peccata
1534 4390 1674 4434 sua.

474 4604 515 4671 ¹)
542 4606 689 4677 quod
713 4604 805 4660 W.
838 4635 903 4645 —
929 4606 976 4669 ²)
1003 4605 1150 4677 quod
1175 4622 1290 4660 eam
1326 4611 1600 4679 operatus,
1627 4603 1707 4660 sic
1736 4605 1825 4659 W.
