4036 6117
809 492 940 561 ⁴08
1960 520 2013 566 e.
2075 515 2617 569 mLDEGARms

737 647 834 698 ra.
886 634 1066 708 Quae
1115 649 1267 694 cum
1316 633 1381 694 in
1433 636 1897 711 procreatione
1949 652 2070 696 seu
2119 639 2491 715 prolatione
2542 638 2945 711 liberorum,
2997 636 3113 698 Dei
3161 639 3384 699 omnia
3435 639 3830 702 mirabiliter

729 737 1105 802 ordinantis
1151 744 1339 811 nutu,
1391 737 1650 797 decima
1682 734 1726 816 ¹)
1779 742 1978 800 matri
2013 743 2080 801 et
2127 743 2301 817 patri
2335 740 2741 814 obvenisset,
2794 741 3130 800 communi
3180 743 3535 821 utriusque
3586 743 3826 803 delibe-

730 845 991 906 ratione
1021 848 1091 904 et
1138 845 1504 919 spontanea
1554 842 1911 917 oblatione,
1964 859 2393 921 congruoque
2444 845 2612 905 satis
2661 843 2969 914 consili0,
3002 843 3129 920 ipsi
3163 843 3320 919 Deo,
3368 847 3483 921 qui
3533 845 3823 906 decimas

728 948 862 1009 sibi
912 947 980 1007 in
1012 941 1183 1022 Lege
1233 944 1461 1006 offerri
1514 945 1874 1021 mandavit,
1928 947 2008 1005 ad
2059 947 2486 1007 serviendum
2534 948 2595 1006 ei
2633 947 2695 1006 in
2747 947 3103 1006 sanctitate
3151 953 3217 1005 et
3244 947 3514 1023 Justitia
3563 951 3820 1009 cunctis

723 1047 966 1113 diebus
998 1050 1180 1110 vitae
1215 1065 1398 1122 suae,
1437 1049 1535 1108 sic
1568 1049 1826 1109 decima
1861 1067 1983 1110 sua
2010 1057 2433 1126 sequestrata
2468 1055 2591 1110 est.

814 1153 896 1215 Et
930 1165 1167 1215 revera
1199 1154 1467 1229 penitus
1503 1160 1948 1230 sequestrata,
1987 1155 2303 1231 quoniam
2333 1155 2416 1214 ab
2449 1154 2764 1214 omnibus
2790 1160 2856 1213 et
2891 1156 3075 1214 curis
3109 1161 3175 1214 et
3210 1155 3366 1215 filiis
3403 1157 3661 1216 saeculi
3687 1158 3819 1232 jam

721 1258 809 1319 ab
866 1256 1146 1318 infantia
1189 1255 1475 1316 alienam
1533 1272 1603 1315 se
1662 1257 1967 1332 reddens,
2021 1259 2337 1318 coelestis
2387 1258 2615 1333 sponsi
2667 1255 2719 1334 ²)
2780 1258 3073 1332 speciem
3128 1265 3196 1316 et
3243 1259 3814 1333 pulchritudinem

719 1375 925 1438 quam
957 1361 1028 1421 in
1060 1373 1139 1421 ea
1187 1360 1292 1419 vel
1327 1374 1449 1436 per
1495 1362 1805 1420 naturam
1855 1364 2193 1437 posuerat,
2247 1361 2353 1421 vel
2389 1377 2508 1438 per
2555 1361 2844 1436 gratiam
2891 1362 2954 1421 ei
2988 1362 3359 1421 collaturus
3404 1369 3576 1437 erat,
3618 1363 3684 1422 in
3718 1377 3816 1422 re-

723 1466 1178 1542 cupiscentem
1227 1464 1569 1540 reciproce
1619 1467 1759 1524 toto
1794 1465 2020 1525 cordis
2069 1466 2325 1526 ambitu
2373 1466 2759 1525 desiderare
2806 1470 2875 1526 et
2922 1466 3236 1542 amplecti
3283 1466 3572 1536 studuit,
3622 1468 3812 1543 eique

717 1579 841 1646 per
898 1569 1227 1629 internam
1275 1569 1659 1627 unctionem
1712 1570 1980 1627 vocanti
2034 1583 2105 1627 se
2153 1571 2221 1629 et
2265 1569 2556 1628 dicenti:
2608 1567 2821 1641 Audi,
2879 1567 3041 1647 filia,
3098 1575 3163 1627 et
3210 1568 3389 1642 vide,
3446 1575 3511 1628 et
3559 1570 3811 1630 inclina

714 1689 951 1734 aurem
983 1679 1192 1749 tuam,
1242 1679 1305 1732 et
1341 1672 1715 1734 obliviscere
1759 1675 2086 1750 populum
2131 1680 2346 1750 tuum,
2397 1682 2459 1734 et
2492 1675 2759 1733 domum
2800 1677 3018 1751 patris
3050 1678 3175 1750 tui,
3221 1669 3271 1754 ⁸)
3304 1676 3662 1736 celerrima
3707 1675 3811 1736 de—

711 1786 912 1841 votae
945 1779 1190 1840 mentis
1238 1779 1590 1838 alacritate
1625 1777 2058 1853 respondens:
2117 1780 2323 1840 Trahe
2356 1798 2485 1854 me,
2539 1781 2777 1857 inquit,
2808 1785 2952 1858 post
2991 1786 3077 1854 te,
3112 1783 3186 1840 in
3220 1781 3483 1839 odorem
3513 1798 3809 1858 unquen-

712 1892 934 1946 torum
982 1890 1250 1946 tuorum
1306 1900 1672 1944 curremus.
1723 1880 1771 1963 ⁸)
1822 1884 1989 1956 Quia
2037 1899 2197 1959 ergo
2248 1901 2286 1944 a
2336 1889 2606 1944 caetera
2654 1884 2883 1945 sobole
2933 1897 3059 1944 sua
3103 1892 3629 1962 segregaverant
3661 1901 3803 1945 eam

710 1999 906 2069 pater
952 2007 1114 2052 suus
1162 1995 1231 2051 et
1278 1995 1517 2065 mater,
1577 1991 1645 2050 et
1693 1989 1886 2066 quasi
1936 1990 2350 2066 reliquerant
2400 1990 2465 2049 in
2515 1991 2657 2049 sola
2705 1989 2823 2049 Dei
2874 1992 3339 2053 misericordia
3396 1995 3799 2069 sperantem,

703 2104 777 2158 et
832 2114 964 2158 non
1019 2095 1217 2156 modo
1274 2095 1644 2171 cogitatum
1700 2109 1930 2168 suurn,
1992 2093 2110 2152 sed
2160 2100 2226 2152 et
2275 2109 2346 2152 se
2402 2099 2614 2153 totam
2663 2094 2729 2154 in
2778 2111 2856 2154 eo
2908 2095 3299 2171 jactantem,
3358 2094 3503 2172 ipse
3551 2097 3619 2156 in
3673 2112 3799 2174 quo

705 2202 1020 2279 princeps
1069 2199 1298 2259 mundi
1347 2198 1546 2274 hujus
1595 2197 1761 2257 nihil
1813 2213 2107 2273 unquam
2156 2197 2417 2268 habuit,
2472 2199 2653 2258 illam
2705 2198 3022 2259 similiter
3065 2198 3233 2260 nihil
3282 2199 3363 2259 de
3411 2200 3657 2260 mundo
3705 2215 3801 2260 se-

705 2323 857 2367 cum
899 2306 1155 2365 ‘tollere
1203 2303 1639 2377 ambientem,
1694 2302 1914 2379 amplo
1973 2302 2244 2378 pietatis
2294 2303 2447 2361 sinu
2508 2302 2835 2378 suscepit,
2891 2301 3059 2362 fovit
3106 2308 3174 2362 et
3219 2304 3571 2377 enutrivit,
3621 2310 3690 2363 et
3734 2304 3796 2362 in

703 2409 1097 2471 abscondito
1158 2406 1354 2466 faciei
1403 2422 1565 2465 suae
1614 2423 1653 2465 a
1700 2405 2209 2466 conturbatione
2266 2405 2609 2465 hominum
2660 2411 3022 2481 remotam,
3083 2412 3150 2466 et
3200 2407 3265 2466 in
3316 2407 3643 2467 foramine
3689 2422 3796 2482 pe-

705 2519 851 2577 trae
884 2520 1085 2591 atque
1122 2514 1187 2572 in
1219 2527 1507 2572 caverna
1554 2512 1888 2571 maceriae
1921 2512 2006 2571 ab
2041 2517 2258 2586 aestu,
2312 2511 2577 2571 turbine
2626 2514 2693 2572 et
2739 2513 2967 2588 pluvia
3001 2514 3503 2589 protegendam,
3540 2514 3661 2574 tali
3692 2528 3793 2573 oo-

701 2620 972 2679 casione
1004 2624 1071 2678 et
1105 2616 1336 2678 ordine
1373 2615 1745 2675 abscondit.

2208 2899 2286 2959 11.

782 3134 942 3195 Erat
975 3147 1094 3210 per
1143 3130 1207 3192 id
1242 3131 1564 3206 temporis
1613 3130 1882 3190 comitis
1916 3130 1998 3190 de
2050 3129 2422 3206 Spanehem
2457 3130 2614 3205 fllia,
2664 3129 2847 3191 Jutta
2876 3126 2923 3210 ⁸)
2960 3133 3247 3207 nomine,
3294 3131 3563 3208 Juvenis
3612 3138 3786 3194 aeta·

690 3243 783 3313 te,
834 3236 949 3297 sed
982 3251 1150 3296 anus
1191 3234 1572 3310 decrepitas
1625 3234 1869 3293 mentis
1906 3234 2297 3294 maturitate
2346 3234 2705 3294 transiens,
2756 3234 2936 3306 Quae
2970 3251 3124 3295 cum
3157 3252 3277 3312 pro
3329 3237 3647 3298 exteriori
3676 3238 3785 3297 de-

687 3360 849 3404 core
895 3350 966 3403 et
994 3348 1438 3419 paternarum·
1477 3340 1934 3417 magnitudine
1967 3340 2385 3415 divitiarum,
2440 3341 2687 3401 multos
2722 3340 3002 3402 haberet
3050 3344 3485 3420 appetitores,
3517 3340 3567 3424 ⁶)
3617 3344 3780 3404 divi·

686 3466 777 3510 na
829 3449 1156 3510 electione
1212 3451 1605 3524 praeventa,
1673 3445 2078 3520 contempsit
2140 3444 2523 3519 univerSOS,
2593 3444 2823 3504 dicens
2880 3446 3132 3506 similia
3186 3447 3295 3508 his
3359 3464 3534 3525 quae
3591 3449 3780 3509 beata

686 3553 911 3628 Agnes
953 3549 1336 3627 Juvenculo,
1393 3562 1623 3607 amore
1669 3545 1815 3621 eius
1873 3546 2245 3621 aestuanti,
2304 3546 2637 3621 objecisse
2693 3547 2961 3622 legitur,
3023 3548 3256 3625 sicque
3304 3565 3378 3609 se
3428 3550 3642 3626 ipsam
3698 3549 3777 3609 ab

689 3660 820 3720 hoc
875 3660 1146 3721 saeculo
1205 3657 1704 3717 immaculatam
1760 3655 2149 3716 custodivit.
2209 3654 2393 3726 Quod
2448 3654 2567 3714 Dei
2625 3653 2796 3715 fulta
2848 3656 3231 3733 praesidiO,
3311 3659 3661 3718 lenociniis
3715 3662 3779 3716 et

682 3762 1251 3824 oblectationibus
1301 3761 1444 3820 suis
1487 3759 1932 3835 triumphanS,
1986 3758 2391 3819 coelibatum
2443 3759 2854 3834 amplectens
2901 3760 3215 3833 viriliter,
3267 3761 3352 3821 ab
3384 3762 3610 3822 animo
3657 3776 3775 3822 suo

678 3867 992 3941 extorsit,
1043 3882 1125 3926 ne
1158 3865 1318 3942 quid
1350 3864 1499 3940 ejus
1546 3864 1855 3939 ambiret,
1907 3870 2199 3941 patrem,
2252 3863 2564 3940 quamvis
2616 3879 2855 3939 magna
2885 3862 2936 3943 ⁷)
2987 3865 3054 3925 in
3089 3866 3539 3927 exterioribus
3586 3867 3668 3926 de
3698 3883 3773 3927 ea

677 3971 1147 4047 disponentem
1195 3969 1425 4040 evicit,
1483 3983 1565 4027 ne
1616 3983 1908 4043 unquam
1958 3967 2022 4026 ei
2080 3967 2610 4027 matrimoniales
2666 3968 2935 4028 tabulae
2990 3969 3469 4030 scriberentur.
3529 3971 3773 4031 Memor

682 4077 910 4153 itaque
957 4076 1142 4136 illius
1192 4074 1582 4134 sententiae:
1637 4074 2089 4147 Corrumpunt
2137 4088 2351 4130 mores
2385 4069 2576 4130 bonos
2611 4071 2937 4151 colloquia
2980 4073 3183 4147 mala,
3215 4066 3267 4153 ⁹)
3318 4076 3771 4135 narrantibus·

675 4288 1007 4347 resistens
1053 4285 1430 4346 constantia
1478 4290 1546 4343 et
1577 4283 1899 4343 clamans:
1948 4280 2286 4339 Discedite
2327 4294 2368 4338 a
2401 4295 2528 4354 me,
2578 4280 2858 4356 pessimi
2889 4282 3276 4343 venditores
3303 4278 3355 4363 ⁹)
3392 4285 3548 4359 olei,
3596 4284 3766 4362 quod

671 4400 1018 4467 nunquam
1063 4390 1407 4465 inpinguet
1455 4392 1656 4461 caput
1690 4398 1934 4459 meum,
1972 4389 2038 4441 et
2068 4385 2234 4443 mihi
2261 4384 2626 4444 adhaerere
2661 4386 2795 4446 Deo
2827 4385 3068 4446 bonum
3099 4394 3220 4462 est,
3253 4405 3504 4465 ponere
3539 4393 3612 4450 in
3648 4392 3766 4451 Do-

745 4638 883 4710 ¹)1d
909 4641 1062 4715 quod
1083 4640 1360 4699 hactenus
1384 4636 1595 4695 nullibi
1621 4634 1772 4709 quod
1798 4634 1971 4693 sciam
1992 4647 2178 4706 reper—
2325 4634 2375 4698 1.
2415 4639 2466 4692 ³.
2516 4664 2583 4676 -
2608 4636 2652 4702 ⁸)
2698 4636 2855 4693 Haec
2897 4637 2967 4693 cl.
3022 4633 3409 4692 Bollandistae
3459 4652 3574 4693 non
3623 4636 3788 4705 negli-

672 4734 799 4785 tum
836 4733 941 4785 est.
973 4754 1042 4768 --
1064 4729 1111 4792 ²)
1137 4726 1419 4784 coelestem
1452 4738 1701 4798 sponsum
1725 4722 1806 4780 sic
1852 4721 1973 4779 cod.
2005 4722 2176 4777 Plura
2264 4726 2433 4790 gant.
2482 4721 2708 4793 quando
2732 4721 2802 4776 ad
2826 4721 2977 4777 diem
3003 4719 3114 4777 XX
3138 4720 3454 4777 decembris
3483 4723 3756 4792 agendum

665 4814 732 4871 id
769 4822 946 4885 genus
971 4818 1218 4883 arguunt
1256 4811 1552 4867 librarium
1582 4807 2174 4879 indiligentissimum,
2264 4804 2384 4861 illis
2420 4805 2532 4862 erit
2568 4806 2637 4862 de
2696 4806 2757 4862 B.
2807 4808 2999 4870 Iutta,
3042 4818 3211 4877 quam
3250 4820 3501 4863 sororem
3542 4806 3753 4865 faciunt

660 4900 770 4973 qui
821 4899 1063 4956 fortasse
1099 4895 1311 4955 incidit
1346 4896 1408 4952 in
1457 4894 1690 4951 schedas
1747 4893 2169 4950 tumultuarias.
2261 4893 2501 4950 Comitis
2544 4893 3038 4968 spanheimensis,
3076 4911 3147 4950 ex
3184 4892 3466 4951 Chronico
3514 4895 3752 4952 Mariani

663 4986 866 5046 Nescio
889 5003 964 5042 an
986 4985 1139 5042 forte
1161 4982 1461 5054 legendum
1489 4981 1586 5037 sit:
1615 4981 1879 5037 coelestem
1899 4998 2169 5055 sponsum.
2262 4980 2437 5038 Secti.
2468 4981 2551 5039 Cf.
2582 4986 2692 5040 act.
2724 4998 2780 5040 n.
2816 4987 2880 5038 lo
2905 4987 3208 5039 comment.
3241 4982 3477 5055 praevii.
3504 4986 3637 5051 —⁸)
3661 5001 3751 5057 op-

665 5068 909 5144 [oblata]
949 5075 1118 5144 specio
1148 5077 1202 5127 et
1230 5068 1712 5145 pulchritudine...
1752 5066 1956 5123 deinde
2002 5074 2053 5122 et
2094 5086 2176 5123 re·
2256 5074 2465 5142 petora
2490 5067 2572 5124 sic
2605 5068 2724 5124 cod.
2758 5098 2826 5108 —
2849 5068 2894 5132 ⁷)
2930 5086 3040 5142 quo
3063 5082 3264 5139 maana
3301 5066 3379 5123 id.
3410 5098 3478 5108 —
3499 5068 3546 5138 ⁸)
3576 5075 3601 5124 l
3629 5069 3744 5125 Cor.
3826 5123 3831 5132 ,

657 5162 1041 5230 ιυρίεοσηιεω.
1065 5160 1162 5214 ..Ρ
1201 5188 1267 5198 -
1291 5154 1336 5224 ⁸)
1364 5155 1452 5211 Ps.
1484 5153 1688 5216 xuv,
1729 5157 1812 5207 Η.
1844 5182 1912 5192 —-
1936 5151 1981 5221 ⁴)
2005 5150 2169 5207 Cant.
2266 5152 2394 5217 XV,
2436 5157 2485 5210 3,
2534 5184 2584 5194 -
2606 5152 2653 5221 ⁹)
2680 5154 3021 5210 venditorum
3043 5152 3165 5209 cod.
