4036 6117
1238 508 1296 556 11
1358 507 1601 556 menn
1661 507 1863 556 vxrffiz
1924 508 2394 557 unnxrontm
3213 496 3296 557 83

282 630 655 694 umbraculo
695 628 993 692 levitatis
1030 630 1093 691 in
1126 631 1377 691 duritia
1413 632 1666 708 alligat.
1701 633 1794 692 Ac
1837 633 2094 709 reliquo
2129 647 2407 707 corpore
2456 632 2815 708 nigerrimo
2852 634 3234 695 indumento
3269 635 3363 694 in-

281 737 512 810 duitur,
541 738 700 813 quia
732 752 1034 797 errorem
1066 737 1521 812 nequissimae
1554 737 2000 812 crudelitatiS,
2032 753 2166 814 quo
2193 737 2481 798 candore
2507 738 2687 798 vitae
2721 743 2928 812 caret,
2959 738 3089 797 sibi
3125 737 3357 797 induit.

282 841 390 899 Cui
420 841 720 900 manicae
766 855 1019 900 vacuae
1066 839 1460 916 dependent,
1497 842 1655 922 quja
1703 840 1981 902 brachia
2016 858 2139 902 sua
2188 841 2255 901 in
2288 841 2465 901 idem
2509 840 2964 900 indumentum
3000 840 3363 901 introrsum

280 946 539 1022 colligit;
578 946 756 1024 quod
789 952 917 1022 est,
954 946 1129 1022 quod
1163 961 1366 1020 opera
1398 946 1543 1021 ejus
1592 947 1839 1007 nullam
1891 945 2261 1022 perfectam
2307 946 2669 1006 utilitatem
2712 944 2980 1018 habent,
3021 944 3138 1004 sed
3174 944 3362 1004 forti-

280 1049 486 1108 tudine
520 1066 644 1110 sua
693 1050 1064 1124 subtracta,
1098 1051 1282 1112 nulli.
1316 1051 1659 1112 hominum
1695 1053 1759 1112 in
1797 1053 1973 1113 bono
2025 1058 2370 1128 apparent,
2409 1053 2584 1111 sicut
2625 1051 2832 1111 etiam
2881 1050 3056 1110 idem
3089 1051 3353 1125 vitium,

283 1159 344 1220 ut
376 1154 832 1228 supradictum
866 1161 992 1230 est,
1030 1156 1096 1215 in
1125 1155 1356 1215 verbis
1389 1157 1530 1215 suis
1564 1156 1882 1218 declarat.
1913 1157 2034 1219 Cui
2060 1159 2278 1217 virtus
2312 1156 2582 1231 pietatis
2619 1154 2994 1230 respondet,
3025 1159 3092 1213 et
3116 1169 3264 1213 eam
3301 1154 3364 1212 in

280 1259 601 1331 perpetuis
633 1259 1215 1319 maledictionibus
1247 1275 1396 1319 esse
1428 1261 1868 1323 demonstrat.

1727 1471 1905 1531 XLV.

1583 1683 1674 1742 De
1737 1680 2052 1742 Fallacia.

362 1889 462 1950 54.
514 1890 646 1951 Sed
681 1897 922 1968 quarta
957 1891 1174 1967 imago
1213 1889 1545 1952 fallaciam
1595 1892 1952 1967 significat,
1989 1908 2162 1969 quae
2203 1892 2311 1952 hic
2347 1891 2757 1967 impietatem
2791 1893 3173 1966 comitatur;
3209 1907 3370 1968 quo-

281 1995 444 2054 niam
492 2011 652 2054 cum
703 1995 898 2056 homo
951 1996 1195 2071 impius
1244 2003 1369 2070 est,
1422 1996 1505 2055 ad
1557 1995 1892 2058 fallaciam
1942 1997 2223 2071 accedit,
2274 1999 2341 2057 et
2377 1997 2895 2073 unumquodque
2946 1997 3364 2058 mendacium

276 2096 558 2157 studiose
598 2099 926 2174 aedificat,
968 2101 1252 2159 veritate
1287 2101 1567 2176 abjecta.
1604 2101 1784 2173 Quae
1820 2106 2007 2161 tanta
2041 2102 2370 2161 densitate
2408 2101 2832 2160 tenebrarum
2881 2101 3361 2175 circumdatur,

281 2199 443 2275 quod
476 2201 738 2261 nullam
770 2202 1266 2264 distinctionem
1299 2206 1752 2266 membrorum
1787 2206 1851 2265 in
1884 2221 1962 2265 ea
1996 2205 2427 2265 considerare
2460 2207 2667 2279 vales,
2704 2205 2863 2281 quia
2895 2206 3270 2265 incrassata
3304 2205 3369 2263 in

279 2302 660 2364 infidelitate
707 2311 834 2380 est,
884 2321 1007 2366 nec
1055 2307 1261 2367 ullam
1311 2308 1780 2369 rectitudinem
1829 2309 2158 2369 bonorum
2207 2324 2485 2385 operum
2535 2309 2601 2368 in
2650 2323 2722 2368 se
2771 2307 2995 2383 habet,
3047 2307 3365 2384 quoniam

281 2408 444 2467 nulla
477 2409 791 2483 probitas
841 2410 906 2470 in
939 2426 1017 2471 ea
1054 2412 1410 2488 invenitur,
1463 2414 1576 2473 sed
1613 2415 2032 2474 solummodo
2081 2415 2394 2474 tenebrae
2430 2414 2666 2474 mortis
2711 2414 2777 2473 in
2811 2413 2958 2489 ipsa
3006 2412 3366 2474 abundant.

278 2512 446 2583 Quod
478 2519 716 2575 autem
748 2531 897 2576 eam
927 2518 1113 2578 velut
1161 2517 1528 2578 deformem
1561 2524 1628 2578 et
1675 2525 2172 2579 monstruosam
2226 2519 2508 2578 formam
2543 2518 2832 2579 hominis
2882 2519 2949 2578 in
2981 2517 3237 2578 eisdem
3271 2522 3369 2577 te-

279 2617 484 2679 nebris
518 2621 639 2679 vix
672 2621 1064 2697 dignoscere
1094 2628 1310 2697 poteS,
1365 2623 1490 2683 hoc
1539 2629 1644 2682 est
1677 2624 1855 2699 quod
1903 2623 2400 2699 pulchritudine
2448 2623 2757 2683 veritatis
2804 2630 2872 2683 et
2905 2623 3146 2683 decore
3174 2622 3373 2697 justi-

281 2725 398 2784 tiae
431 2727 493 2785 in
549 2728 866 2789 omnibus
899 2729 1126 2789 verbis
1174 2737 1242 2790 et
1277 2732 1342 2791 in
1392 2732 1702 2792 omnibus
1751 2732 2014 2792 actibus
2052 2733 2193 2792 suis
2235 2748 2492 2806 carens,
2535 2733 2599 2789 in
2629 2730 2814 2790 nulla
2856 2730 3214 2804 probitate,
3253 2729 3370 2788 sed

280 2835 521 2890 tanturn
565 2831 632 2890 in
679 2832 974 2893 tenebris
1024 2834 1261 2893 mortis
1298 2834 1566 2910 incedit;
1619 2836 1711 2894 ita
1745 2834 1922 2912 quod
1955 2851 2130 2895 nunc
2178 2841 2385 2908 certa,
2422 2850 2595 2894 nunc
2644 2835 2898 2893 incerta
2943 2834 3006 2893 in
3056 2834 3188 2893 viis
3224 2833 3366 2893 suis

189 3007 201 3018 ἱ
276 2932 483 3009 habet,
520 2936 690 3012 quia
723 2936 1070 3013 diligentia
1102 2939 1431 3015 caritatis,
1471 2941 1536 2999 in
1571 2957 1701 3017 qua
1735 2939 1911 2999 Deus
1947 2941 2296 3014 aspicitur,
2336 2940 2401 2998 in
2433 2955 2513 2999 ea
2546 2955 2673 3000 non
2726 2939 3084 3012 invenitur,
3122 2937 3239 2998 sed
3275 2938 3370 2997 in-

280 3037 618 3101 fructuosa
669 3047 736 3101 et
772 3041 975 3103 fallax
1026 3043 1355 3119 deceptio,
1393 3061 1595 3122 quam
1641 3041 1768 3120 per'
1795 3044 2102 3106 homines
2135 3046 2200 3105 in
2233 3045 2614 3106 hominibus
2664 3043 2936 3104 assidue
2979 3042 3259 3117 perficit.
3293 3041 3374 3102 Et

281 3142 433 3204 haec
483 3161 697 3220 super
747 3147 1105 3223 quamdam
1157 3164 1460 3223 spumam
1512 3150 1761 3209 siccam
1810 3156 1877 3209 et
1910 3149 2146 3210 duram
2196 3165 2273 3210 ac
2321 3150 2605 3225 nigram,
2657 3155 2723 3209 et
2773 3150 3019 3208 multas
3068 3148 3372 3207 flammas

283 3248 439 3323 ignis
471 3251 904 3310 emittentem
937 3256 1094 3327 stat,
1125 3255 1442 3329 quoniam
1479 3253 1768 3329 fallacia,
1799 3270 2002 3328 super
2038 3255 2417 3314 illusionem
2468 3253 2849 3325 verborum,
2886 3251 3139 3311 nullam
3188 3249 3376 3310 forti-

284 3352 576 3414 tudinem
610 3354 998 3416 habentium
1032 3359 1273 3432 posita,
1312 3359 1455 3417 sine
1486 3358 1828 3419 viriditate
1858 3358 2162 3434 Justitiae
2195 3356 2472 3433 apparet
2506 3357 2717 3431 arida,
2755 3362 2822 3416 et
2856 3357 2999 3415 sine
3033 3354 3372 3414 suavitate

283 3454 711 3532 benignitatis
758 3457 948 3533 dura,
985 3474 1064 3518 ac
1112 3460 1256 3519 sine
1290 3460 1577 3519 candore
1625 3461 1952 3521 virtutum
1987 3461 2201 3536 nigra,
2255 3459 2412 3535 quia
2446 3460 2513 3518 in
2546 3474 2624 3518 ea
2657 3456 2839 3536 nulla
2875 3456 3207 3517 serenitas
3239 3460 3369 3529 est,

284 3561 396 3621 sed
429 3561 705 3621 flamma
756 3562 1166 3639 iracundiae,
1203 3580 1374 3640 quae
1405 3565 1733 3640 plurimas
1771 3565 2051 3640 inJ'urias
2099 3563 2379 3638 profert,
2414 3563 2600 3622 velut
2640 3561 2839 3620 etiam
2878 3561 3023 3635 ipsa
3065 3560 3377 3639 superius

286 3665 346 3724 in
377 3666 723 3727 locutione
757 3684 878 3727 sua
912 3670 1225 3730 ostendit.
1261 3669 1385 3730 Scd
1419 3686 1744 3744 responso
1777 3686 1979 3730 verae
2011 3671 2322 3730 veritatis
2356 3668 2829 3743 compescitur3
2866 3672 2934 3729 et
2966 3672 3040 3727 ut
3072 3666 3387 3730 homines

286 3785 554 3832 veraces
606 3773 765 3846 sint,
817 3772 1275 3834 admonentur.
1326 3774 1492 3835 Nam
1540 3776 1655 3852 qui
1705 3776 2393 3851 mendaciadiligunt,
2431 3791 2562 3834 non
2597 3773 2813 3834 solum
2850 3771 2976 3832 hoc
3008 3771 3175 3831 vitio
3225 3771 3385 3831 msi-

286 3882 486 3951 stunt‚
526 3877 648 3937 sed
682 3879 885 3938 etiam
935 3879 1088 3939 aliis
1124 3880 1458 3955 insudant,
1511 3881 1758 3958 quibus
1794 3897 1948 3940 cum
1980 3897 2052 3941 se
2105 3880 2617 3956 implicaverint,
2654 3878 2734 3937 ad
2785 3877 3077 3952 plurima
3112 3875 3380 3935 menda·

287 3984 382 4042 cia
415 3990 886 4061 prorumpunt;
924 3988 996 4045 ut
1026 3986 1352 4061 propheta
1383 3987 1592 4047 David
1628 3988 1873 4063 spiritu
1901 4004 2046 4048 meo
2079 3989 2415 4048 veraciter
2448 3987 2769 4061 imbutuS,
2799 3984 3091 4045 ostendit
3122 3984 3372 4045 dicens:

1718 4194 1936 4258 XLVI.

1381 4411 1591 4470 David
1636 4411 1723 4470 ad
1770 4411 2068 4470 eamdem
2118 4428 2280 4469 rem.

372 4613 481 4677 55.
533 4619 834 4678 Alienati
883 4626 1036 4679 sunt
1063 4626 1440 4697 peccatores
1487 4622 1780 4692 avulva,
1831 4627 2225 4681 erraverunt
2265 4620 2340 4679 ab
2387 4626 2606 4690 utere,
2661 4621 2864 4680 locuti
2901 4626 3056 4680 sunt
3104 4620 3301 4697 salsa.
3337 4615 3382 4697 ¹)

293 4720 491 4795 Cujus
524 4736 768 4783 sensus
802 4725 957 4784 talis
990 4731 1115 4786 est.
1151 4724 1486 4801 Originale
1520 4731 1870 4800 peccatum
1904 4742 2023 4801 per
2055 4725 2280 4786 cibum
2314 4725 2627 4800 surrexit,
2680 4726 2795 4800 qui
2827 4724 3096 4785 beatam
3130 4739 3208 4783 ac
3246 4722 3390 4783 feli-

294 4836 434 4881 cem
464 4827 772 4885 naturam
808 4825 1096 4887 hominis
1131 4828 1195 4887 in
1223 4828 1698 4888 mortalitatem
1732 4828 2082 4889 convertit.
2112 4827 2238 4887 Per
2274 4829 2497 4888 cibum
2532 4827 2706 4887 enim
2745 4827 2945 4886 istum
2979 4826 3149 4885 bona
3177 4825 3388 4884 scien-

297 4928 385 4987 tia
432 4932 868 5009 obdormivit,
920 4938 987 4995 et
1037 4936 1210 4995 mala
1259 4935 1540 4995 scientia
1589 4951 1707 5009 per
1756 4935 2044 4995 alienam
2093 4936 2271 4995 viam
2321 4934 2629 4995 surrexit.
2680 4933 2843 4993 Nam
2894 4932 3164 4991 alienati
3229 4938 3381 4990 sunt

299 5034 830 5111 transgressores
873 5041 1180 5115 justitiae
1228 5059 1265 5100 a
1299 5058 1457 5101 vcra
1506 5041 1811 5114 veritate,
1867 5040 1959 5101 ita
2004 5040 2181 5117 quod
2233 5047 2470 5100 natura
2507 5039 2793 5100 hominis
2844 5038 3132 5097 alienata
3167 5043 3268 5095 est
3320 5036 3385 5094 in

373 5184 413 5250 ¹)
441 5187 520 5244 Ps.
559 5191 733 5255 Lvn,
767 5194 812 5248 Α.
