4036 6117
1577 494 2042 543 EPISTOLAE.
3178 480 3309 576 ξδ’]

381 617 504 677 Sed
555 618 808 679 bestiae
859 617 1183 676 silvarum
1235 615 1547 690 indicant,
1599 617 1775 692 quod
1827 617 1893 675 hi
1942 616 2057 691 qui
2093 615 2360 674 saeculo
2399 613 2969 690 renuntiaverunt,
3025 621 3370 680 saeculum

293 739 440 782 cum
492 723 800 782 omnibus
836 722 1096 798 pompis
1146 720 1483 796 abjiciant3
1536 727 1602 779 et
1649 720 1823 796 quod
1874 721 2051 779 sicut
2087 719 2389 794 hospites
2436 724 2503 779 et
2534 723 2869 795 peregrini
2921 723 3015 782 illi
3051 729 3227 798 sunt,
3280 727 3374 786 ita

223 897 228 901 ᾗ
292 834 365 884 ut
412 826 969 901 quemadmodum
1020 825 1275 885 bestiae
1326 825 1648 897 homineS‚
1703 826 1801 883 sic
1832 825 1954 899 ipsi
1990 839 2252 883 omnem
2287 826 2835 885 consuetudinem
2883 834 2949 887 et
2982 845 3173 889 omne
3223 848 3377 893 con·-

294 928 574 986 sortium
611 928 862 987 saeculi
909 926 1183 1002 fugiant.
1222 927 1416 987 Velut
1447 927 1588 986 veri
1626 926 1988 985 heremitae
2027 925 2348 998 fecerunt,
2401 928 2516 1002 qui
2553 942 2623 986 se
2660 931 2927 989 saeculo
2962 933 3376 1006 clauserunt,

290 1048 371 1090 ne
407 1049 588 1090 mors
623 1048 741 1106 per
776 1031 1107 1090 fenestras
1141 1032 1487 1091 oculorum
1522 1046 1796 1089 suorum
1837 1031 2134 1089 intraret.

381 1134 689 1194 volatilia
742 1150 932 1204 vero,
1007 1141 1363 1211 praecepta
1413 1135 1587 1194 beati
1655 1134 1993 1194 Benedicti
2044 1135 2108 1192 et
2159 1134 2443 1194 aliorum
2492 1134 2974 1197 catholicorum
3025 1139 3376 1203 doctorum

291 1245 470 1312 sunt,
522 1239 637 1315 qui
689 1240 752 1298 in
786 1239 1040 1314 Spiritu
1087 1238 1326 1300 Sancto
1377 1238 1765 1312 hauserunt,
1817 1242 1882 1298 et
1917 1255 2035 1314 per
2069 1254 2240 1314 quae
2291 1239 2595 1298 homines
2632 1240 2752 1314 sie,
2790 1247 2864 1300 ut
2898 1244 3201 1304 carnales
3248 1262 3383 1306 non

293 1343 449 1417 sint,
487 1345 739 1403 vivunt.
2726 1354 2730 1358 “

382 1449 550 1508 Mala
584 1451 807 1508 autem
855 1451 1132 1524 granata
1167 1462 1463 1507 amorem
1512 1447 1627 1505 Dei
1667 1448 1732 1507 in
1765 1447 2081 1507 cordibus
2122 1464 2356 1508 eorum
2402 1448 2767 1523 declarant,
2804 1443 2850 1527 ¹)
2904 1451 3017 1525 qui
3050 1451 3379 1527 praedicti

293 1553 483 1613 bonis
517 1559 584 1612 et
618 1554 872 1614 sanctis
921 1554 1236 1630 operibus
1269 1552 1666 1611 circumdati
1703 1558 1879 1626 sunt,
1931 1558 1997 1611 et
2030 1553 2144 1629 qui
2188 1552 2737 1628 diligentissimas
2788 1556 3072 1615 virtutes
3122 1558 3373 1618 orando

291 1663 360 1716 et
407 1656 618 1718 flendo
668 1659 749 1717 ad
801 1674 872 1718 se
920 1657 1261 1732 colligunt3
1320 1662 1389 1714 et
1437 1657 1551 1732 qui
1598 1656 1807 1716 verba
1862 1662 2249 1717 sanctorum
2306 1657 2626 1730 lambunt,
2686 1658 2894 1717 vitam
2941 1669 3173 1720 eorum
3227 1662 3373 1721 imi—-

304 1761 521 1821 tand0.

388 1863 509 1923 Sed
545 1863 690 1936 hoc,
745 1863 826 1923 ad
860 1863 1156 1923 carnalia
1203 1863 1536 1923 desideria
1568 1865 1635 1922 et
1668 1862 2143 1938 negligentiam
2176 1863 2638 1938 respicienteS,
2683 1877 2812 1922 non
2850 1863 3094 1940 facitis;
3132 1883 3283 1927 cum
3319 1869 3382 1928 in

299 1966 509 2044 altera
545 1974 755 2042 parte,
807 1982 978 2044 quae
1013 1965 1096 2026 ad
1131 1968 1472 2027 saeculum
1513 1966 1745 2039 tendit,
1798 1967 1962 2025 mihi
1997 1965 2258 2026 affertis
2291 1966 2662 2025 carnalium
2711 1968 3133 2043 voluptatum
3166 1958 3387 2031 diver-

300 2071 559 2146 sitates,
597 2071 962 2131 secundum
995 2071 1533 2131 observationem
1563 2071 2074 2145 juvencularum
2126 2071 2416 2144 illarum,
2468 2085 2639 2146 quae
2688 2071 2934 2129 mundo
2984 2072 3287 2132 studiose
3322 2081 3388 2134 et

299 2176 679 2251 diligenter,
716 2175 899 2236 velut
932 2176 1422 2252 disciplinatae,
1448 2173 1499 2253 ²)
1524 2175 1937 2249 deserviunt,
1977 2175 2049 2234 ut
2080 2173 2458 2249 praefatum
2484 2178 2608 2234 est.
2637 2174 2707 2234 In
2744 2174 2956 2235 altera
2990 2182 3211 2235 autem
3244 2192 3397 2252 par-

306 2286 391 2354 te,
441 2286 906 2339 convertentes
953 2297 1073 2340 vos
1117 2280 1199 2340 ad
1250 2280 1796 2339 constrictionem
1843 2284 1910 2337 et
1942 2278 2025 2338 ad
2073 2278 2394 2354 placitum
2444 2279 2788 2339 variorum
2839 2279 3213 2340 studiorum
3251 2281 3396 2343 illo·-

303 2400 472 2459 rum,
525 2384 638 2460 qui
694 2385 1076 2445 carnalibus
1133 2384 1390 2460 copulis
1443 2383 1824 2460 frequenter
1872 2382 2216 2458 insudant,
2277 2387 2610 2459 quatenus
2661 2390 2961 2443 amantes
3010 2386 3393 2447 amantibus

304 2488 636 2565 placeant,
688 2488 861 2564 quod
915 2503 1036 2548 nec
1084 2489 1288 2564 dicto,
1339 2504 1461 2549 nec
1511 2488 1785 2562 scripto,
1839 2503 1960 2546 nec
2009 2486 2322 2547 mandato
2371 2503 2409 2546 a
2457 2486 2650 2547 vobis
2698 2488 3004 2564 postulo;
3056 2490 3214 2565 quia
3262 2493 3397 2568 spi·-

304 2594 485 2653 ritali
540 2595 817 2670 copulae
873 2593 1306 2665 adhaesistiS,
1374 2607 1496 2651 nec
1552 2592 1633 2651 ad
1690 2592 1956 2651 oculum
2007 2591 2442 2666 famulanteS‚
2508 2591 2760 2650 carnali
2821 2592 3221 2669 amplexioni
3269 2612 3393 2656 vos

306 2699 710 2774 subjecistis:
762 2698 878 2759 ubi
923 2714 1053 2758 non
1103 2698 1169 2757 in
1199 2712 1441 2757 vanam
1474 2702 1542 2756 et
1576 2712 1726 2755 mox
1758 2696 2103 2755 cadentem
2139 2695 2566 2755 floriditatem
2600 2694 2973 2769 putredinis
3006 2696 3233 2757 mundi
3266 2715 3393 2759 vos

307 2803 638 2878 cooptavi,
670 2797 719 2881 ³)
773 2802 889 2862 sed
924 2803 991 2863 in
1037 2802 1300 2862 vineam
1349 2813 1547 2861 verae
1595 2801 1945 2861 electionis
1992 2803 2062 2860 et
2094 2815 2292 2860 verae
2327 2799 2759 2860 beatitudinis
2794 2801 3021 2861 induxi
3052 2817 3199 2879 voS,
3237 2820 3400 2880 qua-

311 2914 500 2966 tenus
539 2908 603 2968 in
639 2923 900 2967 summa
933 2907 1258 2967 electione
1293 2906 1668 2967 mercedem
1704 2905 2006 2965 laborum
2041 2911 2421 2965 vestrorum
2461 2904 2825 2980 recipiatis,

1783 3173 1918 3244 IX.

402 3476 563 3535 Nam
612 3483 678 3537 et
709 3493 832 3553 ego
867 3494 985 3553 per
1032 3484 1182 3539 octo
1217 3494 1426 3539 annos
1467 3477 1857 3553 tolerabam,
1911 3478 2088 3555 quod
2129 3478 2419 3538 vanitate
2451 3473 2498 3556 ⁴)
2539 3472 2889 3540 infantium
2929 3479 3149 3542 facere
3184 3481 3403 3545 incoe-

315 3580 531 3653 pistis:
585 3588 652 3640 et
705 3582 882 3658 quod
951 3583 1189 3643 deinde
1239 3584 1306 3644 in
1362 3583 1595 3643 eadem
1668 3583 1962 3643 vanitate
2018 3588 2294 3658 propter
2347 3584 2593 3642 malam
2655 3586 3205 3647 consuetudinem
3252 3589 3400 3665 ejus

316 3685 594 3759 lusistis;
645 3690 713 3747 et
746 3688 920 3763 quod
968 3695 1202 3764 postea
1239 3689 1305 3748 in
1352 3688 1576 3765 aliqua
1610 3693 1800 3764 parte
1849 3686 2150 3764 ejusdem
2197 3687 2520 3747 vanitatis
2562 3690 2915 3763 peccastis:
2954 3691 3113 3766 quia
3145 3693 3404 3753 vanita-

317 3797 449 3849 tem
485 3791 654 3849 hanc
686 3794 881 3868 quasi
906 3809 1053 3852 eam
1081 3795 1481 3869 ignorarem,
1514 3788 1561 3871 ⁵)
1597 3808 1718 3869 per
1750 3792 2044 3869 quinque
2095 3808 2302 3851 annos
2338 3793 2464 3851 sub
2499 3793 2765 3852 silentio
2794 3793 3242 3855 dissimulavi.
3272 3794 3398 3855 Sed

318 3912 470 3954 cum
501 3896 736 3956 deinde
784 3898 1110 3974 quaedam
1143 3914 1223 3957 ex
1254 3898 1449 3958 vobis
1501 3898 1566 3956 in
1599 3898 1962 3971 maxillam,
2001 3912 2153 3956 cum
2186 3897 2590 3972 quibusdam
2636 3896 2849 3971 signis
2894 3899 3061 3972 suis,
3115 3913 3219 3957 me
3253 3915 3403 3974 per-

319 4006 645 4074 cuterent,
683 4017 951 4060 manum
1001 4017 1215 4061 meam
1265 4001 1507 4075 levavi,
1545 4007 1612 4061 et
1657 4016 1777 4077 per
1810 4006 1951 4061 tres
2000 4017 2208 4060 annos
2259 4001 2433 4059 intra
2481 4006 2549 4059 et
2581 4006 2769 4059 extra
2819 4001 3040 4060 locum
3088 4016 3321 4061 earum
3350 3997 3399 4080 ⁶)

314 4104 604 4165 diversis
651 4106 995 4166 doloribus
1043 4123 1159 4166 eas
1209 4107 1573 4180 castigavi,
1625 4112 1691 4164 et
1739 4107 1942 4166 etiam
1992 4112 2224 4181 aperto
2275 4107 2466 4180 signo
2502 4106 2980 4181 pinguedinem
3014 4109 3275 4182 peccati
3312 4109 3404 4169 ibi

319 4210 642 4283 percussi,
680 4210 792 4270 ubi
833 4212 896 4270 in
928 4211 1424 4287 pulchritudine
1458 4210 2002 4284 desponsationis
2037 4210 2413 4284 neglectum
2449 4209 2758 4269 sustinui.

410 4314 480 4372 In
515 4315 654 4373 zelo
702 4314 878 4373 enim
925 4330 1043 4389 e0,
1091 4309 1139 4392 ⁷)
1188 4314 1303 4390 qui
1354 4314 1794 4390 primogenita
1842 4313 2123 4388 Aegypti
2171 4313 2546 4388 percussit,
2597 4318 2663 4371 et
2711 4312 2827 4388 qui
2874 4312 3287 4372 Pharaonem
3336 4313 3404 4373 in

321 4418 488 4477 mari
517 4417 718 4477 rubro
755 4418 1142 4492 submersit,
1181 4419 1295 4494 qui
1330 4417 1398 4477 in
1431 4417 1661 4476 multis
1696 4415 1930 4491 signis,
1969 4431 2140 4491 quae
2177 4415 2275 4474 illi
2309 4415 2764 4488 ostendebam,
2805 4430 2906 4474 me
2942 4417 3220 4492 sprevit,
3260 4433 3406 4477 sur·-

324 4522 483 4593 rexi‚
537 4527 605 4580 et
651 4520 1004 4597 quemdam
1055 4521 1389 4582 hominem
1437 4521 1817 4596 prostravi,
1872 4519 1966 4578 ita
2015 4526 2088 4578 ut
2134 4520 2462 4596 quasdam
2505 4534 2753 4595 poenas
2789 4522 3218 4594 peccatorum
3254 4535 3405 4580 suo-

325 4642 469 4685 rum
521 4625 806 4699 videret,
858 4626 1185 4702 quasdam
1216 4629 1423 4687 etiam
1468 4626 1771 4700 sentiret,
1823 4624 2073 4699 frigore
2114 4624 2428 4685 videlicet
2459 4631 2526 4685 et
2561 4626 2710 4700 igne
2746 4626 3134 4701 permixta83
3169 4631 3237 4686 et
3274 4625 3400 4686 hoc

397 4902 441 4962 ¹)
467 4904 708 4959 declarat
743 4903 836 4959 W.
882 4901 1013 4958 sort.
1058 4902 1117 4957 in
1156 4902 1432 4973 singulari
1478 4901 1606 4959 fem.
1651 4902 1826 4960 sumi·
1917 4921 1994 4961 se:
2027 4908 2190 4978 quasi
2212 4922 2328 4961 eam
2351 4908 2706 4977 ianm-anem.
2733 4933 2801 4944 —
2825 4904 2871 4969 ο)
2895 4902 3193 4963 Weorum.
3221 4917 3285 4959 ac
3312 4918 3408 4975 po-

331 4992 424 5041 tur
447 4989 853 5060 malagranata,
895 4994 960 5042 ut
997 4986 1199 5055 gallice
1238 4988 1297 5043 la
1331 4990 1585 5060 yrenade.
1620 4990 1752 5053 —²)
1780 4991 1862 5046 di·
1920 4994 2037 5045 stea
2074 5007 2176 5045 eos.
2209 5019 2275 5029 -
2301 4989 2347 5052 ⁷)
2385 4986 2424 5043 f.
2468 5006 2578 5044 meo
2614 4988 2708 5043 W.
2746 5018 2815 5027 —-
2840 4986 3020 5043 Multa
3055 4985 3149 5040 hic
3187 5002 3289 5042 nos
3323 4985 3410 5041 su-

328 5073 614 5144 sciplinato
642 5074 732 5128 W.
760 5104 826 5114 —
847 5073 892 5138 ⁸)
915 5071 1043 5128 sort.
1068 5076 1319 5144 coaptavi
1337 5073 1427 5127 W.
1448 5072 1612 5142 juxta
1635 5089 1822 5145 apogr.
1919 5076 2107 5145 giunt,
2129 5090 2272 5146 quae
2300 5073 2626 5129 viventibus
2652 5079 2785 5128 tunc
2810 5078 2868 5127 et
2892 5069 3258 5126 audientibus
3287 5086 3409 5141 per-

328 5157 373 5222 ⁴)
409 5161 698 5213 vanitatem
734 5159 827 5221 W,
869 5156 998 5213 fort.
1043 5158 1200 5213 bene.
1243 5187 1303 5197 —
1332 5159 1374 5223 ⁵)
1428 5156 1559 5213 Cod.
1598 5160 1824 5215 mendo·
1920 5159 2114 5231 spicua
2141 5163 2320 5214 crant.
