4036 6117
1303 511 1536 565 Lmen
1594 518 1791 565 vi‘rffl:
1848 518 2306 565 Manu-onum
3207 501 3290 561 47

1604 744 2015 805 Lxxxvnu.

1156 952 1249 1012 De
1299 953 1618 1030 squalidis
1650 950 2102 1027 joculatorum
2149 953 2456 1013 moribus.

352 1154 506 1221 104.
555 1161 920 1221 Joculatrix
966 1160 1143 1220 enim
1192 1161 1260 1219 in
1306 1161 1773 1220 vicissitudine
1826 1161 2287 1237 squalidorum
2337 1176 2598 1222 morum
2655 1160 2985 1239 quosdam
3040 1160 3346 1225 homines

265 1265 493 1325 ludere
547 1265 730 1338 facit,
780 1265 965 1324 velut
1016 1265 1315 1340 cupiunt,
1368 1270 1436 1324 et
1469 1267 1657 1324 velut
1691 1266 1821 1325 sibi
1855 1267 2130 1340 eligunt.
2167 1267 2332 1327 Nam
2371 1268 2643 1342 maligni
2679 1269 2959 1344 spiritus
2995 1264 3107 1330 isti
3144 1272 3360 1332 coele‘

261 1375 431 1429 stem
483 1368 951 1446 symphoniam
1001 1369 1317 1429 deludere
1360 1371 1611 1444 volunt,
1649 1376 1715 1428 et
1752 1385 1878 1429 non
1914 1371 2418 1447 praevalebunt3
2453 1376 2521 1430 et
2557 1371 2703 1431 ideo
2735 1388 2855 1448 per
2882 1372 3350 1448 joculatricem

259 1472 593 1547 quosdam
644 1472 945 1532 homines
994 1472 1337 1548 invadunt,
1389 1479 1457 1532 et
1503 1489 1619 1533 eos
1663 1473 1954 1533 diversis
1990 1474 2251 1533 lusibus
2288 1474 2352 1533 in
2388 1475 2730 1535 mendacio
2763 1475 3106 1552 deludunt,
3142 1494 3351 1554 quum

264 1589 380 1634 eos
438 1574 511 1634 in
545 1576 832 1635 veritate
865 1576 1095 1635 ludere
1133 1574 1350 1636 facere
1384 1592 1512 1635 non
1546 1583 1847 1651 possunt.
1885 1576 2377 1652 symphonialis
2411 1594 2697 1655 namque
2735 1580 2905 1653 lauS‚
2943 1596 3115 1656 quae
3145 1580 3355 1641 Deum

266 1679 482 1755 decet,
544 1680 719 1740 finiri
761 1697 890 1741 non
922 1686 1170 1757 potest,
1207 1681 1364 1756 quia
1400 1680 1782 1740 indeficiens
1815 1686 1942 1757 est,
1980 1683 2296 1757 quoniam
2337 1684 2482 1759 ipsa
2516 1683 2856 1759 plenitudo
2890 1685 3200 1744 veritatis
3232 1690 3360 1745 est.

264 1786 612 1847 Joculator
659 1782 704 1865 ¹)
757 1786 933 1846 enim
985 1787 1279 1846 animum
1328 1803 1525 1847 suum
1588 1787 1985 1864 interrogat,
2053 1805 2185 1864 quo
2233 1790 2462 1849 volare
2507 1794 2574 1849 et
2622 1789 2781 1866 quid
2834 1789 3053 1850 facere
3101 1792 3354 1867 possit,

263 1894 326 1948 ot
371 1904 533 1950 cum
580 1888 708 1948 hoc
758 1889 825 1948 in
873 1890 1144 1965 speculo
1195 1890 1518 1949 scientiae
1565 1891 1979 1965 cognoverit,
2029 1891 2094 1951 in
2127 1892 2493 1952 vanitatem
2527 1894 2694 1952 etin
2732 1892 3150 1953 mendacium
3185 1894 3353 1955 illud

265 1999 615 2055 eonvertet
658 1990 735 2073 ²);
788 2000 990 2070 atque
1038 2009 1192 2055 cum
1239 1994 1589 2054 elementis
1643 2010 1884 2055 sonum
1932 1995 2072 2070 dat,
2125 2010 2546 2073 quocumque
2591 1996 2801 2073 vadit,
2854 1996 3030 2057 sicut
3061 1998 3193 2058 sibi
3227 1999 3369 2075 pla-

271 2108 507 2161 cuerit.

1671 2312 1962 2373 LXXXX.

1106 2516 1439 2601 Quidquid
1486 2524 1626 2582 sine
1678 2523 1810 2583 Deo
1857 2523 2225 2600 quaeritur,
2271 2520 2533 2600 peribit,
2583 2530 2587 2535 '

356 2730 509 2791 105.
565 2729 719 2791 Filii
764 2728 1012 2789 etenim
1059 2726 1435 2803 hominum,
1485 2733 1761 2804 propter
1808 2727 2056 2787 multas
2107 2727 2603 2788 sciscitationes
2652 2728 3061 2804 magnalium
3110 2745 3360 2807 rerum,

268 2852 428 2911 quas
482 2834 882 2912 inquirendo
932 2839 1000 2893 et
1051 2832 1351 2892 faciendo
1402 2832 1767 2891 secundum
1815 2831 2339 2908 possibilitatem
2375 2848 2566 2892 suam
2604 2832 2950 2908 incipiunt,
2988 2835 3143 2894 vani
3178 2842 3360 2910 sunt,

268 2948 329 3002 et
373 2942 737 3001 veritatem
784 2955 987 3016 quam
1035 2938 1211 2997 Deus
1259 2937 1426 3013 ipsis
1461 2936 1756 2996 ostendit
1788 2942 1855 2996 et
1885 2936 2023 3012 dat,
2061 2937 2468 3013 relinquunt,
2506 2952 2584 2996 ao
2619 2938 2685 2996 in
2723 2937 2914 2998 falsis
2948 2938 3082 2998 diis
3120 2938 3363 3000 falsam

276 3045 701 3123 prophetiam
744 3044 920 3105 sicut
954 3047 1214 3103 montes
1250 3040 1621 3115 aedificant,
1661 3046 1727 3100 et
1761 3041 2007 3118 ubique
2041 3047 2233 3118 gesta
2262 3037 2311 3121 ³)
2350 3042 2465 3103 illa
2503 3041 2867 3119 inquirunt,
2904 3060 3077 3122 quae
3110 3052 3374 3107 creatu-

279 3169 346 3212 ra
388 3165 520 3229 per
566 3153 762 3227 signa
811 3148 1126 3212 ostendit.
1178 3148 1476 3224 Cumque
1526 3146 1650 3207 hoc
1700 3145 2001 3223 fecerint,
2043 3147 2284 3208 falsam
2316 3148 2669 3208 scientiam
2703 3149 3060 3209 veritatem
3092 3166 3368 3228 compu-

281 3263 435 3334 tant,
488 3273 573 3317 ac
610 3272 684 3316 se
718 3256 902 3331 ipsos
935 3260 1004 3314 et
1038 3254 1208 3314 alios
1240 3252 1603 3328 decipiunt:
1648 3253 1806 3329 quia
1841 3251 2165 3329 quidquid
2201 3254 2344 3313 sine
2378 3252 2511 3312 Deo
2547 3255 2917 3329 quaeritur,
2953 3260 3021 3315 et
3057 3256 3201 3316 sine
3232 3256 3385 3318 Deo*

282 3362 641 3436 invenitur,
695 3361 760 3419 in
810 3359 1152 3419 interitum
1205 3357 1348 3418 ibit.
1398 3356 1525 3415 Sed
1571 3361 1637 3415 et
1685 3372 1836 3416 cum
1888 3357 1983 3417 illi
2028 3357 2255 3432 jocum
2302 3362 2369 3417 et
2411 3359 2836 3418 saltationem
2873 3360 2938 3420 in
2971 3363 3163 3422 venis
3200 3367 3268 3422 et
3305 3363 3373 3424 in

282 3467 593 3527 medullis
643 3465 787 3524 suis
835 3463 1247 3541 quaesierint
1294 3467 1362 3520 et
1410 3461 1814 3536 invenerint,
1879 3462 1943 3520 in
1993 3461 2376 3522 irrisionem
2428 3462 2787 3538 ducentur,
2839 3465 3035 3540 quasi
3083 3465 3368 3527 nihilum

280 3573 428 3648 sint3
484 3572 554 3631 in
606 3587 738 3648 qua
770 3570 973 3629 etiam
1008 3569 1183 3628 sicut
1219 3567 1447 3627 favilla
1483 3567 1731 3627 cineris
1766 3566 2095 3628 deficient.
2132 3568 2311 3627 Haec
2346 3574 2569 3628 autem
2601 3569 2684 3629 de
2718 3571 3197 3646 poenitentium
3234 3573 3375 3633 ani-

283 3676 510 3737 mabus
563 3674 932 3752 purgandis
971 3679 1040 3733 et
1072 3672 1414 3734 salvandis
1448 3672 1627 3731 dicta
1662 3678 1840 3747 sunt,
1876 3678 1943 3731 et
1978 3658 2198 3732 fidelia
2232 3678 2410 3748 sunt,
2447 3679 2514 3733 et
2548 3673 2765 3734 tidelis
2802 3676 2906 3735 his
2943 3678 3268 3753 attendat,
3306 3685 3376 3739 et

280 3797 351 3840 ea
385 3781 449 3841 in
485 3780 888 3840 memoriam
919 3778 1131 3839 bonae
1165 3778 1486 3838 scientiae
1520 3782 1897 3853 componat.

364 3886 514 3946 106.
575 3885 738 3946 Post
782 3882 948 3943 haec
983 3884 1155 3944 alios
1186 3882 1530 3959 praefatae
1577 3881 2027 3972 multitudinis
2061 3883 2391 3959 malignos
2436 3884 2716 3962 spiritus
2765 3886 2924 3962 vidi,
2963 3888 3078 3965 qui
3114 3889 3375 3966 magnis

282 3992 561 4052 vocibus
591 3989 988 4050 clamabant:
1023 4008 1054 4047 α
1091 3988 1423 4064 Numquid
1450 4004 1579 4047 non
1614 3988 1769 4047 licet
1795 3986 1973 4063 quod
2000 3987 2179 4048 ullus
2208 3990 2423 4065 primo
2450 3988 2582 4049 Deo
2609 3990 3056 4051 assimiletur?
3093 4010 3124 4049 ι
3153 3991 3234 4051 Et
3261 3991 3375 4052 isti

185 4113 193 4122 ·
282 4095 792 4156 obdurationem
826 4107 1054 4152 secum
1089 4091 1434 4166 habenteS,
1474 4090 1856 4151 hominibus
1891 4091 2319 4166 persuadent,
2357 4098 2429 4151 ut
2464 4107 2612 4151 eam
2648 4092 2777 4152 sibi
2813 4092 3150 4153 dominam
3183 4109 3376 4170 prae-

288 4197 518 4272 ferant,
559 4203 628 4256 et
678 4202 752 4256 ut
784 4197 948 4255 nulli
999 4194 1530 4255 misericordiam
1582 4194 1985 4270 impendant,
2039 4196 2195 4271 quia
2247 4196 2422 4271 quod
2463 4196 2586 4271 ipsi
2639 4196 2701 4254 in
2753 4198 2937 4256 coelo
2990 4197 3210 4257 facere
3243 4213 3374 4258 non

286 4307 666 4378 potuerunt,
705 4301 828 4360 hoc
866 4301 929 4359 in
974 4298 1354 4359 hominibus
1390 4300 1707 4375 perficere
1756 4299 2182 4359 contendunt.

353 4536 397 4600 ¹)
411 4537 794 4607 ,iaculatorum
816 4535 880 4589 Α.
913 4564 979 4576 --
1001 4535 1047 4600 ²)
1075 4539 1124 4590 et
1146 4535 1483 4590 mendacium
1508 4534 1654 4590 illud
1676 4548 1797 4589 oon-
1868 4546 2039 4603 quam
2079 4531 2306 4596 merito,
2349 4534 2704 4606 placuerunt.
2748 4534 2949 4591 Exstat
2988 4534 3226 4607 epistola
3261 4535 3376 4592 Ho-

292 4627 446 4680 vertit
480 4623 550 4678 Α.
596 4651 667 4662 -
701 4620 747 4687 ³)
792 4619 953 4677 Gesta
978 4620 1208 4676 heroum
1235 4622 1293 4675 et
1318 4617 1578 4690 equitum
1605 4623 1796 4691 aperte
1867 4619 2017 4676 norii
2046 4619 2152 4684 111,
2189 4620 2313 4677 luce
2339 4619 2532 4689 digna,
2558 4636 2670 4692 qua
2696 4620 2943 4690 graviter
2967 4619 3122 4677 dolet
3145 4626 3376 4678 sanctus

292 4709 709 4779 significantur,
749 4725 852 4765 nec
891 4707 1099 4764 mirum
1140 4706 1353 4764 ibidem
1378 4705 1447 4762 de
1468 4704 1796 4778 joculatori·
1870 4705 2150 4779 pontifex.
2190 4706 2363 4764 etiam
2398 4705 2733 4764 monialium
2771 4706 3035 4763 manibus
3073 4706 3379 4778 aliquando

290 4795 393 4854 bus
426 4795 653 4870 aliquid
694 4794 1101 4858 intercessisse.
1142 4793 1261 4851 sive
1298 4793 1367 4850 de
1406 4792 1617 4850 sabulis
1652 4808 1797 4864 quae
1869 4796 1969 4852 has
2006 4795 2241 4862 noenius
2277 4797 2595 4871 promptius
2632 4801 2692 4854 et
2728 4795 2990 4860 facilius,
3029 4811 3124 4867 per
3160 4793 3376 4851 Gallias

289 4878 603 4955 Maioribus
648 4877 859 4940 nostris
907 4885 1216 4955 tantopere,
1270 4895 1450 4951 neque
1484 4879 1625 4960 jure?
1652 4895 1794 4935 nun·
1869 4882 2099 4940 versari.
