4036 6117
566 486 571 491 »
652 442 738 505 22
1695 459 1698 463 ’
1809 459 1863 507 s,
1913 458 2453 510 amm-:clinum

2007 682 2255 744 XXXII.

1734 890 1947 950 Multa
1990 891 2243 949 homini
2291 893 2533 968 ignota.

672 1101 780 1162 44.
831 1098 1017 1173 Quod
1064 1104 1291 1187 autem
1339 1098 1515 1159 idem
1554 1098 1662 1158 vir
1695 1114 1734 1158 a
1768 1097 1949 1158 suris
1983 1095 2303 1158 deorsum
2339 1097 2421 1158 ad
2455 1098 2725 1174 plantas
2760 1115 2922 1160 suas
2959 1098 3027 1159 in
3059 1100 3257 1177 aquis
3290 1100 3519 1176 abyssi
3551 1104 3688 1174 est,

583 1205 678 1267 ita
723 1204 901 1281 quod
944 1204 1149 1264 etiam
1182 1220 1397 1281 supra·
1419 1204 1739 1279 abyssum
1772 1207 1931 1276 stat,
1968 1200 2095 1262 hoc
2127 1208 2233 1262 est
2266 1201 2443 1280 quod
2472 1202 2794 1264 fortitudo
2825 1202 2943 1264 Dei
2976 1210 3045 1265 et
3077 1205 3410 1266 mirabilis
3441 1206 3583 1265 vita
3619 1206 3693 1264 in

580 1307 1017 1382 absconditiS,
1069 1306 1265 1383 quasi
1315 1306 1380 1366 in
1426 1307 1675 1383 plantis
1723 1322 1854 1366 non
1895 1304 2272 1381 cernendiS,
2309 1305 2572 1366 scilicet
2605 1307 2672 1366 in
2719 1307 3004 1366 secretis
3039 1307 3174 1367 illis
3222 1323 3394 1383 quae
3427 1307 3684 1368 homini

577 1409 849 1471 scienda
881 1426 1013 1470 non
1045 1416 1223 1485 sunt,
1260 1410 1446 1469 velut
1478 1410 1545 1468 in
1577 1410 1772 1486 aquis
1806 1409 2034 1484 abyssi
2070 1414 2197 1484 est;
2226 1409 2544 1485 quoniam
2579 1414 2652 1469 ut
2687 1410 2753 1469 in
2780 1410 3243 1486 superioribus
3277 1411 3489 1470 multa
3523 1415 3686 1470 sunt

585 1529 757 1591 quae
805 1514 1217 1589 nesciuntur,
1269 1515 1369 1574 sic
1415 1515 1620 1574 etiam
1667 1520 1735 1574 et
1778 1514 1847 1574 in
1880 1512 2317 1573 inferioribus
2348 1514 2579 1589 abyssi
2611 1514 2903 1590 plurima
2936 1521 3093 1575 sunt
3125 1531 3164 1575 a
3195 1515 3442 1591 quibus
3474 1531 3692 1592 aquae

588 1618 1074 1694 confortantur,
1112 1634 1283 1695 quae
1315 1619 1399 1679 ab
1432 1618 1698 1678 homine
1731 1618 1893 1678 sciri
1924 1633 2056 1678 non
2088 1623 2421 1694 poterunt.
2466 1618 2632 1679 Nam
2662 1619 2886 1679 omnia
2918 1634 3090 1695 quae
3121 1619 3248 1679 sub
3291 1625 3472 1679 terra
3506 1625 3689 1692 sunt,

588 1720 656 1780 in
700 1726 1037 1798 potestate
1084 1739 1208 1782 sua
1256 1721 1480 1797 habet,
1524 1728 1595 1783 et
1627 1738 1706 1782 ea
1741 1722 1915 1798 regit
1945 1727 2014 1782 et
2043 1721 2322 1798 judicat,
2361 1737 2440 1782 ac
2475 1720 2799 1782 infernale
2827 1721 3154 1798 ,iudicium
3185 1721 3531 1796 discernit,
3567 1736 3700 1781 nee

590 1824 957 1902 quidquam
1004 1831 1109 1886 est
1155 1826 1334 1903 quod
1383 1827 1451 1886 in
1495 1827 1795 1903 potentia
1841 1825 1987 1903 ejus
2035 1842 2170 1886 non
2216 1826 2325 1886 sit.
2374 1826 2557 1887 Unde
2605 1826 2810 1887 etiam
2845 1827 2912 1887 in
2942 1827 3198 1887 eisdem
3230 1828 3514 1887 secretis
3546 1828 3695 1887 suis

593 1926 862 1989 fortiter
907 1934 1065 2005 stat;
1116 1931 1433 2007 quoniam
1478 1930 1655 1990 Deus
1700 1934 1963 1991 secreta
2009 1946 2133 1990 sua
2164 1930 2332 1990 nulli
2366 1931 2448 1991 ad
2479 1930 2855 2009 perfectum
2887 1932 3166 2007 revelat,
3203 1930 3324 1991 sed
3358 1930 3424 1991 in
3454 1931 3557 1991 eis
3590 1947 3700 1990 re-

591 2032 902 2110 quiescit,
953 2039 1028 2095 ut
1072 2033 1270 2096 homo
1320 2034 1388 2095 in
1420 2022 1681 2112 ‘plantis
1731 2036 1900 2110 suiS‚
1946 2034 2506 2113 quemadmodum
2541 2036 2827 2115 septimo
2859 2036 2968 2097 die
3000 2036 3085 2098 ab
3116 2036 3299 2098 omni
3330 2050 3530 2113 opere
3561 2052 3700 2096 suo»

593 2137 924 2215 requievit
954 2133 1023 2219 ¹).

1995 2348 2276 2414 XXXIII.

1171 2556 1407 2619 Finem
1437 2558 1560 2638 filii
1591 2557 1991 2635 perditionis
2024 2558 2259 2619 nullus
2292 2557 2635 2619 hominum
2671 2558 2839 2618 scire
2865 2561 3104 2635 potest.

682 2763 789 2825 45.
840 2762 947 2824 Sic
992 2771 1061 2825 et
1106 2766 1372 2825 vocatio
1419 2765 1575 2825 novi
1623 2765 1851 2843 populi
1901 2766 1968 2825 in
2008 2765 2426 2826 Antichristo
2462 2763 2922 2824 fortitudinem
2956 2779 3150 2823 suam
3183 2778 3317 2822 non
3350 2763 3703 2836 amittens,

594 2867 715 2928 sed
763 2881 841 2927 ea
874 2883 1088 2943 usque
1121 2869 1203 2928 ad
1237 2870 1483 2930 bonum
1519 2869 1716 2929 finem
1750 2869 2159 2930 mirabilium
2191 2869 2330 2944 Dei,
2371 2884 2542 2945 quae
2575 2868 2659 2928 ab
2694 2867 2962 2927 homine
2994 2868 3155 2926 sciri
3190 2883 3322 2927 non
3355 2871 3698 2942 poterunt,

598 2986 1030 3046 conservanS,
1081 2979 1149 3033 et
1197 2973 1263 3032 in
1308 2972 1563 3032 eisdem
1596 2973 2021 3033 mirabilibus
2055 2989 2268 3050 usque
2302 2973 2385 3032 ad
2419 2972 2862 3032 novissimum
2894 2970 3070 3031 diem
3105 2971 3282 3030 sicut
3316 2971 3399 3030 ad
3430 2970 3701 3045 plantas

601 3080 814 3150 stans,
867 3077 1253 3153 requiescit,
1304 3093 1425 3137 nec
1460 3078 1745 3138 ulterius
1778 3078 2147 3154 vacillabit,
2186 3079 2500 3154 quoniam
2534 3078 2751 3138 omnis
2786 3076 3160 3138 teneritudo
3194 3077 3342 3152 ejus
3375 3077 3465 3136 ibi
3498 3076 3698 3137 finem

600 3182 905 3259 accipiet.
956 3183 1120 3244 Nam
1168 3190 1242 3244 ut
1287 3184 1512 3244 nullus
1556 3184 1876 3260 abyssum
1908 3184 2326 3260 perscrutari
2357 3188 2604 3260 potest,
2642 3183 2742 3242 sic
2773 3197 2896 3242 nec
2928 3181 3106 3258 quod
3135 3185 3291 3257 post
3323 3180 3519 3240 finem
3548 3194 3707 3255 per—

606 3283 731 3343 diti
777 3283 1069 3345 hominis
1120 3285 1419 3347 futurum
1467 3287 1578 3361 sit,
1628 3288 1854 3347 nullus
1903 3285 2246 3348 hominum
2293 3286 2471 3346 scire
2499 3282 2550 3365 ²)
2594 3285 2864 3361 poterit,
2899 3282 3457 3360 quemadmodum
3489 3283 3699 3342 etiam

512 3435 521 3444 .
599 3387 683 3447 de
715 3390 1026 3451 omnibus
1060 3390 1167 3451 his
1200 3407 1320 3467 per
1353 3391 1759 3468 Sapientiam
1791 3390 2047 3452 dictum
2077 3396 2202 3452 est.

1993 3601 2302 3661 XXXIIII.

1835 3809 2034 3870 Verba
2083 3811 2484 3888 Sapientiae.

691 4016 800 4082 46.
856 4039 888 4079 α
925 4020 1362 4081 Altitudinem
1410 4021 1582 4081 coeli
1622 4026 1689 4081 et
1722 4020 2142 4080 latitudinem
2180 4026 2401 4081 terrae
2433 4024 2502 4079 et
2534 4019 2939 4096 profundum
2973 4020 3198 4098 abyssi
3233 4021 3386 4098 quis
3422 4037 3700 4083 mensus·

610 4141 642 4183 »
680 4131 785 4184 est
808 4119 895 4203 ³)‘2
925 4145 956 4183 »
990 4126 1195 4202 Cujus
1224 4142 1464 4186 sensus
1492 4126 1647 4187 talis
1673 4132 1797 4186 est.
1828 4126 2081 4187 Globus
2116 4124 2344 4185 mundi
2380 4125 2530 4200 igne
2564 4131 2631 4184 et
2662 4132 2861 4186 vento
2886 4142 2974 4211 ac
3007 4142 3160 4187 aere
3189 4123 3237 4204 ⁴)
3275 4129 3591 4204 agitatur,
3627 4134 3698 4189 et

602 4227 821 4286 omnis
855 4234 1165 4288 creatura
1200 4229 1265 4287 in
1297 4243 1375 4287 eo
1412 4228 1596 4288 latet.
1627 4228 1899 4289 Coelum
1933 4227 2111 4287 enim
2145 4243 2298 4286 cum
2331 4227 2639 4287 omnibus
2673 4228 3086 4308 ornamentis
3121 4230 3263 4288 suis
3297 4229 3362 4287 in
3396 4231 3700 4304 superio-

602 4330 663 4388 ri
693 4335 884 4406 parte
917 4330 1116 4407 hujus
1149 4333 1328 4407 globi
1361 4334 1801 4392 constitutum
1839 4336 1962 4393 est.
1997 4331 2079 4391 Et
2111 4332 2264 4407 quis
2297 4337 2402 4390 est
2436 4329 2653 4405 home,
2692 4331 2806 4406 qui
2839 4331 2976 4390 ullo
3009 4330 3162 4391 visu
3196 4331 3322 4391 hoc
3354 4338 3699 4392 transcen-

601 4432 759 4493 dere
790 4433 1042 4510 possit?
1072 4435 1381 4497 Latitudo
1415 4452 1681 4513 quoque
1713 4442 1935 4496 terrae
1969 4451 2121 4495 cum
2155 4435 2774 4495 circumfluentibus
2808 4435 3027 4512 aquis,
3063 4439 3130 4495 et
3165 4451 3317 4495 cum
3351 4435 3488 4495 illis
3523 4452 3696 4513 quae

603 4552 808 4612 supra
865 4538 1183 4614 abyssum
1231 4539 1473 4614 fluunt,
1532 4539 1727 4616 quasi
1778 4539 1844 4599 in
1891 4539 2109 4598 medio
2158 4539 2339 4615 globi
2387 4539 2587 4599 istius
2633 4544 2759 4613 est;
2798 4539 2916 4600 sed
2950 4555 3070 4599 nec
3104 4541 3282 4599 ullus
3316 4540 3513 4601 homo
3547 4557 3698 4601 eam

604 4640 1165 4717 comprehendere
1190 4648 1412 4720 potest
1434 4637 1504 4723 ⁸).
1533 4644 1837 4719 Abyssus
1864 4648 2088 4703 autem
2114 4658 2265 4703 cum
2291 4642 2601 4703 omnibus
2626 4642 3052 4703 mirabilibus
3078 4644 3221 4704 suis
3253 4644 3440 4704 velut
3473 4644 3539 4704 in
3571 4644 3700 4703 fine

606 4743 808 4822 hujus
844 4746 1024 4821 globi
1059 4753 1183 4810 est.
1209 4748 1287 4808 Et
1322 4749 1475 4824 quis
1508 4753 1614 4808 est
1645 4747 1842 4808 homo
1870 4747 1983 4824 qui
2018 4746 2102 4806 ad
2137 4746 2333 4806 finem
2365 4746 2512 4822 ejus
2544 4746 2915 4823 pertingat?
2937 4748 3142 4807 Nemo
3175 4754 3443 4823 praeter
3465 4746 3700 4824 Deum,

682 4937 725 5006 ¹)
751 4939 999 5013 Capituli
1027 4941 1277 4998 XXXIII
1305 4957 1575 4998 numerus
1602 4940 1696 4998 hic
1722 4947 1821 4997 aut
1842 4942 2010 5013 paulo
2041 4940 2124 4995 in·
2199 4941 2378 5003 lubet,
2417 4956 2561 5012 quae
2586 4941 2733 5013 apud
2753 4958 2855 4998 nos
2891 4942 3083 4998 eadem
3110 4941 3180 4998 de
3203 4956 3265 4997 re
3302 4941 3534 4999 disserit
3570 4933 3720 4999 Ori?

611 5023 698 5080 fra
721 5026 1073 5086 desideratur
1100 5030 1159 5085 in
1186 5029 1346 5086 codd.
1372 5061 1441 5070 —-
1459 5032 1504 5098 2)
1528 5033 1662 5086 sciri
1684 5029 1777 5085 W.
1805 5060 1873 5069 —
1892 5028 1936 5096 ³)
1962 5029 2115 5084 Eccl.
2197 5041 2363 5096 genes
2387 5030 2451 5083 in
2472 5027 2590 5090 Iob,
2629 5043 2750 5102 cap.
2787 5027 3118 5094 xxxvm,
3146 5032 3202 5093 5,
3235 5032 3273 5087 t.
3304 5027 3360 5084 11
3386 5029 3700 5087 Analeotor.

614 5118 666 5177 1.
705 5117 755 5171 2.
800 5147 866 5156 -
905 5115 948 5184 ⁴)
985 5134 1051 5174 ac
1086 5123 1239 5174 vento
1274 5123 1325 5174 et
1358 5133 1483 5174 aere
1517 5116 1586 5172 Α.
1631 5143 1698 5156 --
1734 5117 1777 5185 ⁵)
1804 5116 2029 5179 Recole,
2071 5114 2119 5171 si
2194 5134 2395 5175 sacror.
2427 5132 2481 5189 p.
2514 5118 2636 5173 383.
