4036 6117
1399 501 1822 547 EXPOSITIO
1871 502 2531 548 nvixxonmonmr.
3296 486 3419 547 321

406 626 624 688 colas?
659 627 881 687 Redde
929 630 1254 687 rationem
1289 627 1711 687 villicationis
1746 633 1924 698 tuae,
1980 627 2040 686 id
2078 629 2181 687 est
2215 633 2367 687 tuae
2401 627 2764 686 voluntatis
2803 626 2863 684 in
2900 643 3029 701 qua
3064 628 3311 686 malum
3345 642 3501 702 ope-

407 732 595 790 ratus
628 747 723 806 es;
749 729 892 805 jam
926 735 1106 792 enim
1140 751 1271 792 non
1299 737 1550 810 poteris
1583 736 1904 809 villicare,
1936 735 2197 794 scilicet
2224 734 2633 795 voluntatem
2672 740 2851 794 tuam
2893 736 2957 794 in
2994 736 3304 811 turpibus
3340 735 3502 795 acti·
3582 732 3593 742 '

404 838 529 898 bus
565 838 950 914 adimplere,
987 844 1062 899 ut
1095 841 1283 916 prius
1325 840 1566 900 fecisti.

493 948 602 1006 Ait
637 954 859 1007 autem
893 949 1185 1020 villicuS,
1221 949 1537 1009 videlicet
1570 948 1883 1007 voluntas
1913 948 2203 1006 hominis
2240 947 2411 1005 intra
2448 961 2542 1019 se,
2581 945 2738 1021 quia
2773 949 3040 1019 oportet
3076 949 3147 1002 ut
3173 959 3242 1001 se
3266 944 3402 1019 jam
3434 943 3500 1001 in

404 1047 608 1107 alium
643 1052 710 1108 et
758 1049 1102 1109 meliorem
1142 1050 1407 1109 modum
1446 1052 1674 1110 mutet.
1715 1051 1888 1124 Quid
1917 1054 2165 1129 faciam
2200 1051 2393 1110 modo
2432 1050 2496 1108 in
2541 1050 2692 1109 aliis
2726 1048 3065 1124 operibuS,
3103 1052 3260 1126 quia
3291 1050 3499 1108 domi-

401 1171 528 1211 nus
553 1172 763 1226 meus,
793 1153 899 1212 cui
930 1154 1185 1214 servire
1211 1155 1409 1215 debui
1436 1161 1505 1215 et
1530 1172 1659 1214 non
1689 1154 1837 1229 feci,
1860 1159 2083 1234 aufert
2113 1175 2151 1215 a
2175 1174 2279 1214 me
2306 1156 2782 1214 villicationem
2812 1154 2877 1213 in
2902 1154 3163 1213 cultura
3191 1155 3501 1230 concupi—

402 1257 807 1318 scentiarum
842 1260 1178 1320 mearum?
1196 1260 1446 1321 Fodere
1473 1279 1605 1321 non
1623 1262 1827 1337 valeo,
1853 1262 1914 1321 id
1943 1268 2049 1321 est
2075 1278 2283 1338 parva
2301 1263 2367 1320 et
2385 1261 2584 1321 etiam
2617 1260 2890 1320 minima
2915 1269 3272 1337 praecepta
3301 1276 3501 1339 quae-

405 1377 555 1421 rere
587 1368 655 1421 et
689 1364 988 1441 implere,
1026 1382 1179 1425 cum
1227 1368 1415 1443 prius
1451 1383 1689 1443 magna
1721 1384 1853 1428 non
1900 1368 2356 1441 observarem;
2405 1369 2788 1427 mendicare
2824 1367 3128 1428 erubesco
3150 1415 3166 1439 ‚
3219 1374 3290 1427 ut
3324 1369 3494 1428 alias

402 1464 551 1524 vias
598 1482 919 1541 quaeram
968 1485 1168 1545 quam
1225 1472 1416 1546 prius
1467 1471 1532 1530 in
1581 1471 2065 1531 consuetudine
2113 1487 2260 1531 mea
2319 1470 2657 1532 haberem.
2720 1473 2864 1534 Scio
2923 1473 2989 1532 in
3043 1474 3499 1533 rationalitate

403 1574 562 1650 quid
592 1577 858 1652 faciam,
896 1577 1053 1652 quia
1090 1578 1353 1638 initium
1390 1578 1828 1654 incoeptionis
1853 1578 2009 1638 boni
2039 1583 2177 1638 tarn
2210 1578 2403 1638 velox
2432 1580 2559 1638 iter
2589 1581 2653 1639 in
2688 1581 3140 1641 rationalitate
3169 1580 3390 1656 habet,
3427 1584 3500 1642 ut

398 1678 600 1736 etiam
651 1680 1109 1739 necessarium
1161 1681 1249 1739 sit
1299 1681 1472 1757 quod
1511 1679 1707 1740 homo
1760 1681 1826 1740 in
1859 1680 2291 1756 depressione
2339 1695 2410 1737 se
2445 1679 2810 1749 contineat,
2846 1684 2920 1738 ut
2951 1678 3158 1739 Paulo
3194 1682 3499 1755 apostolo

397 1785 704 1861 contigit,
754 1793 826 1847 ut
863 1805 1012 1847 cum
1063 1794 1319 1847 amotus
1353 1791 1545 1866 fuero
1594 1803 1712 1863 per
1744 1787 2043 1847 divinam
2081 1786 2587 1861 inspirationem
2620 1807 2658 1845 a
2692 1787 3126 1857 villicatione,
3166 1787 3424 1847 scilicet
3461 1806 3498 1847 a

402 1892 576 1950 mala
610 1892 1094 1954 consuetudine
1122 1909 1292 1967 mea,
1323 1896 1650 1970 recipiant
1679 1912 1784 1952 me
1811 1893 1964 1953 boni
2000 1897 2069 1951 et
2096 1891 2260 1967 justi
2301 1890 2600 1951 homines
2634 1896 2705 1951 in
2740 1895 2960 1952 domos
2995 1912 3170 1968 suas,
3202 1894 3266 1952 id
3292 1900 3397 1954 est
3434 1896 3498 1955 in

398 1987 806 2057 consortium
858 2011 1078 2071 suum,
1130 1996 1245 2072 qui
1291 1996 1499 2055 etiam
1549 1997 1737 2072 prius
1797 1997 2273 2072 peccaverunt,
2319 2002 2387 2055 et
2420 2003 2655 2072 postea
2689 1996 3163 2071 poenitentiam
3199 2007 3498 2074 egerunt.

491 2103 864 2163 Convocatis
890 2104 1114 2179 itaque
1147 2102 1212 2159 in
1241 2100 1693 2161 admonitione
1729 2100 1884 2160 boni
1909 2099 2173 2159 consilii
2203 2100 2483 2176 sinyulis
2517 2099 2911 2159 debitoribus
2946 2101 3198 2160 domini
3225 2105 3355 2174 sui,
3385 2104 3500 2180 qui

399 2208 491 2266 ita
523 2188 988 2283 peccaverant,
1026 2206 1203 2265 sicut
1250 2215 1317 2265 et
1367 2206 1508 2281 ipse
1546 2205 1609 2263 in
1661 2203 2200 2279 transgressione
2248 2207 2760 2278 praeceptorum
2793 2203 2934 2279 Dei,
2972 2203 3224 2265 dicebat
3252 2209 3495 2283 primo,

404 2313 661 2372 scilicet
709 2312 806 2371 illi
855 2312 971 2388 qui
1021 2311 1214 2372 fidem
1266 2327 1438 2388 quae
1490 2311 1990 2370 fundamentum
2028 2298 2355 2399 bonorum
2391 2324 2670 2384 operum
2704 2313 2830 2385 est,
2877 2311 3350 2389 abnegaverat,
3406 2316 3499 2375 ita

405 2421 580 2497 quod
612 2425 678 2482 et
726 2422 791 2480 in
823 2420 959 2481 Deo
994 2426 1413 2496 peccaverat,
1450 2436 1573 2479 nec
1605 2421 1981 2495 proximum
2016 2435 2212 2479 suum
2250 2417 2595 2480 dilexerat:
2636 2421 2972 2493 Quantum
3004 2421 3193 2480 debes
3236 2422 3499 2480 domino

404 2518 565 2602 meo,
596 2527 660 2587 in
686 2526 931 2603 quibus
958 2520 1251 2603 peccasti
1280 2530 1515 2585 contra
1540 2529 1894 2599 praecepta
1919 2523 2071 2583 Dei?
2097 2525 2176 2583 At
2206 2524 2322 2582 ille
2351 2523 2523 2581 dixit
2563 2522 2625 2581 in
2661 2524 3187 2598 compunctione:
3222 2525 3500 2584 Centum

404 2637 590 2697 cados
616 2637 769 2707 olei,
797 2635 954 2710 quia
983 2650 1187 2710 supra
1215 2626 1481 2693 modum
1509 2632 1810 2708 peccavi,
1848 2647 1996 2690 cum
2034 2631 2383 2689 Dominum
2419 2647 2550 2690 non
2586 2632 2785 2706 colui,
2816 2647 2936 2690 nec
2962 2632 3024 2691 ei
3056 2632 3355 2692 debitum
3387 2631 3494 2691 ho·

401 2758 628 2802 norem
663 2741 965 2812 exhibui,
994 2740 1167 2800 unde
1196 2741 1408 2813 cados,
1448 2739 1710 2798 scilicet
1743 2743 2103 2814 praecepta
2138 2738 2284 2811 olei,
2322 2736 2635 2797 videlicet
2671 2740 3172 2799 misericordiae
3199 2756 3329 2799 non
3354 2755 3504 2816 per-

405 2848 549 2909 feci.
588 2850 906 2927 Diaeitque
934 2848 1043 2908 illi
1073 2847 1426 2924 inspiratio
1462 2845 1708 2904 divina:
1738 2845 2000 2922 Accipe,
2033 2844 2295 2903 scilicet
2320 2844 2505 2903 disce
2542 2847 2917 2905 cautionem
2951 2851 3157 2919 tuam,
3192 2845 3505 2904 videlicet

399 2954 600 3013 aliam
637 2953 1184 3014 consuetudinem
1222 2954 1288 3012 in
1322 2951 1638 3027 operibus
1673 2951 1847 3023 tuis,
1898 2957 1959 3010 et
1998 2949 2227 3025 scribe,
2263 2950 2331 3010 id
2363 2956 2468 3010 est
2501 2952 2867 3028 comprime
2901 2953 3281 3027 voluptates
3315 2958 3497 3022 tuas,

404 3061 530 3119 cito
579 3063 647 3117 et
697 3056 1092 3117 festinanter
1140 3054 1362 3116 scribe
1409 3056 1916 3133 quinquaqinta,
1954 3054 2217 3116 scilicet
2249 3054 2446 3115 crede
2493 3055 2670 3132 quod
2721 3056 2787 3115 in
2842 3056 3135 3131 quinque
3185 3057 3497 3117 sensibus

406 3163 541 3222 tuis
572 3163 706 3222 Deo
733 3163 1059 3236 servienS,
1099 3160 1564 3220 remissionem
1596 3166 2027 3236 peccatorum
2063 3159 2371 3235 recipieS,
2407 3153 2451 3238 ¹)
2486 3175 2639 3218 cum
2672 3157 3061 3217 emendabis
3095 3160 3271 3235 quod
3309 3160 3498 3236 prius

411 3269 478 3328 in
510 3267 609 3327 eis
644 3267 962 3344 peccasti.
1335 3337 1342 3344 .

497 3377 748 3438 Deinde
784 3377 903 3437 alii
925 3372 976 3454 ²)
1005 3376 1176 3436 dixit
1209 3376 1275 3436 in
1301 3374 1772 3434 admonitione:
1810 3373 1905 3434 Tu
1931 3391 2083 3431 vero
2115 3374 2229 3450 qui
2257 3373 2513 3450 majora
2540 3371 2916 3448 corporalia
2944 3374 3219 3446 peccata
3255 3369 3497 3445 fecisti,

406 3490 732 3562 quantum
779 3482 965 3541 debes
1014 3482 1402 3558 persolvere
1426 3475 1476 3560 ³)
1527 3482 1803 3555 peccata
1855 3486 1969 3540 tua
2002 3480 2072 3539 in
2106 3480 2548 3557 poenitentia?
2585 3481 2711 3553 Qui
2753 3481 2846 3539 ait
2882 3478 3299 3556 poenitendo:
3340 3480 3503 3541 Cen-

417 3597 557 3649 tum
607 3606 782 3649 coros
817 3590 1048 3663 tritici,
1101 3587 1165 3646 id
1213 3591 1320 3649 est
1366 3587 1846 3665 plenitudinem
1894 3594 1962 3647 et
2010 3590 2539 3665 superfluitatem
2593 3590 2923 3649 malorum
2965 3606 3265 3666 operum,
3314 3589 3502 3651 velut

409 3693 854 3769 pessimorum
903 3692 1310 3751 circulorum
1345 3692 1410 3750 in
1445 3692 1670 3751 tritico
1704 3690 1930 3766 Legis,
1967 3707 2119 3751 cum
2172 3692 2236 3751 in
2269 3693 2668 3769 pinguedine
2704 3694 3008 3769 corporis
3044 3696 3503 3770 transgressor

410 3799 619 3876 ipsius
671 3797 886 3857 factus
923 3797 1038 3858 fui.
1091 3800 1199 3858 Ait
1248 3799 1356 3858 illi
1404 3797 1734 3857 voluntati
1781 3795 1957 3856 Deus
2005 3813 2126 3873 per
2177 3814 2537 3874 supernam
2585 3799 3115 3875 inspirationem:
3152 3802 3387 3878 Accipe
3436 3800 3501 3858 in

407 3905 578 3966 bono
610 3903 890 3964 consilio
941 3907 1198 3964 litteras
1233 3912 1403 3978 tuas,
1454 3903 1520 3962 id
1577 3908 1682 3961 est
1722 3918 1927 3979 opera
1961 3910 2076 3965 tua
2110 3921 2283 3981 quae
2321 3904 2562 3979 fecisti,
2600 3911 2662 3964 et
2699 3905 2902 3966 scribe
2938 3906 3285 3983 octoyinta,
3322 3903 3503 3962 vide-

409 4011 567 4070 licet
600 4009 795 4069 crede
845 4009 1020 4085 quod
1057 4010 1124 4069 in
1171 4014 1410 4068 octava
1443 4007 1857 4067 beatitudine
1908 4010 2318 4087 salvaberis,
2357 4012 2417 4069 si
2450 4010 2984 4085 persecutionem
3021 4017 3088 4070 et
3122 4010 3499 4071 tribulatio-

409 4133 558 4177 nem
592 4123 866 4193 propter
895 4116 1226 4193 justitiam
1265 4114 1762 4191 pati·volueris;
1801 4114 1958 4190 quia
1994 4115 2057 4174 in
2094 4121 2385 4192 quatuor
2415 4116 2763 4174 elementis
2797 4117 3116 4191 peccasti,
3157 4117 3221 4174 in
3256 4123 3497 4192 quarta

410 4222 644 4298 vigilia
681 4221 977 4297 requiret
1013 4223 1076 4280 te
1108 4219 1306 4294 DeuS,
1346 4234 1497 4279 cum
1532 4219 1598 4276 in
1633 4223 1870 4277 octava
1903 4218 2317 4279 beatitudine
2354 4219 2584 4292 salvus
2619 4220 2776 4279 eris,

497 4329 577 4388 Et
614 4326 904 4386 laudavit
955 4325 1262 4384 dominus
1297 4324 1596 4384 villicum
1622 4325 2021 4400 iniquitatis,
2051 4323 2210 4399 quia
2239 4323 2742 4382 conversionem
2780 4321 2928 4398 ejus
2961 4324 3219 4398 angelis
3252 4330 3319 4383 et
3353 4341 3502 4384 san-

411 4430 540 4490 ctis
589 4431 938 4490 animabus
987 4431 1302 4504 ostendit,
1340 4445 1489 4489 cum
1528 4430 1669 4506 ipse
1719 4445 1758 4488 a
1790 4445 1998 4505 prava
2048 4428 2526 4488 consuetudine
2570 4444 2691 4488 sua
2741 4445 2814 4487 se
2849 4428 3213 4504 abstinuit,
3269 4431 3335 4490 in
3367 4448 3499 4508 qua

415 4537 600 4609 prius
635 4534 904 4594 villicus
941 4535 1341 4610 iniquitatiS,
1379 4549 1530 4595 curn
1569 4533 1632 4592 in
1669 4533 1960 4608 peccatis
1994 4532 2478 4605 delectabatur,
2516 4538 2681 4590 erat.

492 4737 534 4803 ¹)
571 4739 834 4808 recipiens
870 4734 990 4790 cod.
1035 4767 1100 4775 ---
1123 4737 1171 4799 2)
1196 4736 1312 4792 alio
1354 4735 1427 4791 id.
1472 4736 1686 4792 lterum
1726 4740 1791 4791 ut
1829 4752 1917 4791 su·
2006 4732 2118 4789 nisi
2138 4735 2253 4805 jam
2286 4733 2504 4804 loquela
2530 4733 2810 4788 recentior
2836 4733 3136 4788 inoleverit
3159 4750 3311 4791 more
3339 4737 3495 4804 galli·

419 4839 536 4897 pra:
570 4852 635 4863 ---
659 4820 704 4888 ⁸)
724 4821 1027 4894 persolvere
1062 4836 1175 4876 uno
1203 4822 1372 4876 verbo
1411 4822 1469 4875 in
1496 4823 1615 4878 cod.
1647 4828 1704 4878 et
1743 4826 1914 4886 recte,
2007 4839 2090 4879 co:
2115 4841 2261 4897 pour
2287 4841 2472 4895 poyer.

610 5256 958 5317 ANALECT.
1012 5258 1079 5316 T.
1134 5257 1293 5318 VIII.
1346 5258 1422 5316 21
