4036 6117
679 523 809 583 320
1835 541 1888 583 S.
1939 537 2494 586 HILDEGARDIS

699 661 783 720 Et
832 658 1125 719 laudavit
1159 660 1464 718 dominus
1513 658 1811 719 villicum
1847 660 2250 736 iniquitati&
2304 658 2563 717 scilicet
2612 657 2677 716 in
2727 655 2852 717 hoc
2900 656 3200 716 laudavit
3246 654 3480 731 Adam,
3530 648 3725 732 quod

606 767 1005 844 quandoque
1039 766 1121 826 ad
1155 764 1473 825 coelestia
1508 780 1580 823 se
1614 766 1963 823 erecturus
2012 771 2215 839 esset,
2254 765 2413 841 quia
2460 765 2825 840 praescivit
2858 763 3034 839 quod
3086 762 3260 822 idem
3296 764 3716 836 intellectus,

606 872 722 948 qui
753 871 963 932 Adam
1012 870 1095 930 ad
1129 869 1256 928 hoc
1305 875 1377 928 ut
1413 884 1485 928 se
1537 867 1616 927 ad
1654 875 1928 943 peccata
1976 869 2345 929 declinaret
2376 871 2715 946 perduxit,
2770 870 3008 929 iterum
3047 884 3198 928 eum
3231 870 3313 928 ad
3347 870 3715 929 Dominum

606 975 1139 1052 cognoscendum
1191 972 1589 1032 reducturus
1627 971 1817 1032 foret.
1868 972 2185 1043 Quamvis
2222 966 2379 1031 tunc
2430 974 2694 1031 villicus
2733 973 3106 1047 iniquitatis
3156 981 3360 1047 esset,
3402 973 3493 1032 ita
3527 972 3721 1031 scili-

605 1083 712 1141 001
760 1079 917 1155 quia
965 1077 1155 1154 prius
1203 1075 1270 1135 in
1319 1075 1641 1135 Paradiso
1677 1075 1970 1149 villicae,
2026 1076 2090 1134 in
2125 1076 2501 1136 innocentia
2529 1075 2834 1151 justitiae
2873 1076 3017 1151 fuit3
3056 1094 3207 1136 cum
3258 1084 3480 1135 autern
3512 1093 3718 1151 prae-

603 1191 871 1262 ceptum
919 1182 1038 1241 Dei
1087 1187 1556 1257 transgressus
1606 1188 1732 1257 est,
1791 1181 2008 1242 factus
2059 1186 2163 1243 est
2211 1184 2480 1242 villicus
2538 1184 2796 1257 peccati
2845 1185 2911 1242 in
2960 1186 3335 1260 iniquitate,
3388 1185 3716 1261 quoniam

603 1298 1036 1369 praeceptum
1083 1289 1200 1348 Dei
1233 1288 1544 1364 neglexit.
1580 1286 1906 1347 Laudavit
1942 1303 2121 1361 eum,
2161 1288 2318 1363 quia
2353 1288 2716 1363 prudenter
2751 1287 3055 1363 fecisset,
3094 1291 3409 1366 quoniam
3442 1306 3592 1349 cum
3628 1304 3711 1348 se

602 1415 644 1459 a
677 1400 824 1459 luce
872 1412 991 1472 per
1022 1394 1542 1455 inobedientiam
1592 1392 1992 1466 avertisset,
2034 1393 2210 1468 quod
2261 1410 2331 1453 se
2368 1400 2524 1452 tunc
2558 1394 2712 1453 aliis
2748 1396 3079 1454 creaturis
3118 1396 3181 1454 in
3217 1396 3535 1470 tenebriS,
3574 1395 3712 1453 sci-

603 1503 761 1563 licet
809 1502 875 1560 in
910 1499 1178 1574 mundo,
1215 1500 1464 1559 nullam
1501 1499 1701 1557 aliam
1741 1499 2269 1557 consolationem
2306 1499 2581 1574 habens,
2621 1500 2939 1575 adJunxit.
2981 1504 3149 1575 Quia
3179 1503 3301 1581 filii
3335 1500 3530 1576 hzv'us
3566 1521 3712 1560 sae-

603 1606 759 1681 culi,
799 1605 1060 1664 scilicet
1093 1602 1422 1677 homineS,
1455 1602 1928 1679 prudentiores
1963 1604 2119 1681 filiis
2166 1603 2333 1662 lucis
2367 1607 2438 1662 in
2471 1607 2894 1680 qeneratione
2929 1624 3050 1665 sua
3083 1616 3264 1677 sunt,
3299 1608 3459 1682 quia
3492 1607 3707 1667 Adam.

601 1726 752 1770 cum
802 1709 1120 1786 gaudium
1166 1706 1492 1784 perdidit,
1558 1706 1924 1782 prudenter
1974 1707 2290 1767 lacrimas
2342 1700 2907 1784 peregrinationis
2960 1711 3089 1770 sibi
3140 1712 3465 1786 adtraxit,
3518 1718 3587 1771 et
3617 1712 3705 1770 de

599 1819 918 1879 Paradiso
968 1817 1312 1894 expulsuS,
1352 1831 1425 1874 se
1474 1816 1624 1874 aliis
1661 1815 1990 1875 creaturis
2043 1815 2108 1875 in
2145 1818 2547 1876 necessitate
2600 1817 2964 1893 prudenter
2999 1819 3217 1878 etiam
3267 1819 3585 1896 adjunxit.
3619 1819 3706 1879 Et

600 1941 723 2001 pro
756 1924 884 1984 hoc
934 1922 1234 1982 homines
1271 1920 1741 1996 prudentiores
1776 1920 1935 1980 filiis
1973 1920 2168 1995 luciS,
2207 1921 2467 1981 scilicet
2502 1922 2782 1997 perditis
2817 1924 3097 1999 angeliS,
3130 1924 3243 2001 qui
3280 1926 3345 1983 in
3385 1925 3533 1984 luce
3568 1925 3705 1984 cla-

603 2030 825 2091 ritatis
874 2035 941 2088 et
973 2025 1280 2087 veritatis
1331 2026 1538 2084 creati
1576 2032 1758 2096 sunt,
1812 2030 2166 2101 apparent,
2208 2028 2366 2101 quia
2400 2044 2549 2086 cum
2589 2020 2687 2087 illi
2735 2029 3095 2087 coelestem
3130 2030 3413 2104 gloriam
3464 2029 3699 2104 perde-

601 2142 772 2210 rent,
826 2149 896 2193 se
929 2131 1012 2191 ad
1063 2130 1350 2206 gratiam
1383 2128 1500 2187 Dei
1552 2129 2022 2205 requirendam
2058 2130 2124 2188 in
2172 2130 2356 2190 nulla
2393 2131 2712 2192 felicitate
2763 2133 3228 2209 adjunxerunt,
3264 2150 3385 2193 nec
3421 2134 3697 2194 inclina-

596 2242 859 2314 verunt,
912 2236 1027 2297 sed
1064 2235 1156 2295 ita
1189 2234 1501 2294 obdurati
1553 2234 1618 2292 in
1652 2233 1947 2291 tenebris
1983 2234 2603 2309 inextinguibilibus
2640 2236 3052 2296 infelicitatis
3088 2245 3574 2299 remanserunt.
3611 2239 3691 2299 Et

600 2349 726 2408 hoc
760 2345 954 2407 modo
1006 2343 1311 2403 homines
1345 2342 1811 2417 prudentiores
1848 2341 1982 2400 illis
2033 2342 2100 2400 in
2133 2343 2560 2416 generatione
2595 2359 2718 2402 sua
2752 2351 2941 2417 sunt,
2982 2344 3044 2403 id
3078 2352 3183 2404 est
3220 2346 3284 2405 in
3317 2344 3474 2406 filiis
3525 2346 3690 2420 suiS,

597 2455 713 2530 qui
748 2454 815 2512 in
862 2450 990 2510 hoc
1038 2448 1308 2507 saeculo
1357 2448 1676 2521 generant
1707 2451 1776 2505 et
1823 2451 2250 2520 generantur,
2287 2461 2440 2504 cum
2473 2447 2676 2506 etiam
2710 2452 2777 2505 et
2811 2446 2920 2506 hic
2953 2447 3118 2507 bene
3152 2454 3219 2508 et
3253 2450 3426 2508 male
3461 2465 3693 2525 opera-

599 2560 658 2619 ri
691 2560 995 2634 possunt.

688 2663 771 2723 Et
806 2680 944 2738 eqo,
1011 2658 1272 2719 scilicet
1319 2657 1653 2732 ChristuS,
1718 2657 1886 2717 vobis
1937 2656 2318 2717 hominibus
2382 2660 2549 2720 dico:
2601 2659 2824 2720 Facite
2890 2660 3058 2720 vobis
3106 2665 3368 2739 amicos,
3421 2666 3692 2739 angelos

598 2768 812 2827 bonos
859 2771 927 2824 et
974 2764 1303 2839 homineS,
1343 2767 1407 2824 in
1438 2765 1702 2841 justitia
1749 2768 1816 2826 et
1877 2767 2186 2838 veritate,
2239 2768 2334 2825 ita
2380 2772 2452 2826 ut
2496 2785 2601 2826 vos
2652 2768 2717 2826 in
2780 2768 2973 2828 bonis
3021 2770 3337 2846 operibus
3386 2771 3689 2847 diligant,

595 2877 665 2935 et
712 2873 838 2932 hoc
885 2872 964 2932 de
1006 2890 1384 2932 mammona
1430 2874 1835 2950 iniquitati&
1889 2873 2150 2932 scilicet
2198 2873 2278 2932 de
2328 2889 2527 2948 opere
2574 2875 2930 2950 pravitatis
2978 2881 3045 2935 et
3092 2877 3374 2952 peccati,
3410 2884 3497 2936 ut
3545 2896 3695 2937 cum

597 2977 1002 3054 defeceritis,
1052 2974 1367 3034 videlicet
1414 2992 1565 3035 cum
1600 2977 1984 3052 corporales
2017 2978 2200 3037 vires
2234 2978 2328 3037 ita
2365 2979 2430 3037 in
2462 2979 2656 3037 vobis
2691 2978 3083 3050 defecerint,
3129 2985 3205 3040 ut
3237 2982 3318 3040 de
3351 2981 3477 3040 hoc
3510 2998 3696 3041 mun-

600 3084 684 3145 do
721 3083 1012 3143 transire
1061 3082 1386 3157 debeatis,
1428 3086 1756 3161 recipiant
1804 3102 1910 3143 vos
1946 3099 2099 3143 cum
2147 3081 2319 3144 bono
2355 3101 2622 3145 rumore
2656 3091 2723 3144 et
2760 3087 2953 3146 laude
2988 3090 3547 3150 remunerationis
3583 3107 3696 3150 an-

597 3194 663 3249 te
694 3187 937 3270 Deum,
989 3201 1161 3263 quos
1196 3186 1262 3245 in
1310 3187 1435 3246 hoc
1470 3189 1738 3248 saeculo
1787 3188 1868 3247 de
1905 3190 2293 3249 infidelitate
2342 3189 2424 3248 ad
2462 3190 2658 3249 fidem
2707 3197 2774 3251 et
2815 3191 2895 3250 de
2928 3200 3203 3267 peccato
3239 3194 3321 3253 ad
3349 3194 3687 3270 justitiam

595 3291 997 3367 adduxistiS,
1048 3297 1116 3351 et
1163 3289 1289 3350 hoc
1335 3294 1408 3350 in
1442 3298 1720 3352 aeterna
1766 3292 2214 3369 tabernacula,
2251 3295 2509 3354 scilicet
2558 3298 2630 3355 ut
2664 3296 2792 3371 ipsi
2842 3313 2994 3355 cum
3046 3315 3333 3374 superna
3384 3299 3690 3359 mercede

592 3396 789 3457 vobis
822 3398 1197 3470 occurrant,
1228 3402 1295 3456 et
1327 3414 1448 3458 vos
1476 3399 1804 3476 recipiant
1839 3400 1904 3458 in
1937 3401 2300 3460 coelestem
2333 3407 2401 3460 et
2432 3402 2501 3461 in
2535 3403 3021 3462 indeficientem
3047 3406 3359 3481 patriam,
3392 3422 3591 3482 quam
3623 3408 3690 3467 in

598 3501 806 3561 Adam
839 3501 1250 3578 perdidistis,

2102 3749 2176 3809 11.

1836 3978 2004 4037 Item
2053 3979 2185 4039 alio
2231 3980 2438 4040 modo.

681 4225 885 4285 Homo
930 4222 1224 4300 quidam,
1278 4219 1539 4282 scilicet
1589 4220 1703 4280 ille
1737 4221 1848 4297 qui
1902 4220 2235 4281 hominem
2288 4223 2370 4282 ad
2422 4223 2780 4300 imaginem
2827 4230 2896 4284 et
2944 4224 3452 4285 similitudinem
3493 4241 3689 4285 suam

593 4330 774 4404 fecit,
809 4333 953 4388 erat
1003 4329 1202 4401 dives,
1245 4327 1312 4387 in
1360 4327 1545 4387 coelo
1580 4332 1646 4386 et
1698 4328 1763 4386 in
1808 4328 2009 4400 terra,
2047 4327 2299 4386 nullam
2338 4327 2766 4403 indigentiam
2805 4327 3082 4402 habenS,
3121 4332 3236 4407 qui
3269 4329 3533 4390 habebat
3566 4332 3689 4390 vil-

592 4437 816 4507 licum,
853 4432 1112 4492 scilicet
1145 4433 1558 4493 voluntatem
1593 4430 1880 4491 hominis
1916 4432 2041 4490 sub
2076 4432 2406 4505 potestate
2435 4449 2578 4507 sua;
2610 4448 2781 4508 quae
2815 4434 3126 4492 voluntas
3161 4433 3495 4494 hominem
3530 4436 3688 4495 edu-

589 4541 684 4600 cit
713 4543 782 4599 et
816 4537 1089 4611 inducit,
1122 4538 1309 4613 juxta
1343 4538 1407 4596 id
1441 4536 1614 4613 quod
1651 4536 1777 4596 sibi
1811 4537 2052 4611 placet.
2088 4536 2171 4595 Et
2203 4539 2305 4597 hic
2339 4537 2716 4615 diffamatus
2752 4542 2848 4596 est
2882 4539 3061 4614 apud
3092 4538 3312 4611 illum,
3350 4539 3507 4614 quia
3542 4556 3681 4600 ma-

592 4644 697 4703 lus
724 4659 952 4702 rumor
987 4643 1069 4703 ab
1105 4644 1217 4703 illa
1251 4643 1458 4702 exivit
1482 4648 1618 4702 tam
1652 4641 1826 4717 apud
1856 4641 2159 4701 homines
2194 4657 2394 4717 quam
2429 4642 2603 4717 apud
2628 4642 2859 4717 Deum,
2890 4659 3042 4704 cum
3071 4643 3183 4702 illa
3219 4660 3291 4712 se
3318 4644 3399 4704 ad
3434 4646 3685 4707 malum
3720 4719 3731 4734 θ

595 4749 979 4821 declinavit,
1018 4750 1204 4826 quasi
1238 4750 1618 4827 dissipasset
1652 4747 1816 4807 bona
1840 4747 2052 4822 illius,
2082 4747 2172 4806 ita
2200 4752 2274 4805 ut
2303 4746 2494 4822 parvi
2528 4746 2870 4821 pendisset
2894 4750 3250 4824 praecepta
3285 4748 3348 4808 in
3382 4749 3688 4827 volupta-

588 4856 654 4915 te
685 4853 886 4913 hu'us
921 4853 1190 4913 saeculi.

680 4872 1059 5019 EtJvocavit
1119 4959 1354 5033 illum,
1415 4957 1675 5016 scilicet
1732 4957 2146 5016 voluntatem
2202 4953 2490 5013 hominis
2556 4954 2620 5013 in
2674 4953 3006 5032 baptismo
3062 4961 3130 5015 et
3188 4956 3252 5016 in
3309 4959 3683 5033 praeceptis

587 5064 952 5140 Evangelii.
1003 5063 1084 5122 Et
1120 5064 1212 5123 ait
1262 5062 1369 5121 illi
1404 5062 1469 5121 in
1503 5061 1955 5121 admonitione
1989 5058 2278 5133 Spiritus
2312 5058 2555 5119 Sancti:
2596 5059 2768 5132 Quid
2815 5061 2929 5120 hoc
2961 5060 3158 5119 audio
3206 5060 3284 5118 de
3319 5063 3418 5121 te?
3451 5060 3516 5119 id
3551 5067 3679 5135 est,

586 5184 793 5244 quare
841 5168 1041 5243 erigit
1077 5184 1149 5227 se
1200 5168 1416 5227 malus
1453 5181 1679 5226 rumor
1726 5165 1806 5224 de
1846 5170 1929 5238 te,
1970 5163 2061 5222 ita
2111 5169 2183 5222 ut
2217 5165 2463 5223 malum
2513 5169 2580 5223 et
2613 5164 2981 5239 nequitiam
3018 5164 3167 5237 plus
3202 5181 3399 5241 quam
3436 5165 3684 5225 bonum
