4036 6117
716 500 843 560 120
1871 510 1920 554 3.
1984 506 2523 557 31333333313

647 640 717 696 13
751 640 1034 710 utroque
1070 632 1348 693 humero
1383 631 1531 707 ejus
1566 633 1672 690 ala
1706 631 1951 692 similis
1985 635 2131 693 alae
2166 634 2670 710 vespertilionis
2705 635 2832 708 est,
2877 634 3194 710 quoniam
3229 636 3296 693 et
3327 630 3396 693 in
3429 631 3741 692 coelesti-

642 740 769 798 bus
801 741 868 797 et
902 739 970 796 in
1002 735 1312 809 13113313,
1350 735 1536 794 velut
1570 735 1983 809 imperialem
2016 735 2471 795 defensionem
2508 736 2637 795 sibi
2676 736 3006 795 fallaciter
3053 738 3266 811 parat:
3321 736 3434 795 ubi
3470 751 3602 795 non
3636 749 3740 792 re-

645 845 827 900 ctum
861 840 1166 900 volatum
1187 837 1513 913 justitiae,
1553 836 1669 896 sed
1703 837 2173 912 deceptibilem
2207 854 2285 897 ac
2320 842 2711 898 nocturnam
2747 839 3055 898 fiduciam
3094 838 3226 898 sibi
3250 839 3615 913 conJungit3
3649 838 3744 898 ita

643 948 824 1024 quod
858 947 1089 1006 dextra
1121 939 1167 1022 ¹)
1204 944 1314 1003 ala
1347 946 1578 1002 contra
1611 942 1972 1016 Orientem,
2013 944 2287 1002 sinistra
2337 960 2496 1003 vero
2532 944 2611 1003 ad
2649 944 3072 1004 Occidentem
3115 933 3433 1017 tenditur,
3485 943 3645 1019 quia
3679 942 3747 1001 in

641 1051 1048 1111 coelestibus
1081 1048 1216 1109 Deo
1252 1063 1324 1108 33
1356 1047 1652 1124 opponit,
1707 1048 1771 1106 in
1820 1049 2107 1107 terrenis
2156 1064 2317 1107 vero
2369 1049 2450 1107 ad
2483 1048 2832 1108 Diabolum
2870 1051 3100 1108 currit.
3152 1049 3228 1108 Et
3262 1051 3499 1124 pectus
3540 1048 3743 1107 virile

644 1158 867 1228 habet,
907 1154 1219 1230 quoniam
1269 1154 1601 1212 tumorem
1647 1166 1861 1210 vanae
1908 1152 2390 1227 magnitudinis
2444 1154 2507 1211 in
2555 1153 2757 1212 corde
2793 1168 2914 1212 suo
2952 1168 3217 1227 semper
3250 1152 3444 1226 gerit.
3496 1152 3568 1210 In
3601 1166 3739 1226 quo

643 1277 844 1320 crura
875 1261 942 1319 et
974 1258 1177 1333 pedes
1210 1258 1286 1316 ut
1317 1271 1516 1315 crura
1549 1261 1617 1315 et
1649 1254 1853 1330 pedcs
1889 1256 2189 1316 locustae
2225 1258 2402 1330 sunt,
2439 1258 2597 1331 quia
2634 1258 2699 1316 in
2732 1257 2961 1316 eodem
3000 1259 3261 1316 tumore
3305 1256 3743 1315 sustentatio·-

640 1381 789 1425 nem
828 1364 1141 1422 itinerum
1176 1376 1476 1433 suorum,
1528 1375 1678 1419 cum
1730 1377 1901 1418 vana
1948 1361 2163 1435 gloria
2214 1361 2430 1420 inanis
2480 1377 2558 1420 ac
2596 1361 2930 1421 instabilis
2964 1361 3271 1436 exempli,
3319 1361 3743 1419 demonstrat

648 1473 716 1530 et
749 1470 994 1539 movet;
1032 1467 1122 1524 ita
1157 1464 1333 1541 quod
1367 1466 1599 1522 ventre
1631 1466 1697 1523 et
1730 1463 1932 1523 dorso
1969 1468 2177 1538 caret,
2214 1466 2530 1541 quoniam
2563 1466 2768 1525 nullis
2804 1482 3056 1541 pascua
3094 1466 3408 1525 utilitatis
3440 1465 3742 1541 praebet,

639 1592 760 1635 nec
793 1574 913 1632 ulli
951 1570 1409 1632 fortitudinem
1443 1570 1648 1628 ullius
1683 1570 2126 1629 sustentaculi
2163 1571 2423 1645 tribuit,
2462 1586 2611 1631 cum
2649 1588 2780 1647 qua
2818 1573 2882 1630 in
2916 1571 3089 1631 hono
3116 1585 3555 1647 perseverare
3584 1586 3742 1646 pos-

637 1682 747 1740 sit.
785 1676 966 1749 Quod
1018 1678 1240 1735 autem
1290 1675 1490 1749 caput
1537 1676 1602 1732 et
1651 1674 1982 1748 reliquum
2034 1690 2277 1749 corpus
2310 1674 2457 1750 ejus
2489 1690 2613 1734 nec
2646 1675 2967 1749 crinibuS,
3003 1692 3125 1735 nec
3158 1677 3296 1736 ullo
3342 1675 3734 1736 indumento

639 1787 980 1845 obtectum
1014 1781 1226 1852 vides,
1264 1778 1390 1838 hoc
1424 1782 1526 1838 est
1560 1780 1734 1855 quod
1769 1779 2086 1854 superbia
2122 1780 2187 1837 in
2220 1782 2439 1839 mente
2472 1783 2540 1839 et
2574 1781 2639 1838 in
2673 1781 2989 1855 operibus
3040 1781 3206 1854 3313,
3259 1780 3514 1856 absque
3548 1779 3739 1838 crine

638 1888 1032 1965 prudentiae
1065 1890 1131 1942 et
1163 1884 1418 1960 absque
1454 1884 1855 1941 vestimento
1893 1883 2134 1941 salutis
2170 1884 2374 1943 stulta
2410 1886 2476 1943 et
2511 1883 2708 1958 nuda,
2746 1886 2821 1944 ut
2856 1885 2975 1944 tibi
3010 1884 3409 1958 ostenditur,
3459 1885 3734 1958 incedit;

639 1987 769 2050 nisi
806 1989 981 2066 quod
1017 1990 1153 2047 tota
1186 1986 1510 2062 praefatis
1545 1985 1840 2045 tenebris
1878 1986 2076 2044 infixa
2108 1988 2235 2058 est,
2274 1987 2431 2061 quia
2468 1987 2778 2046 omnibus
2813 1987 3029 2046 modis
3065 1988 3131 2046 in
3157 1987 3602 2062 perversitate
3640 1988 3742 2046 in-

642 2097 982 2158 fidelitatis
1011 2096 1212 2171 jacet,
1248 2094 1521 2167 excepto
1557 2090 1736 2167 quod
1772 2091 1956 2150 velut
2005 2092 2481 2151 tenuissimum
2530 2092 2737 2166 filum,
2790 2094 2984 2168 quasi
3036 2108 3282 2152 aureus
3332 2093 3651 2164 31133133,
3700 2109 3741 2151 3

640 2201 892 2259 vertice
943 2197 1068 2257 sub
1117 2200 1413 2254 mentum
1461 2195 1606 2269 ejus
1644 2195 1709 2252 in
1744 2194 2097 2269 superficie
2132 2195 2489 2270 utriusque
2524 2196 2833 2254 maxillae
2868 2195 3185 2270 tenditur,
3222 2195 3539 2271 quoniam
3589 2196 3741 2270 ipsa

633 2305 891 2362 nullum
929 2302 1248 2360 honorem
1286 2317 1406 2358 nec
1440 2300 1644 2358 ullam
1679 2298 2131 2373 dilectionem,
2168 2299 2282 2358 sed
2321 2303 2776 2376 contemptum
2812 2302 2908 2360 illi
2944 2302 3235 2376 exhibet,
3288 2317 3486 2378 quem
3518 2300 3736 2361 Deum

636 2407 862 2464 omnia
897 2402 1568 2478 comprehendentem
1601 2404 1808 2475 novit,
1847 2406 1913 2463 et
1947 2403 2073 2462 hoc
2108 2403 2190 2463 ab
2226 2404 2414 2463 initio
2451 2405 2877 2464 extollentiae
2928 2421 3091 2464 suae
3139 2421 3356 2482 usque
3392 2405 3472 2464 ad
3510 2405 3739 2465 stulti-

635 2510 800 2568 tiam
836 2509 1017 2566 illam
1052 2507 1371 2580 exterius,
1412 2507 1608 2582 quasi
1644 2506 1997 2582 superficie
2033 2509 2250 2581 tenuS,
2289 2507 2622 2583 produxit3
2676 2508 2791 2567 ubi
2829 2508 3192 2569 frendendo
3240 2511 3308 2568 et
3341 2509 3733 2584 mordend0‚

638 2630 711 2672 se
745 2613 878 2672 Deo
914 2613 1245 2688 opposuit,
1284 2612 1392 2670 cui
1426 2611 1814 2685 praevalere
1849 2628 1980 2670 non
2012 2613 2250 2686 potuit.
2288 2611 2413 2671 Sed
2449 2613 2625 2672 sicut
2662 2618 2818 2672 tunc
2852 2616 3193 2690 prostrata
3227 2613 3517 2689 turpiter
3563 2615 3740 2673 ceci-

645 2719 768 2792 dit,
800 2719 892 2777 ita
918 2717 1119 2776 etiam
1147 2718 1213 2775 et
1238 2730 1433 2788 nunc,
1464 2717 1713 2790 quanto
1741 2715 1943 2774 altius
1975 2715 2041 2772 in
2064 2715 2401 2774 mentibus
2428 2722 2496 2776 et
2530 2717 2596 2775 in
2630 2717 2895 2776 actibus
2930 2719 3291 2777 stultorum
3317 2718 3660 2777 hominum
3684 2715 3739 2794 ²)

637 2821 879 2895 surgit,
918 2822 1101 2879 tanto
1138 2817 1535 2894 profundius
1568 2833 1685 2876 eos
1721 2819 1786 2876 in
1824 2819 1954 2876 ima
1990 2834 2221 2877 secum
2253 2819 2569 2892 detrahit,
2605 2821 2672 2878 et
2705 2825 2929 2878 tamen
2961 2820 3217 2879 nullum
3265 2819 3550 2879 similem
3602 2820 3740 2879 sibi

638 2936 792 2980 3333
826 2921 992 2994 vult,
1030 2923 1104 2980 ut
1135 2920 1337 2978 etiam
1374 2919 1693 2994 superius
1727 2919 2164 2980 demonstrat.
2219 2921 2340 2979 Cui
2392 2919 2737 2981 humilitas
2774 2923 3063 2997 resistit,
3114 2925 3180 2981 et
3214 2928 3287 2981 ut
3323 2923 3627 2981 homines
3665 2924 3744 2981 il-

635 3026 769 3086 lam
805 3024 1230 3099 abhorreant,
1269 3023 1682 3083 exhortatur.

2065 3234 2301 3293 XXXV.

1972 3442 2064 3501 De
2120 3442 2395 3500 Invidia.

727 3654 832 3712 43.
869 3648 1168 3711 Secunda
1219 3653 1441 3711 autem
1494 3651 1711 3725 imago
1765 3650 2084 3709 invidiam
2134 3651 2503 3725 significat,
2557 3665 2728 3727 quae
2779 3649 3165 3726 superbiam
3215 3649 3323 3710 hic
3370 3649 3738 3710 comitatur

636 3761 796 3835 quia
823 3774 991 3833 opus
1027 3757 1209 3817 illius
1235 3761 1302 3815 et
1336 3755 1714 3815 incendium
1740 3758 2037 3815 omnium
2071 3757 2401 3816 malorum
2427 3763 2553 3830 est,
2584 3758 2902 3832 quoniam
2929 3772 3135 3832 quum
3164 3755 3468 3817 homines
3494 3772 3729 3833 super-

638 3865 850 3938 biunt,
887 3862 1217 3938 profectui
1253 3861 1537 3920 aliorum
1578 3858 1893 3934 invident,
1930 3877 2051 3936 per
2083 3860 2259 3937 quod
2310 3862 2513 3920 etiam
2563 3876 2758 3919 omne
2792 3862 3041 3919 malum
3075 3861 3386 3920 excitant.
3436 3861 3517 3920 Et
3561 3859 3739 3919 hanc

631 3969 1131 4027 monstruosam
1169 3964 1450 4024 formam
1489 3964 1841 4024 habentem
1875 3966 2105 4040 videS,
2157 3967 2316 4041 quia
2364 3982 2484 4042 per
2533 3966 2853 4025 invidiam
2885 3966 3206 4026 Diabolus
3254 3966 3476 4026 omnia
3524 3980 3730 4041 opera

633 4087 755 4129 sua
790 4085 960 4146 quae
997 4071 1335 4144 operatur,
1372 4068 1654 4144 perficit;
1694 4068 1805 4126 ubi
1845 4067 2097 4126 invidet
2132 4068 2384 4127 homini
2420 4084 2779 4145 supernam
2814 4067 3320 4142 beatitudinem,
3358 4069 3432 4127 ut
3465 4067 3589 4127 tibi
3621 4067 3736 4126 de-

640 4177 1037 4247 montratur,
1078 4172 1380 4248 adipisci.
1420 4171 1623 4247 Cujus
1673 4174 1873 4247 caput
1920 4174 1986 4231 et
2022 4172 2337 4248 scapulae
2371 4187 2449 4231 ac
2484 4171 2759 4231 brachia
2809 4171 3061 4232 homini
3098 4171 3514 4247 aliquantum
3563 4172 3735 4229 assi-

631 4279 972 4350 milantur,
1009 4277 1308 4352 exceptis
1343 4276 1675 4351 manibus,
1712 4292 1883 4352 quae
1918 4278 1991 4335 ut
2027 4291 2263 4335 manus
2298 4276 2440 4335 ursi
2477 4280 2654 4348 sunt,
2692 4274 3032 4351 quoniam,
3080 4274 3394 4349 quamvis
3430 4273 3626 4334 homo
3666 4274 3731 4332 in

631 4385 850 4439 mente
886 4396 1030 4452 sua,
1066 4380 1252 4438 velut
1287 4380 1353 4438 in
1386 4379 1604 4456 capite
1636 4395 1782 4453 333,
1817 4379 2027 4437 Ι)3313
2078 4379 2271 4453 sciat,
2325 4380 2669 4438 multoties
2705 4381 2924 4437 tamen
2959 4393 3093 4436 non
3127 4377 3493 4436 secundum
3537 4392 3732 4453 prae-

625 4489 823 4559 cepta
855 4483 994 4556 Dei,
1033 4484 1150 4540 sed
1188 4483 1551 4541 secundum
1587 4484 1763 4558 quod
1796 4484 2047 4543 invidia
2075 4484 2205 4543 sibi
2235 4482 2504 4556 indicat,
2546 4482 2879 4542 hominem
2918 4482 2985 4540 in
3011 4481 3286 4556 judiciis
3313 4482 3457 4540 suis
3489 4480 3733 4557 dijudi-

631 4593 760 4647 cat.
795 4587 916 4646 Ubi
944 4587 1148 4646 etiam
1184 4586 1249 4644 in
1275 4585 1572 4661 scapulis
1607 4586 1889 4646 fiduciae
1913 4593 1980 4646 et
2012 4587 2369 4663 potestatis
2399 4601 2584 4660 suae,
2617 4587 3036 4661 iniquitatem
3069 4600 3190 4660 pro
3221 4584 3488 4660 justitia
3517 4583 3731 4643 scien-

633 4698 737 4752 ter
762 4693 973 4768 ponit,
999 4696 1070 4749 et
1094 4691 1208 4750 ubi
1235 4691 1438 4749 etiam
1467 4706 1539 4749 se
1565 4690 1807 4749 durum
1830 4684 1879 4769 8)
1911 4692 1976 4749 13
2000 4690 2298 4750 brachiis
2336 4689 2750 4749 fortitudinis
2786 4705 2946 4748 suae
2972 4689 3289 4763 ostendit3
3328 4688 3445 4748 sed
3473 4687 3596 4746 hoc
3631 4693 3729 4747 ta-

630 4813 779 4855 men
814 4797 896 4855 ad
936 4794 1227 4854 hominis
1262 4794 1768 4854 similitudinem
1806 4795 1987 4870 facit,
2027 4810 2177 4854 cum
2213 4810 2333 4870 per
2366 4794 2726 4854 humanam
2760 4794 3135 4867 scientiam,
3166 4810 3367 4870 quam
3404 4794 3468 4852 in
3503 4808 3577 4852 se
3611 4791 3727 4851 ha-

628 4902 762 4973 bet,
801 4899 1182 4958 hominibus
1219 4898 1395 4958 mala
1431 4899 1708 4958 silenter
1742 4898 1966 4972 insert3
2003 4905 2276 4975 praeter
2311 4897 2486 4974 quod
2522 4897 2820 4956 crudelia
2856 4912 3059 4972 opera
3094 4913 3218 4956 sua
3253 4897 3578 4956 immitem
3624 4895 3725 4954 di-

629 5005 996 5080 reptionem
1022 5006 1090 5064 et
1116 5003 1468 5063 bestialem
1496 5003 1934 5080 rapacitatem
1962 5003 2310 5063 imitantur
2330 4998 2404 5081 ⁴),
2436 5017 2583 5061 cum
2615 5002 2836 5061 omnia
2864 5016 3036 5076 quac
3067 5008 3313 5076 potest,
3346 5000 3723 5076 potentiali-

698 5157 739 5221 ¹)
766 5163 815 5212 et
841 5158 1037 5212 dextra
1063 5157 1150 5211 W.
1187 5189 1252 5197 —
1278 5158 1323 5223 2)
1350 5156 1635 5211 stultorum
1664 5158 1871 5212 homini
1897 5155 1961 5210 A.
1997 5189 2060 5195 -—
2090 5156 2133 5220 ³)
2162 5171 2230 5209 an
2263 5154 2298 5210 f.
2331 5155 2560 5210 duram?
2589 5186 2651 5193 —-
2680 5154 2722 5221 ⁴)
2751 5158 3002 5210 imitatur
3024 5153 3091 5209 A.
