4036 6117
1632 521 2036 570 tummim.
3185 488 3312 551 467

285 650 359 706 Et
387 648 614 706 amictis
644 664 744 720 pro
770 643 996 702 delictis
1983 633 2138 698 Quos
2166 631 2459 704 praevenit
2484 629 2687 698 gratia.

358 736 566 807 Culpae
589 736 756 791 datur
785 733 965 789 venia.
1916 719 1989 774 Et
2015 734 2047 772 a
2071 718 2246 773 Satan
2273 714 2553 771 servitute

289 822 588 878 paradisus
613 823 894 892 aperitur,
1913 802 2236 866 Libet-atos,
2265 801 2408 858 coeli
2441 806 2561 856 tute

290 909 363 964 Et
389 907 736 978 proscriptus
764 903 1092 963 investitur.
1987 890 2160 946 Locat
2184 887 2245 943 in
2274 886 2498 960 palatia.

363 993 619 1051 Uranieis
650 988 909 1047 moeniis.
1916 975 2119 1032 Honor
2143 975 2309 1029 datus
2334 972 2410 1029 sit
2436 978 2494 1028 et
2520 970 2679 1028 Patri

287 1081 493 1135 Contra
523 1080 693 1133 Satan
720 1077 1069 1148 disputatur.
1911 1062 2033 1129 Qui
2058 1061 2127 1119 de
2151 1066 2332 1116 morte
2359 1063 2541 1114 morte
2566 1056 2688 1111 nati

294 1168 365 1224 Et
391 1172 581 1238 aperte
608 1162 938 1220 confutatur
1990 1146 2163 1204 Natos
2188 1143 2523 1201 revivificat.

368 1253 549 1323 Super
573 1251 692 1306 suis
718 1249 922 1305 neniis.
1917 1231 2032 1288 Sed
2058 1236 2116 1286 et
2138 1231 2273 1286 Jesu
2300 1226 2659 1301 symphonia.

289 1338 741 1408 chirographum
771 1335 836 1391 fit
859 1336 1110 1392 deletum
1920 1315 2104 1389 Cujus
2130 1315 2339 1373 victrix
2364 1314 2566 1384 agonia

296 1426 483 1487 Lethi,
515 1426 664 1480 vitae
690 1424 755 1477 fit
779 1422 1067 1478 decretum
1999 1452 2014 1464 .
2050 1451 2062 1463 .
2096 1450 2108 1462 .
2144 1450 2156 1462 .
2195 1407 2242 1468 2)
2273 1402 2567 1475 tripudiat.

377 1508 595 1568 Iudicis
622 1506 928 1568 sententia,
1921 1492 2141 1553 Gaude.
2171 1495 2350 1545 mater
2374 1486 2680 1555 singularis

299 1601 382 1656 Ex
411 1600 546 1653 hinc
573 1596 729 1651 vadit
755 1593 1036 1650 immolari
1922 1579 2032 1634 Cui
2063 1582 2216 1633 totus
2239 1571 2601 1645 triumphalis

297 1685 453 1752 Quae
483 1699 591 1738 non
618 1681 781 1736 novit
808 1677 1098 1736 novercari
1996 1664 2226 1719 Titulus
2250 1660 2582 1722 ascribitur;

373 1771 505 1827 Filii
535 1766 857 1825 clementia.
1921 1752 2075 1819 Quia
2104 1763 2313 1817 regem,
2343 1746 2540 1815 Virgo,
2567 1743 2719 1817 paris

300 1855 482 1914 Offert
509 1854 718 1911 nostris
745 1871 845 1925 pro
871 1853 1118 1926 peccatis
1924 1839 2035 1896 Cui
2061 1837 2228 1900 coeli,
2260 1842 2461 1898 terrae.
2489 1835 2667 1889 maris

302 1944 370 1999 ln
396 1943 620 1998 odorem
649 1938 949 1996 suavitatis
2001 1923 2265 1982 Machina
2291 1921 2617 1993 subjicitur.

376 2025 636 2099 Corporis
663 2024 964 2098 primitias,
1929 2012 2001 2066 In
2026 2015 2311 2065 extremae
2339 2008 2487 2063 vitae
2513 2006 2673 2078 pirgo
2696 2005 2740 2073 ³)

306 2115 378 2170 Et
403 2114 668 2170 scelestos
694 2113 1056 2181 peccatorum
1083 2107 1125 2172 ¹)
1930 2095 2203 2152 Miserere
2228 2093 2430 2156 nostri,
2458 2091 2657 2162 Virgo,

310 2201 387 2256 De
415 2197 690 2270 profundo
719 2195 990 2251 vitiorum
2001 2183 2252 2249 Jungens
2278 2196 2378 2236 nos
2403 2179 2761 2235 coelestibus.

382 2285 505 2340 Ciet
530 2282 598 2338 ad
624 2279 876 2336 delicias,
1087 2283 1091 2288 '
1932 2266 2046 2326 Ubi
2076 2266 2283 2328 Patris,
2312 2264 2412 2321 uhi
2440 2263 2593 2327 Nati,

313 2372 565 2428 Psallant
589 2383 720 2437 ergo
745 2366 937 2421 laudes
966 2365 1114 2435 grati
1935 2354 2377 2425 Pneumatisque
2406 2351 2747 2425 praesentati

310 2458 711 2512 sacrosanctae
761 2449 1046 2522 majestati
2008 2446 2286 2500 Fruamur
2310 2437 2653 2511 aspectibus⁴

390 2692 432 2755 Ι)
462 2689 783 2763 Anqelorum
823 2688 946 2747 cod.
996 2689 1089 2747 sed
1117 2707 1230 2762 quo
1256 2693 1456 2749 sensu?
1482 2722 1550 2732 —
1575 2693 1624 2759 α)
1648 2691 1814 2748 Latet
1902 2692 2002 2744 nat
2039 2703 2104 2744 ac
2136 2701 2359 2760 pergas.
2394 2686 2642 2756 pirqitoe,
2673 2684 2924 2754 per-qius,
2964 2677 3023 2735 id
3047 2685 3134 2736 est
3172 2679 3401 2737 itinera-

317 2793 429 2832 τοι(
457 2777 656 2832 mutila
686 2776 791 2832 sub
813 2774 906 2832 his
934 2775 1148 2832 litteris
1183 2782 1350 2834 eno-..t
1389 2776 1475 2832 vel
1519 2782 1698 2833 evo-..t
1741 2791 1813 2831 an
1901 2772 2021 2828 rius
2037 2785 2224 2841 agger,
2247 2769 2337 2824 via
2359 2772 2556 2830 strata,
2582 2764 2754 2836 regia.
2778 2769 2843 2822 ut
2863 2763 3012 2839 apud
3031 2763 3304 2837 Gangium
3322 2766 3401 2822 vi·

315 2862 434 2918 erit
470 2868 699 2923 canescat.
729 2866 828 2916 aut
872 2861 1081 2918 evehit?
1110 2891 1172 2902 ——
1199 2860 1244 2930 ³)
1287 2860 1498 2935 Pir-que
1539 2860 1687 2918 idem
1727 2876 1810 2917 so·
1899 2854 2032 2914 dere
2057 2863 2160 2914 est.
