4036 6117
747 494 880 555 586

675 890 748 946 Et
775 889 927 944 inter
952 886 1088 942 baec
1113 885 1249 941 dum
1282 884 1350 941 ad
1377 902 1566 949 suum,

745 960 927 1027 Quem
952 956 1137 1026 digito
1164 956 1273 1012 fert
1299 959 1599 1022 annulum,

744 1030 900 1085 Auro
926 1042 1258 1099 gemmaque
1284 1029 1604 1093 conditum,

744 1100 954 1157 Crebro
982 1098 1163 1155 flectit
1192 1098 1496 1163 intuitum,

743 1169 988 1228 Altioris
1014 1169 1274 1242 mysterii

748 1243 831 1298 Ex
858 1242 1071 1298 annulo
1096 1240 1270 1296 discit
1295 1256 1428 1296 suos

745 1311 895 1380 Quid
922 1312 1120 1369 doeeat
1144 1312 1474 1382 discipulos.

672 1385 814 1442 Nam
842 1399 868 1438 s
979 1382 1126 1440 tanti
1150 1382 1420 1453 quiddam
1461 1399 1640 1440 unum

748 1457 831 1512 Ex
898 1456 1083 1511 uobus
1107 1453 1509 1524 compositum,

744 1524 1018 1583 Neutrius
1041 1524 1364 1581 substantia

742 1597 1038 1654 Alterutro
1063 1597 1389 1668 depravata,
1444 1596 1448 1601 ’

746 1668 837 1724 Nil
866 1668 1115 1723 occurrit
1144 1666 1496 1723 conformius

744 1738 926 1805 Quam
949 1738 1292 1808 Redemptor
1319 1744 1509 1794 noster
1532 1738 1820 1804 Christus,

743 1809 809 1864 ln
836 1810 951 1864 Deo
977 1825 1203 1865 sumens
1230 1808 1543 1874 bominem,

744 1880 856 1936 Nec
881 1879 1153 1936 omittens
1179 1881 1489 1945 Deitatem,

746 1951 824 2008 Ut
849 1950 930 2007 sic
957 1966 1096 2006 auro
1123 1951 1441 2022 majestatis

742 2023 1037 2079 Geminam
1061 2023 1329 2078 claudens
1354 2028 1578 2079 nostrae
1602 2022 1817 2086 carnis,

744 2093 820 2150 Ut
846 2092 1142 2149 clariorem
1170 2093 1448 2157 redderet,

744 2165 868 2221 Non
893 2165 1250 2237 absumptam
1279 2165 1617 2221 destrueret.

745 2236 830 2290 Ex
855 2251 971 2306 quo
996 2253 1145 2291 unus
1173 2235 1232 2290 in
1261 2251 1519 2306 persona,

745 2306 854 2363 Sed
880 2322 991 2361 non
1018 2322 1198 2362 unum
1224 2307 1284 2363 in
1311 2312 1540 2371 natura,

749 2378 864 2432 Deo
890 2393 988 2433 sna
1016 2383 1355 2447 exequente,

744 2447 922 2504 Carne
949 2465 1047 2503 sua
1076 2447 1409 2512 sufferente,

742 2519 817 2574 Et
842 2519 1052 2574 claruit
1079 2519 1400 2584 miraculis,

746 2590 819 2644 Et
920 2589 1033 2645 tuit
1059 2607 1165 2662 sup
1208 2590 1384 2654 liciis,

746 2661 814 2715 ln
838 2606 1079 2717 giaversis
1105 2609 1406 2718 effectibus

745 2731 857 2787 Nec
883 2732 1225 2813 permixtus,
1253 2749 1354 2789 nec
1380 2732 1625 2789 divisus.

673 2802 799 2857 Hoc
827 2800 1005 2868 igitur
1031 2803 1365 2874 mysterium

744 2871 879 2927 Tam
910 2873 1161 2936 salubre,
1190 2880 1306 2928 tam
1327 2874 1670 2945 jocundum.

744 2942 1031 2999 Martinus
1056 2960 1276 3016 semper
1302 2945 1362 2999 in
1391 2943 1479 3000 sui

742 3015 1019 3071 «iunctura
1050 3023 1308 3080 spectans
1334 3014 1562 3079 annuli,

745 3087 1019 3167 Sponsam
1047 3087 1264 3144 Christi
1290 3085 1604 3145 Ecclesiam

745 3156 940 3211 Fidem
964 3158 1251 3214 castitatis
1275 3174 1472 3229 puram

744 3227 964 3297 Sponso
988 3245 1237 3292 servare,
1261 3230 1498 3286 monitis

744 3297 1096 3354 Exhortatur
1121 3298 1502 3357 creberrimis.

745 3368 884 3424 Nam
912 3376 969 3424 et
995 3372 1067 3425 ob
1095 3371 1200 3426 boc
1239 3371 1572 3442 episcopum

743 3439 976 3495 Gestare
1004 3441 1149 3496 dicit
1174 3444 1477 3506 annulum,

748 3510 820 3566 Ut
850 3510 905 3565 in
937 3528 1105 3580 paran
1152 3513 1321 3583 mpbo
1349 3513 1470 3586 ipsa

747 3582 861 3636 Suo
887 3581 1069 3637 discat
1167 3582 1376 3646 clesia,

746 3651 894 3718 Quid
924 3669 1128 3735 sponso
1154 3670 1257 3708 suo
1285 3655 1514 3717 debeat,

748 3721 922 3792 ldque
957 3724 1041 3778 ulli
1071 3723 1380 3781 custodiat:

745 3792 1030 3850 Videlicet
1057 3795 1216 3864 quod·
1234 3796 1480 3851 annulus

750 3863 942 3932 Digito
971 3870 1245 3920 monstrat
1275 3866 1536 3928 indutus,

677 3936 814 3993 Nam
843 3941 899 3990 et
927 3943 1154 4018 propter
1181 3937 1285 3993 hoc
1313 3936 1498 4006 digito

748 4005 1046 4061 lnducttur
1080 4007 1194 4069 illi,
1220 4024 1248 4060 a
1276 4024 1413 4078 quo,

746 4077 821 4133 Ut
851 4077 1095 4133 traditur
1120 4095 1147 4131 a
1179 4079 1456 4151 physicis,

746 4148 979 4219 Semper
1006 4148 1138 4204 salit
1168 4166 1303 4204 vena
1333 4147 1543 4212 cordis;

746 4219 822 4276 Ut
847 4234 1024 4288 quum
1052 4219 1300 4275 refertur
1323 4219 1528 4281 oculis,

746 4291 985 4345 Sensum
1010 4307 1236 4361 quoque
1267 4295 1461 4360 tangat
1486 4290 1702 4354 cordis;

745 4360 1124 4416 Ammonetur
1148 4362 1441 4418 reminisci

748 4431 1034 4487 Videlicet
1062 4433 1342 4488 incarnati

745 4504 826 4558 Ex
857 4502 1096 4571 Virgine
1124 4502 1299 4559 Verbi
1327 4503 1456 4566 Dei,

748 4573 924 4643 Cujus
949 4573 1142 4643 quivis
1170 4575 1469 4644 episcopus

746 4643 1140 4700 Annunciator
1169 4645 1411 4715 posituS,

746 4716 820 4771 Et
850 4715 1009 4770 illius
1037 4731 1254 4786 semper
1282 4715 1376 4785 pia

750 4786 1048 4841 Habentur
1075 4785 1372 4849 memoria,

747 4857 858 4924 Qui
887 4856 1147 4922 Virginis
1174 4874 1240 4913 ex
1271 4862 1456 4916 utero,

747 4928 1056 4998 Tamquam
1087 4944 1326 5001 sponsus
1352 4945 1382 4983 e
1412 4926 1684 4988 thalamo,

747 4999 1081 5060 Procedens,
1115 5005 1224 5054 tam
1257 4998 1562 5054 mirificum

753 5070 886 5124 inde
916 5070 1184 5140 produxit
1210 5071 1508 5130 annulum,

750 5140 920 5194 Causa
952 5141 1060 5196 sibi
1098 5141 1516 5195 subbarrandae

753 5212 1102 5268 Praei-lectae
1131 5214 1343 5267 dudum
1376 5227 1635 5283 sponsae.

1898 516 1947 559 S.
2017 515 2559 565 HILDEGAHDIS

1857 729 2262 809 Siynificatio
2314 733 2360 790 A
2374 732 2592 789 nnuli.

2378 887 2459 944 Ne
2484 893 2795 944 amatorem
2823 889 2999 944 alium

2380 959 2707 1030 Susciperet
2732 966 2953 1030 praeter
2977 974 3126 1018 eum.

2307 1030 2414 1086 Sed
2441 1036 2498 1085 et
2525 1030 2850 1112 frequenter
2875 1034 3088 1088 annulo

2379 1102 2523 1156 Dum
2554 1106 2773 1157 utimur
2799 1118 2898 1172 pro
2925 1102 3141 1171 sigillo,

2378 1171 2593 1238 Quidni
2622 1173 2829 1241 figuret
2854 1174 3027 1227 etiam

2376 1244 2726 1299 Arcanorum
2753 1244 3101 1299 custodiam?

2377 1315 2671 1371 Glorietur
2695 1329 2826 1383 ergo
2852 1330 3076 1386 sponsa.

2373 1385 2497 1440 Tali
2525 1384 2689 1453 signo
2714 1386 3092 1451 communita,

2379 1455 2573 1512 Fidem
2604 1468 2810 1528 sponso
2836 1473 3085 1518 servans,
3117 1461 3276 1512 tanto

2379 1526 2713 1583 Boboratam
2743 1534 3110 1584 sacramento:

2377 1599 2503 1664 Quo
2530 1597 2750 1654 scilicet
2779 1599 3074 1655 humanati

2378 1668 2599 1724 AEterni
2630 1670 2798 1737 Regis
2823 1670 2982 1732 Filii,

2375 1739 2487 1805 Qui
2517 1741 2809 1795 celebrans
2835 1740 3162 1809 magnificas

2377 1809 2532 1865 Nutu
2561 1817 2797 1882 paterno
2826 1812 3078 1883 nuptia&

2378 1880 2426 1935 E
2451 1881 2674 1937 cunctis
2702 1883 2899 1938 mundi
2931 1882 3211 1954 partibus,

2377 1951 2451 2005 Et
2476 1968 2543 2007 ex
2570 1952 2812 2008 diversis
2838 1954 3106 2036 gentibus

2378 2021 2724 2092 Aggregavit
2751 2025 2861 2080 sibi
2891 2040 3175 2095 sponsam,

2378 2092 2468 2147 Ab
2494 2101 2724 2150 aeterno
2749 2094 3101 2167 dispositam.

2307 2163 2487 2230 Quam
2519 2165 2804 2221 venditam
2833 2167 2939 2222 sub
2979 2172 3231 2237 peccato.

2378 2234 2452 2291 Et
2477 2236 2633 2291 omni
2663 2235 2883 2292 foedam
2915 2236 3078 2301 vitio.

2380 2306 2566 2363 Manci
2611 2313 2758 2362 atam
2796 2309 3191 2371 daemonibus,

2380 2377 2500 2432 Sub
2529 2378 2544 2432 i
2587 2379 2807 2434 olorum
2837 2380 3116 2442 cultibus,

2382 2448 2487 2502 Ille
2513 2450 2750 2531 pulcher
2773 2455 2831 2507 et
2856 2450 3112 2509 decoruS.

2378 2519 2754 2577 Rubicundus
2778 2525 2836 2576 et
2865 2522 3162 2585 candidus,

2378 2589 2454 2645 Et
2479 2590 2694 2647 electus
2721 2609 2789 2647 ex
2818 2593 3104 2657 millibus,

2380 2660 2757 2719 Dulcissimus
2786 2678 3026 2734 sponsus
3051 2665 3199 2735 ejus,

2380 2731 2446 2785 ln
2476 2732 2615 2802 ipsis
2642 2733 2762 2789 suis
2790 2735 3010 2805 nuptiis

2382 2803 2766 2875 interemptus
2792 2805 2864 2860 ab
2893 2805 3108 2877 impiis,

2380 2872 2470 2927 Pii
2499 2874 2720 2930 cruoris
2753 2892 2912 2930 roseo

2379 2942 2745 3015 Redemptam
2778 2946 2920 3001 lavit
2947 2945 3142 3001 fluvio.

2310 3013 2384 3071 Ut
2408 3014 2621 3070 etenim
2649 3017 2969 3073 ostenderet

2379 3083 2668 3150 Quantum
2695 3103 2817 3142 eam
2844 3087 3134 3158 diligeret.

2381 3153 2454 3209 Et
2481 3163 2547 3211 ut
2576 3158 2939 3215 victoriosius

2378 3225 2781 3298 Triumpbaret
2804 3229 2875 3285 de
2902 3229 3186 3290 hostibus.

2380 3297 2503 3352 Non
2535 3298 2784 3370 ipsorum
2852 3306 3117 3362 otestate.

2381 3367 2489 3422 Sed
2518 3369 2758 3439 benigna
2787 3390 2817 3427 c
2862 3372 3091 3433 aritate.

2378 3438 2469 3494 Ab
2497 3440 2612 3496 illis
2639 3442 2775 3506 sibi,
2803 3442 3053 3512 quisuis

2378 3509 2841 3567 Adversabantur
2867 3512 3109 3584 nuptiis,

2382 3579 2586 3636 Inferri
2616 3590 2852 3639 mortem
2882 3583 3145 3654 pertulit;

2378 3652 2453 3707 Et
2479 3653 2726 3710 moriens
2752 3672 2846 3711 eos
2871 3653 3098 3717 stravit,

2383 3723 2568 3777 Instar
2594 3725 2827 3780 Samson
2852 3724 2952 3796 qui
2981 3729 3252 3796 oppetens

2382 3794 2580 3849 Plures
2605 3795 2816 3851 occidit
2840 3812 3009 3866 quam
3041 3795 3253 3852 vivens.

2309 3861 2452 3919 Tum
2480 3867 2700 3922 exultet
2724 3867 2793 3922 de
2819 3871 3039 3923 caetero

2380 3935 2561 4006 Super
2587 3953 2787 4009 sponsa
2815 3942 3110 4009 perpetuo,

2381 4007 2622 4063 Levatus
2649 4024 2816 4080 super
2840 4008 3054 4071 omnia,

2381 4077 2453 4131 Et
2479 4086 2779 4134 coronatus
2804 4079 3001 4147 gloria.

2380 4148 2592 4217 Sponsa
2621 4164 2846 4220 quoque
2874 4150 2932 4205 in
2960 4149 3148 4219 aliqua

2380 4218 2479 4273 Sui
2511 4228 2667 4289 parte
2696 4226 2758 4274 ut
2791 4221 3003 4290 regina,

2379 4289 2581 4359 Sponsi
2611 4296 2766 4345 stans
2793 4291 2852 4345 in
2880 4289 3096 4347 dextris
3121 4305 3319 4360 aeque.

2378 4359 2579 4430 Sponsi
2609 4362 2813 4430 gaudet
2842 4362 3078 4418 visione.

2381 4430 2514 4486 Pars
2540 4432 2728 4501 aliqua
2755 4448 2899 4502 quae
2927 4434 2985 4488 in
3014 4432 3103 4487 via

2377 4501 2486 4555 Pro
2514 4503 2703 4574 sponsi
2733 4502 2896 4558 sudat
2921 4502 3125 4571 gratia,

2377 4572 2525 4626 Dum
2553 4573 2765 4628 sterilis
2791 4574 3026 4630 evadere

2376 4642 2770 4707 Maledictum,
2799 4649 2858 4699 et
2885 4659 3077 4716 parere

2377 4713 2592 4783 Sponso
2620 4732 2721 4771 suo
2748 4715 3065 4787 spiritalem

2377 4784 2638 4841 Enititur
2662 4786 3012 4855 progeniem,

2376 4855 2467 4910 Ab
2494 4856 2596 4911 illo
2622 4856 2734 4912 sibi
2761 4858 3011 4928 praemia

2377 4926 2762 4982 Praestotatur
2788 4927 3056 4998 reposita,

2377 4996 2489 5052 Nec
2515 4997 2708 5064 deficit
2736 4998 2795 5053 in
2822 5001 3035 5061 labore.

2375 5067 2452 5124 Ut
2477 5069 2715 5136 gaudeat
2743 5087 2810 5124 ex
2841 5069 3117 5134 mercede,

2375 5136 2563 5202 Quum
2592 5140 2780 5194 omnia
2813 5141 2871 5196 in
2898 5142 3165 5196 omnibus

2371 5207 2495 5264 Erit
2524 5211 2647 5267 sine
2678 5213 2787 5268 fine
2817 5213 2980 5269 Deus.
