4036 6117
720 468 851 529 386
1874 484 1926 527 s.
1979 479 2529 530 uxnnsoxnms

658 616 799 659 rem
847 601 1264 676 compositiS,
1321 600 1384 659 in
1431 599 1730 660 Ecclesia
1778 600 2042 674 publice
2105 601 2451 664 decantari
2500 599 2677 662 facit.
2706 596 2753 680 ¹)
2804 601 2965 674 Quis
2999 591 3247 662 similia
3293 601 3400 661 his
3435 611 3731 677 unquam

661 705 742 764 de
778 705 909 764 alia
943 705 1184 780 quavis
1221 703 1463 763 femina
1498 703 1789 763 audivit?

747 827 775 865 ι
809 806 978 879 Quid
1005 806 1181 882 quod
1217 806 1597 866 liberalium
1630 805 1874 866 artium
1912 807 2172 883 ignara,
2207 822 2329 869 nec
2362 824 2776 885 cognoscens
2820 809 3197 869 litterarum
3244 806 3581 880 videlicet,
3615 817 3746 864 nec

651 902 1090 994 [dictionum]
1124 908 1573 985 differentiaS,
1623 924 1746 969 nec
1779 912 2256 972 consonantias
2290 928 2592 985 casuum,
2629 912 3017 988 figurarum,
3053 926 3395 988 generum,
3431 923 3749 969 numero-

655 1032 833 1086 rum,
885 1015 1242 1090 graduum,
1294 1013 1402 1073 vel
1435 1019 1855 1074 caeterorum
1906 1015 2289 1093 huJusmodi
2324 1016 2541 1077 sciens
2575 1015 2981 1090 discernere,
3016 1021 3201 1076 tanto
3236 1014 3583 1074 doctrinae
3615 1010 3748 1070 ful-

654 1126 767 1197 get
797 1121 1179 1198 privilegio,
1218 1126 1603 1198 tantamque
1629 1120 2128 1197 Scripturarum
2163 1123 2459 1198 possidet
2487 1123 3029 1199 intelligentiam,
3068 1125 3143 1182 ut
3175 1122 3353 1182 sicut
3383 1121 3467 1180 de
3498 1119 3753 1180 beatis-

656 1226 826 1285 simo
859 1226 1107 1301 legitur
1153 1226 1458 1300 Martino,
1498 1228 1564 1287 in
1617 1226 1957 1287 solvendis
1989 1243 2221 1287 earum
2270 1227 2780 1304 quaestionibus
2812 1232 3121 1304 prompta
3164 1233 3233 1286 et
3265 1225 3509 1301 facilia,
3559 1230 3627 1284 et
3674 1224 3750 1283 in

663 1329 1000 1388 communi
1034 1328 1574 1390 confabulatione
1622 1329 1857 1389 efficax
1892 1337 1960 1390 et
1995 1331 2242 1390 alacris
2277 1330 2628 1406 habeatur,
2667 1339 2900 1407 parata
2935 1346 3201 1408 semper
3231 1331 3561 1391 rationem
3595 1327 3753 1389 red-

629 1438 814 1502 ..dere
835 1482 852 1511 ,
905 1436 984 1495 de
1017 1437 1551 1514 quibuscumque
1587 1438 1909 1513 inquisita
1943 1437 2167 1499 fuerit.

733 1529 781 1598 Α(
819 1540 951 1600 Nec
983 1556 1141 1601 vero
1177 1541 1379 1617 istud,
1418 1547 1493 1602 ut
1525 1542 1717 1617 licet,
1770 1541 1836 1602 id
1868 1547 1974 1602 est
2026 1542 2324 1617 improbe
2355 1547 2424 1604 et
2456 1544 2870 1617 petulanter,
2926 1542 3147 1602 facere
3193 1542 3572 1616 consuevit;
3625 1538 3752 1601 sed

619 1646 810 1705 'dum
847 1644 1099 1720 aliquid
1132 1645 1217 1705 ab
1264 1659 1345 1704 ea
1391 1645 1764 1721 quaeritur,
1813 1647 1869 1705 si
1904 1646 2106 1706 habet
2139 1647 2206 1705 in
2239 1653 2553 1723 promptu
2587 1648 2748 1724 quid
2796 1647 3220 1723 respondeat,
3269 1648 3525 1723 absque
3557 1661 3754 1706 mora

654 1757 724 1809 et
758 1749 981 1826 typh0,
1017 1747 1067 1826 ²)
1119 1748 1297 1826 quod
1345 1750 1405 1809 ei
1457 1749 1845 1823 instillatur,
1895 1750 2376 1826 quaerentibus
2428 1749 2743 1824 refundit;
2798 1752 2854 1809 si
2903 1766 3063 1822 non,
3099 1750 3187 1811 ab
3216 1766 3295 1810 eo
3343 1751 3460 1827 qui
3494 1748 3760 1810 revelat

660 1853 1003 1928 mysteria,
1054 1852 1203 1912 utili
1249 1851 1567 1913 dilatione
1616 1859 1684 1913 et
1731 1852 1969 1913 humili
2002 1853 2377 1928 devotione,
2433 1855 2602 1916 unde
2651 1856 2905 1915 incerta
2953 1861 3081 1931 est,
3134 1871 3250 1915 seu
3286 1855 3463 1932 quod
3505 1853 3753 1929 nescit,

661 1962 790 2020 sibi
839 1960 1086 2038 aperiri
1134 1961 1458 2039 deposcit;
1491 1967 1561 2021 et
1591 1939 1744 2021 cum
1778 1960 1862 2021 ab
1893 1960 2041 2036 ejus
2076 1963 2410 2038 largitate,
2448 1965 2562 2040 qui
2598 1979 2751 2024 cum
2785 1965 2950 2039 vult,
2986 1971 3054 2025 et
3090 1964 3202 2025 ubi
3236 1965 3403 2039 vult,
3441 1969 3510 2024 et
3540 1979 3757 2039 quan-

659 2076 799 2127 tum
835 2069 1000 2143 vult,
1039 2068 1318 2144 aspirat,
1369 2065 1545 2142 quod
1581 2066 1778 2142 petit,
1815 2066 2082 2143 accipit,
2134 2067 2398 2145 copiam
2433 2068 2731 2128 indultae
2778 2069 2909 2129 sibi
2957 2067 3444 2129 benedictionis
3491 2066 3759 2143 absque

663 2170 911 2230 invidia
945 2173 1013 2231 et
1047 2171 1450 2231 retractione
1491 2170 1912 2244 exigentibus
1947 2185 2187 2229 secura
2235 2171 2701 2231 communicat.
2752 2172 2825 2232 In
2876 2172 3041 2233 haec
3088 2172 3283 2247 plane
3330 2172 3525 2231 nobis
3574 2173 3758 2232 lucet

661 2275 838 2352 quod
887 2275 1125 2336 beatus
1159 2275 1322 2334 dicit
1365 2274 1749 2349 Gregorius,
1800 2272 1958 2348 quia
1993 2274 2139 2348 lege
2185 2290 2316 2333 non
2364 2275 2722 2351 stringitur
2765 2274 3012 2336 donum
3060 2275 3349 2353 Spiritus
3381 2275 3628 2335 Sancti.
3674 2274 3761 2336 Et

667 2381 906 2462 merito
941 2398 1119 2441 sane:
1155 2378 1492 2456 quoniam,
1528 2377 1685 2436 dum
1719 2392 1841 2436 nec
1873 2376 1957 2436 ab
1992 2392 2122 2436 uno
2157 2377 2362 2437 dividi
2389 2371 2439 2457 ⁸)
2474 2393 2595 2454 per
2626 2378 2908 2439 alterius
2944 2394 3263 2455 amorem,
3291 2395 3412 2439 nec
3446 2379 3578 2455 legi
3612 2379 3767 2440 alli·

670 2489 836 2564 gari,
873 2488 1056 2548 velut
1088 2485 1404 2564 potestati
1453 2484 1584 2544 viri
1618 2499 1737 2560 per
1768 2483 2078 2559 copulam
2112 2482 2355 2559 subjici
2388 2484 2665 2560 patitur,
2702 2485 2770 2545 in
2803 2485 3183 2546 libertatem
3233 2484 3513 2561 spiritus
3560 2499 3769 2544 voca-

672 2600 761 2666 ta,
798 2598 865 2652 et
895 2593 994 2651 illi
1028 2592 1144 2652 uni
1179 2608 1322 2666 suo,
1360 2591 1468 2651 cui
1503 2605 1575 2650 se
1608 2589 1943 2666 probavit,
1974 2588 2216 2665 cuique
2242 2596 2475 2650 sanata
2509 2606 2790 2669 corpore
2823 2593 2891 2652 et
2925 2593 3170 2669 spiritu
3202 2592 3468 2667 placere
3498 2589 3767 2652 deside-

669 2699 793 2772 rat,
832 2696 1027 2757 fidem
1063 2711 1364 2769 servanS,
1403 2693 1719 2753 mulieres
1753 2698 2056 2752 caeteras
2089 2707 2260 2768 quae
2293 2693 2701 2770 nuptialibus
2734 2700 3129 2771 premuntur
3161 2694 3498 2769 oneribus,
3529 2710 3768 2770 super-

667 2802 988 2879 greditur.

764 2929 793 2967 «
832 2908 1175 2968 Mulierem
1211 2905 1274 2964 in
1305 2904 1607 2964 Ecclesia
1636 2902 1878 2963 docere
1911 2918 2042 2961 non
2074 2903 2403 2976 permittit
2428 2905 2809 2979 Apostolus
2846 2903 2971 2964 Sed
3006 2905 3170 2966 haec
3204 2922 3322 2982 per
3354 2906 3767 2982 assumptio-

672 3029 820 3074 nem
853 3010 1142 3088 Spiritus
1174 3008 1258 3070 ab
1293 3008 1416 3069 bac
1449 3007 1826 3069 conditione
1873 3006 2118 3082 soluta,
2167 3009 2235 3068 et
2268 3021 2388 3084 per
2430 3008 2575 3084 eius
2625 3010 3088 3086 magisterium
3120 3010 3408 3088 erudita,
3456 3011 3657 3072 corde
3694 3010 3764 3071 in

673 3117 1003 3196 sapientia
1053 3116 1324 3193 propria
1371 3113 1606 3175 didicit
1652 3112 2086 3189 experientia,
2138 3112 2314 3189 quod
2365 3113 2691 3189 scriptum
2729 3093 2865 3176 ¹est:
2916 3118 3164 3177 Beatus
3211 3120 3398 3178 homo
3445 3136 3639 3195 quem
3683 3122 3763 3177 tu

669 3223 1020 3296 erudieris,
1060 3222 1360 3293 Domine,
1412 3224 1474 3279 et
1523 3219 1603 3278 de
1654 3220 1792 3295 leqe
1840 3224 1960 3277 tua
2005 3218 2309 3277 docueris
2340 3236 2513 3278 eum.
2547 3213 2596 3296 ⁴)
2646 3219 2725 3279 Et
2773 3220 2831 3279 si
2884 3221 3194 3298 imperita
3241 3238 3574 3298 sermone,
3635 3221 3758 3283 sed

668 3344 798 3386 non
833 3326 1137 3399 scientia,
1175 3325 1239 3384 in
1286 3323 1592 3383 doctrina
1641 3338 1764 3382 sua
1812 3338 1996 3396 sana,
2032 3338 2164 3396 qua
2202 3323 2450 3382 multos
2485 3322 2782 3397 instruit,
2829 3325 2933 3384 lac
2965 3326 3444 3387 consolationis
3477 3326 3769 3388 rudibus

670 3439 737 3491 et
787 3433 1010 3490 vinum
1060 3428 1505 3504 correptionis
1556 3426 1973 3500 fortioribu3‚
2026 3426 2222 3502 quasi
2270 3426 2531 3487 duobus
2580 3426 2936 3488 affluenter
2984 3429 3202 3492 fundit
3230 3432 3571 3494 uberibus,
3631 3432 3760 3493 Sed

668 3536 982 3612 quamvis
1029 3550 1178 3593 earn
1228 3533 1509 3592 interius
1559 3532 1784 3590 unctio
1833 3530 2158 3605 magistra
2206 3530 2444 3590 doceat
2490 3530 2573 3591 de
2619 3533 2952 3608 omnibus,
3000 3534 3402 3612 jubeatque,
3454 3537 3630 3598 sicut
3685 3538 3757 3598 in

673 3639 946 3715 scriptis
978 3637 1125 3711 ejus
1161 3635 1516 3709 invenitur,
1554 3641 1628 3694 ut
1661 3650 1739 3694 ea
1770 3650 1941 3710 quae
1988 3636 2051 3693 ei
2100 3634 2400 3709 suggerit
2449 3634 2516 3694 in
2549 3637 2841 3707 occulto,
2875 3637 3277 3699 fiducialiter
3309 3641 3392 3700 ad
3427 3641 3766 3702 instruen-

670 3743 792 3802 dos
828 3742 1170 3803 auditores
1217 3737 1517 3816 proferat
1563 3738 1631 3799 in
1665 3744 1922 3814 apert0,
1974 3752 2229 3797 memor
2275 3744 2497 3799 tamen
2528 3746 2596 3799 et
2629 3755 2825 3802 sexus
2859 3748 2926 3802 et
2969 3743 3370 3805 conditionis
3418 3749 3755 3825 propriae,

671 3854 738 3907 et
775 3847 1057 3906 maxime
1105 3841 1487 3921 praedictae
1537 3841 2048 3917 interdictioniS,
2100 3849 2291 3918 paret
2337 3841 2636 3919 Spiritui,
2687 3860 2905 3921 neque
2946 3862 3146 3923 quem
3184 3847 3476 3927 Spiritus
3522 3853 3755 3927 mittit,

674 3954 901 4014 obviat
950 3951 1295 4029 Apost010‚
1350 3950 1539 4010 libris
1589 3951 1658 4009 et
1704 3946 2153 4021 sermonibus,
2206 3946 2358 4008 fidei
2405 3948 2780 4009 catholicae
2813 3966 2934 4026 per
2965 3953 3186 4012 omnia
3220 3956 3556 4027 consonis
3607 3973 3761 4018 eru-

674 4059 864 4118 diens
895 4056 1287 4130 Ecclesiam,
1338 4070 1459 4115 nec
1506 4061 1729 4113 tamen
1756 4066 1941 4112 more
1972 4044 2018 4130 ⁵)
2049 4066 2280 4111 eorum
2314 4052 2431 4128 qui
2462 4051 2940 4114 declamatorie
2973 4056 3156 4133 loqui
3190 4060 3409 4121 solent
3442 4062 3523 4121 ad
3555 4078 3761 4139 popu-

680 4167 845 4238 lum,
875 4163 1219 4223 disserens
1253 4163 1318 4222 in
1348 4159 1669 4221 Ecclesia.

770 4288 801 4327 ι
832 4268 1143 4329 Mulieres
1172 4267 1397 4327 itidem
1428 4266 1649 4343 capita
1683 4264 1908 4325 velare
1928 4261 2121 4340 jubet
2144 4262 2532 4338 ApostoluS,
2558 4258 2607 4344 ')
2635 4270 2776 4325 tum
2801 4269 3075 4343 propter
3107 4268 3529 4334 honestatem
3561 4274 3762 4337 disci-

677 4375 921 4450 plinae,
959 4378 1099 4432 tum
1135 4378 1410 4448 propter
1442 4369 2086 4430 commendationem
2134 4366 2423 4441 alicujus
2458 4367 2896 4444 subjectionis
2940 4372 3228 4435 debitae.
3260 4375 3420 4453 Ista,
3454 4380 3585 4439 etsi
3632 4398 3765 4443 non

677 4483 761 4542 ab
809 4479 1010 4553 omni,
1061 4479 1147 4538 ab
1194 4494 1272 4538 eo
1308 4486 1530 4538 tamen
1562 4493 1694 4554 quo
1727 4480 1977 4552 nuptae
2024 4473 2448 4534 obducuntur
2495 4475 2824 4536 velamine
2856 4479 3187 4557 expedita,
3223 4484 3618 4547 muliebrem
3654 4487 3764 4549 de-

675 4588 1090 4668 pressionem
1129 4586 1482 4647 altitudine
1532 4586 1743 4644 multa
1793 4581 2311 4657 transcenderit;
2361 4587 2429 4641 et
2476 4599 2606 4643 non
2653 4588 3130 4665 quorumlibet,
3182 4589 3302 4651 sed
3350 4608 3765 4656 summorum

678 4694 1078 4756 eminentiae
1100 4692 1149 4770 ⁷)
1179 4696 1566 4767 comparata
1592 4691 1922 4759 virorum,
1953 4688 2251 4748 revelata
2286 4686 2455 4748 facie
2488 4690 2773 4764 gloriam
2795 4690 3057 4753 Domini
3091 4697 3468 4773 speculanS,
3499 4698 3565 4759 in
3588 4715 3765 4760 eam-

670 4800 820 4859 dem
854 4798 1371 4858 transformatur
1406 4796 1788 4871 imaginem,
1818 4809 1858 4854 a
1883 4794 2191 4854 claritate
2228 4793 2296 4852 in
2321 4792 2721 4870 claritatem,
2758 4801 3102 4874 tamquam
3135 4818 3174 4861 a
3203 4800 3463 4864 Domini
3489 4803 3760 4882 Spiritu.

752 5031 794 5091 ¹)
841 5031 980 5086 Nota
1025 5031 1415 5088 testimonium
1463 5034 1532 5088 de
1569 5031 1801 5104 publico
1838 5047 1943 5087 usu
1991 5029 2172 5087 canti·
2261 5033 2385 5085 vini
2409 5029 2490 5086 id.
2518 5030 2729 5104 inepte.
2759 5064 2827 5074 -
2853 5035 2897 5100 ⁴)
2924 5034 3017 5092 Ps.
3064 5036 3266 5102 xcm.
3302 5045 3382 5097 12.
3427 5074 3491 5084 -··
3518 5044 3561 5109 ⁵)
3587 5049 3650 5099 in
3672 5063 3763 5101 ore

679 5131 874 5171 corum
916 5116 1061 5171 infra
1102 5119 1407 5176 editorum.
1436 5152 1501 5161 -·-
1537 5123 1583 5185 2)
1611 5128 1735 5196 typo
1761 5123 1883 5178 cod.
1926 5154 1992 5163 -·-
2017 5121 2061 5190 ³)
2089 5124 2174 5178 di·
2264 5131 2454 5189 ⁸9⁰8?-
2485 5149 2549 5157 -·
2575 5119 2621 5186 ⁶)
2651 5119 2692 5174 Ι·
2725 5118 2847 5177 (30¹¹-
2880 5121 2983 5186 xl»
3014 5127 3064 5179 6·
3091 5154 3159 5164 ··-·
3182 5124 3227 5193 ²)
3252 5131 3543 5185 eminentia
3566 5129 3694 5187 cod·
