4036 6117
1605 511 2066 559 ems-ronan.
3192 495 3327 562 429

301 623 368 685 in
405 625 712 702 hortulis,
764 629 1048 704 corripe,
1101 645 1314 703 mone,
1367 629 1743 707 exhortare,
1794 648 1968 693 nunc
2016 631 2305 708 publice,
2358 649 2529 692 nunc
2580 633 2923 708 privatim,
2976 640 3175 709 prout
3206 634 3396 694 vide-

296 731 395 789 ris
443 731 753 807 expedire
800 747 916 792 eos
966 748 1117 791 cum
1167 732 1411 809 quibus
1462 736 1778 795 versaris.
1829 736 1908 795 Et
1971 736 2188 809 sciaS,
2241 737 2557 811 quoniam
2608 736 2880 811 saepius
2930 735 3236 812 proficiat
3283 751 3389 795 se-

295 844 480 897 creta
515 839 901 913 admonitio,
954 855 1125 915 quae
1159 839 1230 898 fit
1266 840 1327 898 in
1365 841 1648 916 angulis,
1703 857 1901 917 quam
1939 841 2296 902 manifesta
2338 841 2739 916 objurgatiO,
2791 856 2962 917 quae
2997 840 3069 900 fit
3103 840 3170 899 in
3202 839 3387 915 capi-

294 941 480 1001 tulis,
531 943 856 1012 Quocirca
891 959 1012 1001 nec
1063 944 1384 1001 talentum
1435 960 1633 1018 penes
1687 951 1748 1002 te
1801 945 1863 1002 in
1913 945 2186 1004 sudario
2231 945 2453 1020 jaceat
2504 943 2895 1020 repositum,
2946 959 3068 1003 nec
3100 943 3382 1003 verbum

289 1044 410 1105 Dei
457 1050 629 1122 apud
668 1056 729 1108 te
780 1056 1085 1109 teneatur
1121 1050 1419 1123 ligatum3
1473 1050 1589 1107 sed
1627 1050 1786 1108 illud
1822 1052 2116 1125 expende
2166 1052 2247 1110 ad
2283 1053 2565 1125 lucrum,
2620 1049 2782 1110 illud
2817 1049 3221 1126 ubicumque
3270 1066 3388 1126 po-

289 1153 457 1210 teris
494 1170 663 1226 sere,
716 1156 874 1229 quia
911 1154 1209 1228 profecto
1250 1153 1493 1212 referet
1546 1154 1853 1214 fructum.
1891 1156 2033 1214 Non
2079 1156 2255 1214 enim
2294 1157 2613 1215 mentitur
2660 1157 2974 1214 aeternus
3010 1153 3122 1212 ille
3158 1158 3373 1223 sator,

288 1257 403 1332 qui
440 1258 519 1315 de
555 1258 786 1316 eodem
837 1259 1040 1317 verbo
1076 1275 1197 1316 suo
1235 1275 1354 1332 per
1401 1258 1792 1333 prophetam
1838 1259 2021 1317 dicit:
2075 1259 2219 1318 Non
2253 1265 2625 1318 revertetur
2672 1257 2759 1317 ad
2790 1275 2894 1316 me
2927 1274 3232 1330 vacuum,
3268 1255 3381 1315 sed

281 1364 482 1440 faciet
533 1383 977 1440 quaecumque
1026 1363 1225 1436 volui,
1276 1370 1339 1421 et
1370 1363 1868 1440 prosperabitur
1915 1366 1989 1423 in
2024 1367 2125 1423 his
2173 1365 2258 1422 ad
2291 1382 2457 1440 quae
2506 1364 2662 1421 misi
2710 1360 2907 1420 illud.
2945 1354 2991 1438 ¹)
3041 1359 3122 1419 Et
3152 1373 3273 1434 per
3306 1372 3380 1417 se

287 1468 355 1526 in
387 1469 761 1542 Evangelio:
801 1469 1005 1527 Aliud
1039 1469 1270 1528 cecidit
1306 1471 1378 1528 in
1414 1477 1656 1527 terram
1693 1469 1947 1544 bonam,
1987 1479 2049 1527 et
2084 1477 2299 1528 ortum
2332 1471 2491 1546 fecit
2527 1466 2936 1543 centuplum.
2969 1461 3019 1544 ²)
3054 1465 3135 1524 Et
3167 1461 3377 1524 David

285 1571 352 1628 in
386 1571 668 1645 psalmo:
716 1572 795 1630 Et
830 1575 1071 1645 mittet,
1112 1571 1346 1646 inquit,
1399 1570 1664 1629 verbum
1700 1591 1917 1645 suum,
1969 1578 2032 1629 et
2069 1572 2450 1648 liquefaciet
2484 1589 2579 1630 ea.
2613 1565 2663 1649 3)
2703 1569 2883 1641 Quae
2916 1568 3029 1628 ea‘?
3061 1567 3192 1627 nisi
3225 1582 3380 1643 pec-

281 1681 588 1733 catorum
624 1676 848 1749 corda,
903 1675 1149 1750 frigore
1201 1677 1628 1750 iniquitatum
1677 1675 2047 1750 congelata.
2085 1675 2208 1733 Sed
2259 1675 2462 1734 verbo
2510 1674 2626 1734 Dei
2676 1674 2758 1733 de
2806 1690 2938 1750 quo
2985 1672 3150 1732 dicit
3193 1671 3376 1732 Jere·

283 1779 478 1838 mias:
517 1781 755 1841 Factus
807 1791 906 1840 est
952 1784 1118 1842 mihi
1168 1799 1380 1840 sermo
1418 1782 1682 1841 Domini
1729 1783 1916 1857 quasi
1951 1782 2126 1856 fortis
2160 1787 2583 1855 exaestuanS,
2621 1787 2683 1840 et
2719 1781 2984 1842 clausus
3019 1781 3092 1840 in
3126 1777 3375 1839 ossibus

276 1884 466 1940 meis.
500 1877 547 1956 ⁴)
585 1883 732 1956 hoc,
781 1885 1074 1959 inquam,
1126 1886 1330 1944 verbo
1365 1883 1481 1943 Dei
1516 1885 1788 1958 emisso,
1840 1890 1907 1942 et
1941 1890 2260 1960 operante
2296 1885 2359 1943 in
2394 1883 2711 1944 cordibus
2760 1884 3295 1959 suscipientium,
3332 1898 3369 1941 e

274 1988 568 2060 vestigio
614 1987 791 2065 flabit
830 1989 1121 2063 Spiritus
1172 1988 1460 2059 Domini,
1497 1994 1556 2046 et
1591 1990 1796 2065 fiuent
1835 2006 2073 2065 aquae,
2106 1984 2153 2065 ⁵)
2189 1994 2263 2046 ut
2300 1988 2736 2064 inspiratione
2783 1988 3011 2048 divina
3057 2003 3373 2062 compun-

272 2093 389 2168 cti,
442 2095 882 2154 exardescant
917 2095 997 2155 ad
1046 2095 1548 2169 poenitentiam,
1601 2097 1666 2152 et
1699 2094 1916 2153 exitus
1967 2110 2296 2169 aquarum
2345 2095 2678 2155 deducant
2724 2093 2903 2155 oculi
2938 2096 3373 2168 compuncto-

277 2216 452 2270 rum,
504 2200 660 2275 quia
696 2217 825 2259 non
873 2199 1338 2259 custodierunt
1386 2198 1600 2272 legem
1635 2197 1772 2272 Dei,
1825 2205 1890 2258 et
1925 2200 2347 2274 suspirantes
2396 2198 2818 2275 baptizentur
2864 2196 3164 2257 lacrimis
3198 2194 3373 2268 suis,

271 2303 385 2379 qui
421 2305 611 2378 prius
645 2303 796 2362 duri
835 2303 1187 2379 torpebant
1222 2303 1287 2361 in
1322 2303 1633 2362 sordibus
1670 2303 1917 2362 multis.

359 2405 745 2465 Sermonem
819 2407 1042 2482 itaque
1090 2406 1373 2480 Domini,
1449 2406 1726 2465 retineri
1774 2406 2139 2481 nolentem,
2191 2405 2342 2465 vide
2391 2421 2471 2465 ne
2523 2406 2882 2483 impedias,
2945 2404 3063 2464 sed
3134 2404 3365 2463 currat

268 2527 538 2587 semper
575 2518 641 2570 et
677 2512 1105 2586 clarificetur;
1156 2519 1222 2570 et
1258 2518 1329 2570 ut
1379 2511 1789 2572 laborantem
1829 2512 1893 2570 in
1941 2527 2018 2571 eo
2055 2512 2397 2586 profectus
2433 2512 2587 2572 boni
2637 2512 2996 2572 comitetur
3029 2508 3354 2584 efficacia,

266 2631 386 2675 ora
439 2621 511 2673 ut
542 2621 609 2673 et
642 2618 705 2675 te
749 2617 967 2689 ipsum
1016 2616 1360 2690 eloquium
1408 2614 1668 2675 Domini
1721 2615 2109 2690 inflammet,
2162 2621 2228 2674 et
2265 2616 2534 2675 roboret
2582 2615 3098 2690 trepidationem
3145 2619 3354 2686 tuam;

263 2718 551 2793 ignitum
600 2719 776 2778 enim
810 2725 915 2778 est
950 2720 1378 2779 vehementer
1425 2726 1493 2779 et
1526 2720 1849 2789 validum,
1904 2721 1994 2779 ita
2032 2725 2104 2779 ut
2137 2735 2216 2778 ex
2253 2719 2434 2779 facili
2484 2720 2846 2779 durissima
2889 2733 3195 2795 quaeque
3241 2731 3356 2792 pe-

261 2829 486 2881 netret
518 2829 582 2881 et
631 2823 981 2897 dissolvat,
1027 2825 1203 2882 sicut
1235 2830 1302 2883 et
1349 2824 1430 2883 de
1463 2841 1539 2883 eo
1580 2824 1857 2898 figurate
1892 2827 2220 2884 cantatur:
2275 2825 2563 2901 Soqittae
2591 2826 2887 2902 potentis
2933 2829 3168 2884 acutae
3204 2839 3354 2883 cum

262 2926 644 2987 carbonibus
693 2929 1102 2987 desolatoriis
1131 2925 1180 3003 ὅ)
1232 2929 1309 2987 Et
1341 2928 1422 2987 de
1459 2928 1563 2987 his
1599 2928 1866 3004 quidem
1905 2929 2030 2988 iste
2064 2929 2327 2987 dicendi
2363 2930 2451 2988 sit
2482 2926 2532 3006 7)
2569 2929 2829 3003 modus,
2867 2927 3026 3004 quia
3058 2926 3141 2986 ad
3172 2926 3354 2985 exci-

261 3028 531 3088 tandam
568 3031 893 3089 virtutum
928 3032 1466 3105 aemulationem,
1503 3031 1610 3090 cui
1644 3047 1858 3107 pauca
1892 3048 2025 3091 non
2058 3031 2425 3106 sufficiunt,
2462 3032 2674 3093 multa
2706 3047 2839 3092 non
2869 3029 3259 3107 proderunt.

1693 3282 1916 3345 XXIII.

345 3510 446 3569 Tu
480 3509 726 3584 itaque,
767 3509 1011 3568 famule
1045 3508 1524 3584 omnipotentis
1553 3507 1710 3567 Jesu
1748 3508 2023 3582 Christi,
2062 3508 2175 3584 qui
2212 3508 2489 3568 audiens
2523 3524 2675 3568 eum
2710 3508 3060 3569 dicentem:
3100 3510 3347 3570 Beatus

253 3630 505 3686 servus,
561 3632 755 3689 quem
805 3632 951 3672 cum
1002 3615 1253 3672 venerit
1306 3614 1653 3685 DominuS,
1689 3614 2023 3671 invenerit
2075 3612 2480 3689 viqilantem,
2527 3606 2577 3690 ⁸)
2629 3612 2898 3688 vigilias
2946 3612 3127 3672 vitae
3163 3617 3341 3688 tuae,

251 3714 618 3773 secundum
652 3714 1119 3774 distinctiones
1155 3718 1453 3775 aetatum
1488 3715 1981 3788 convenienteS,
2014 3708 2065 3793 ⁹)
2105 3721 2167 3774 te
2203 3716 2493 3790 erigens,
2530 3721 2603 3775 ut
2638 3715 2782 3775 sine
2819 3715 3201 3775 adulatione
3247 3716 3344 3776 lo·

254 3834 449 3895 quar.
502 3835 630 3877 non
663 3834 740 3879 ex
779 3825 916 3878 toto
968 3820 1343 3893 neglexisti,
1395 3820 1477 3877 de
1511 3826 1776 3878 caetero
1826 3822 1969 3878 esto
2015 3819 2425 3894 vigilantior,
2477 3819 2637 3896 quia
2668 3819 3021 3879 excubitor
3066 3819 3172 3879 vel
3206 3835 3348 3878 rno-

249 3926 432 3985 nitor
468 3927 578 3986 ille
628 3928 742 4002 qui
779 3943 905 3985 non
955 3926 1224 3998 dormit,
1275 3941 1488 4000 neque
1538 3925 1877 3998 dormitat,
1929 3932 2161 3984 custos
2198 3942 2474 3985 suorum
2522 3926 2829 4001 pervigil,
2880 3931 2946 3985 et
2982 3940 3185 4001 super
3232 3939 3344 3983 cu·

254 4028 545 4087 stodiam
580 4046 769 4088 suam
805 4037 1014 4102 stanS‚
1055 4030 1214 4089 totis
1264 4029 1570 4087 noctibus
1618 4029 2026 4088 dormientes
2074 4031 2346 4099 excitat,
2398 4035 2466 4089 et
2499 4030 2957 4090 somnolentos
3006 4029 3338 4104 increpat,

253 4133 492 4191 crebro
551 4149 711 4192 sono
765 4134 1208 4206 inclamitanS,
1266 4140 1331 4192 et
1380 4133 1639 4191 dicens:
1697 4132 1950 4206 Videte,
2011 4133 2309 4207 vigilate,
2370 4140 2438 4192 et
2484 4135 2701 4205 orate;
2737 4139 2807 4193 et
2837 4131 3113 4192 nescitis
3167 4131 3345 4191 enim

248 4240 514 4314 quando
561 4247 823 4315 tempus
860 4243 970 4313 sit;
1023 4242 1376 4313 excitatur,
1431 4240 1724 4315 inquam,
1781 4241 1930 4314 iste,
1969 4241 2146 4300 sicut
2180 4243 2438 4302 nullum
2474 4242 2877 4319 imparatum
2911 4241 3056 4301 vult
3089 4240 3341 4301 inveni-

246 4356 341 4414 re,
398 4343 489 4401 ita
527 4359 803 4417 prorsus
841 4361 966 4404 non
1017 4345 1238 4403 tardat
1275 4345 1520 4403 venire.
1571 4344 1854 4404 Proinde
1889 4346 2206 4419 quoniam
2255 4346 2315 4403 in
2353 4344 2572 4418 tertia,
2624 4361 2745 4422 per
2777 4360 2961 4405 mare
3009 4343 3209 4421 hujus
3243 4347 3339 4405 vi-

248 4448 360 4504 tae
411 4448 622 4522 remig
645 4448 818 4519 mdo,
874 4448 1100 4522 vigilia
1144 4448 1282 4523 jam
1336 4448 1626 4520 laboraS,
1677 4454 1743 4505 et
1791 4447 1872 4506 de
1924 4448 2174 4522 vigiliis
2224 4448 2432 4507 totius
2480 4449 2698 4508 noctis
2733 4448 2838 4508 vel
2886 4448 3338 4523 navigationis

247 4554 406 4608 tuae
455 4566 584 4610 una
621 4557 900 4624 tantum,
952 4552 1018 4611 id
1053 4559 1156 4611 est
1193 4559 1433 4627 quarta
1471 4556 1804 4625 superest,
1861 4567 2021 4624 roga
2059 4551 2370 4610 sollicitis
2405 4553 2474 4612 et
2507 4552 2843 4611 continuis
2892 4553 3335 4626 orationibuS,

244 4659 603 4713 venturum
638 4657 931 4715 omnium
982 4657 1458 4723 discussorem,
1512 4661 1583 4714 ut
1621 4655 1684 4713 in
1721 4661 1831 4713 tua
1868 4657 2108 4713 saltem
2158 4661 2454 4715 extrema
2491 4657 2751 4715 scilicet
2802 4656 3055 4732 vigilia,
3093 4657 3331 4734 imper·

249 4756 496 4818 fectum
549 4766 734 4819 tuum
788 4762 878 4820 ita
930 4762 1172 4833 videat,
1234 4767 1306 4819 ut
1355 4761 1650 4835 corrigat
1699 4764 1765 4817 et
1815 4759 2137 4834 perficiat,
2199 4763 2265 4819 et
2312 4761 2634 4835 pacificus
2684 4761 2804 4820 tibi
2854 4760 3177 4820 Dominus
3225 4776 3338 4820 ve-

245 4864 462 4938 niens,
515 4865 1036 4924 intumescentes
1086 4867 1453 4925 transituro
1504 4865 1586 4924 ad
1623 4880 1696 4923 se
1746 4870 1922 4923 totos
1974 4864 2216 4923 fluctus
2265 4865 2561 4924 marinos
2610 4871 3017 4940 compescat,
3067 4870 3135 4924 et
3177 4865 3338 4924 soli-

323 5062 468 5127 ¹11³.
499 5064 618 5129 LV,
660 5071 740 5121 11.
772 5096 839 5107 -·
873 5067 920 5131 ²)
957 5065 1159 5122 Matth.
1203 5065 1365 5129 xlu,
1394 5072 1444 5122 8.
1488 5097 1554 5107 -·-
1579 5066 1625 5131 ³)
1651 5066 1739 5122 Ps.
1832 5063 2109 5125 CXLVII.
2179 5068 2261 5120 18.
2320 5095 2389 5105 ---
2447 5064 2495 5129 ο1
2556 5064 2646 5121 Ps.
2706 5063 2911 5128 CXIX,
2961 5065 3012 5119 4.
3053 5092 3122 5104 -·
3169 5063 3216 5129 ’)
3252 5066 3332 5119 eie

252 5149 527 5214 chvn.
583 5158 663 5208 ¹8.
708 5186 774 5195 -··
812 5154 856 5219 ⁴)
893 5155 1102 5210 lei-em.
1158 5153 1291 5216 XX,
1339 5157 1390 5207 9.
1446 5185 1513 5193 ---
1552 5156 1598 5216 ⁵)
1647 5154 1736 5209 Ps.
1831 5150 1953 5206 cod.
1987 5150 2120 5215 -⁸)
2146 5150 2277 5207 Luc.
2308 5149 2443 5213 ΧΠ.
2485 5154 2571 5206 38.
2601 5150 2739 5212 —⁹)
2775 5151 3291 5209 commend.
