4036 6117
1313 541 1785 589 musrommm
1836 541 2021 589 nova
2073 540 2319 587 sennes,
3164 521 3295 585 525

283 666 498 741 Vigila
548 665 752 741 igitur
799 670 1068 724 strenue
1101 710 1116 738 ‚
1180 662 1357 740 quod
1407 663 1703 739 postulat
1750 652 1953 724 causa
2000 664 2068 722 in
2116 663 2416 723 moribus
2464 662 2693 741 populi
2742 662 2808 721 in
2856 660 2981 721 hoc
3040 664 3359 737 tempore.

281 768 334 830 Ο
369 769 719 828 mitissime
766 771 976 845 pater,
1030 783 1151 843 ego
1201 767 1608 844 paupercula
1659 767 1872 827 forma
1921 784 2051 826 non
2099 767 2293 827 video
2345 767 2412 826 in
2459 783 2616 826 vera
2668 767 2815 826 luce
2864 764 3041 842 quod
3089 764 3356 825 omnino

279 873 362 933 de
412 872 630 935 officio
667 876 778 933 tuo
822 872 1176 931 movearis.
1215 872 1579 932 Memorare
1630 878 1849 932 autem
1887 872 2064 948 quod
2115 871 2310 932 homo
2344 886 2418 931 es
2468 871 2534 931 in
2566 875 2771 946 terra,
2822 874 2889 930 et
2922 884 3002 930 ne
3036 867 3230 931 valde
3279 866 3360 925 ti-

279 990 487 1049 meaS,
526 976 686 1051 quia
717 974 893 1034 Deus
929 990 1057 1034 non
1096 976 1377 1050 requirit
1412 990 1677 1049 semper
1713 975 1778 1034 in
1811 981 1877 1034 te
1913 974 2253 1035 coelestia.

1753 1179 1886 1242 XL.

932 1392 1296 1470 Luthqardi
1346 1394 1711 1487 comitissae
1759 1386 1803 1471 ¹)
1854 1392 1933 1451 de
1985 1393 2223 1469 Nifum
2271 1391 2716 1469 HildeyardiS.

350 1596 582 1651 Rectam
612 1593 670 1649 in
695 1594 918 1650 saeculo
945 1593 1118 1659 viam,
1142 1593 1397 1666 quietem
1424 1595 1485 1651 in
1512 1593 1824 1651 solitudine
1851 1608 2133 1666 purosque
2163 1594 2222 1649 in
2249 1599 2440 1650 mente
2464 1593 2656 1650 oculos
2685 1577 2959 1650 insinuat.

370 1736 507 1795 Lux
552 1739 617 1797 in
651 1741 1013 1800 serenitate
1044 1740 1226 1801 dicit:
1278 1742 1462 1801 Mons
1496 1740 1802 1801 ascendit
1833 1744 1900 1800 et
1950 1740 2016 1799 in
2053 1739 2386 1799 turbinem
2423 1738 2628 1813 vadit;
2681 1738 2854 1798 unde
2887 1752 3143 1798 memor
3188 1744 3361 1812 esto,

278 1843 440 1918 filia,
493 1849 564 1904 ut
599 1852 782 1906 recta
826 1848 1067 1907 itinera
1120 1847 1330 1907 facias
1367 1848 1432 1906 in
1480 1852 1680 1922 gustu
1713 1846 1868 1906 boni
1919 1846 2325 1918 intellectus,
2382 1844 2558 1904 sicut
2604 1843 2956 1918 psalmista
3003 1842 3188 1902 dicit:
3238 1843 3364 1903 De-

275 1949 458 2008 clina
487 1967 527 2007 α
559 1951 731 2008 malo
764 1956 825 2009 et
867 1953 978 2029 fac
1010 1949 1275 2026 bonum,
1311 1953 1575 2029 inquire
1618 1969 1849 2028 pacem
1907 1956 1968 2008 et
2009 1968 2411 2027 persequere
2446 1967 2611 2009 eam.
2642 1946 2693 2027 ²)
2745 1947 2852 2008 Sic
2884 1947 3086 2008 etiam
3122 1946 3361 2022 collige

277 2051 402 2111 tibi
438 2053 663 2127 quieta
697 2054 866 2128 loca,
918 2060 991 2114 ut
1026 2056 1247 2115 anima
1281 2062 1395 2115 tua
1428 2072 1558 2115 non
1591 2054 1878 2128 deficiat,
1931 2054 2091 2130 quia
2124 2052 2300 2113 Deus
2353 2069 2484 2113 non
2514 2052 2919 2129 derelinquit
2962 2050 3207 2127 Justos‚
3245 2043 3391 2132 sed]

279 2156 348 2213 in
384 2173 505 2217 sua
538 2159 784 2234 pietate
833 2161 1118 2236 suscipit
1149 2166 1558 2237 peccatores,
1610 2160 1791 2222 Unde
1824 2160 1996 2236 elige
2033 2160 2153 2219 tibi
2203 2165 2426 2219 rectas
2462 2160 2633 2229 vias,
2683 2165 2751 2218 et
2787 2158 2853 2218 in
2886 2162 3233 2218 aeternum
3264 2155 3367 2214 vi-

277 2277 423 2338 ves,
460 2279 799 2342 purosque
833 2267 1061 2327 oculos
1096 2265 1267 2326 habe
1300 2266 1367 2325 in
1400 2273 1641 2341 mente,
1678 2271 1754 2326 ut
1789 2265 2014 2325 illusio
2050 2282 2179 2324 non
2211 2265 2504 2341 decipiat
2538 2269 2624 2323 te.

1750 2475 1903 2535 XLI.

994 2686 1388 2763 Luitburyae
1437 2685 1714 2746 moniali
1764 2686 1844 2745 de
1902 2686 2167 2747 Treveri
2214 2685 2654 2763 Hildeqardis

353 2880 559 2936 Locum
587 2897 656 2937 ne
683 2881 1018 2940 festinanter
1044 2890 1248 2949 mutet.
1281 2887 1563 2949 hortatur.
1591 2893 1649 2943 et
1677 2886 1747 2942 de
1772 2886 2118 2943 monialibus
2144 2883 2374 2942 afflictis
2399 2884 2615 2941 monita
2640 2888 2700 2941 et
2725 2883 2926 2940 solatia
2950 2883 3263 2963 ministrat.

366 3017 418 3077 O
454 3022 521 3079 tu
555 3020 636 3080 de
689 3023 932 3083 mundo
967 3031 1137 3099 orta,
1177 3032 1244 3085 et
1280 3025 1412 3087 filia
1447 3025 1565 3086 Dei
1613 3027 1678 3086 in
1716 3025 1983 3087 Christo
2033 3030 2213 3099 nata,
2266 3024 2489 3085 omnia
2524 3023 2671 3084 loca
2723 3030 2878 3084 sunt
2912 3025 2980 3084 in
3026 3029 3363 3102 potestate

267 3122 412 3183 Dei.
465 3124 718 3186 Idcirco
773 3129 1050 3202 provide
1104 3131 1222 3190 tibi
1285 3131 1608 3191 minorem
1666 3131 2257 3207 congregationem
2313 3133 2589 3204 propter
2633 3135 2819 3190 tuam
2878 3129 3356 3206 infirmitatem,

273 3228 436 3303 quia
469 3228 643 3288 Deus
678 3230 999 3292 discernit
1045 3234 1564 3309 imbecillitates,
1605 3235 2050 3311 infirmitateS,
2103 3239 2360 3295 aetates
2396 3242 2463 3296 et
2513 3235 2917 3295 constrictos
2966 3248 3209 3307 more8‚
3263 3249 3366 3293 se-

275 3330 581 3390 cundum·
615 3334 976 3409 qualitates
1011 3336 1372 3398 hominum.
1425 3339 1578 3400 Ideo
1613 3339 1901 3399 nondum
1941 3340 2245 3416 imponas
2283 3340 2403 3400 tibi
2454 3340 2644 3400 firma
2682 3338 3108 3400 fundamenta
3156 3337 3362 3398 ullius

278 3433 435 3507 loci,
488 3442 844 3512 antequam
880 3445 950 3499 tu
1002 3441 1145 3515 ipsa
1189 3443 1496 3518 proberis
1550 3444 1615 3503 in
1649 3444 1871 3503 anima
1904 3449 1970 3503 et
2020 3459 2300 3519 corpore
2337 3450 2471 3503 tuo.
2524 3443 2691 3503 Aliis
2740 3449 2961 3502 autem
3010 3441 3365 3500 sororibus

277 3537 417 3596 tuis
451 3537 510 3598 S.
549 3541 623 3600 M.
664 3542 903 3603 adhibe
952 3548 1505 3622 consolationem,
1558 3554 1880 3623 quantum
1915 3554 2108 3624 potes
2153 3549 2219 3608 in
2254 3555 2367 3608 tua
2402 3547 2877 3625 possibilitate.
2925 3546 3120 3623 Ipsae
3157 3544 3364 3604 etiam

276 3643 553 3705 sibimet
601 3648 765 3724 ipsis
816 3651 1005 3711 utilia
1053 3652 1474 3726 provideant,
1528 3660 1601 3713 ut
1648 3670 1778 3713 non
1825 3652 2138 3715 deficiant
2186 3654 2251 3714 in
2300 3653 2652 3714 animabus
2701 3653 2864 3713 suis.
2924 3650 3109 3712 Nunc
3160 3648 3366 3724 igitur

275 3751 435 3813 vive
471 3754 536 3814 in
572 3757 883 3832 religiosa
918 3760 1079 3835 vita,
1114 3763 1182 3821 et
1212 3760 1389 3822 Deus
1424 3778 1551 3822 non
1586 3761 2005 3838 derelinquet
2041 3766 2122 3823 te.

1608 3966 1611 3969 ’
1729 3974 1915 4035 XLII.

933 4183 1230 4245 Cunezae
1278 4190 1616 4244 matronae
1665 4183 1768 4267 de·
1797 4182 2146 4244 Strazbure
2175 4176 2224 4262 ³)
2276 4172 2715 4260 Hildeqardis.

353 4383 443 4440 Ad
470 4384 739 4458 pietatem
765 4386 918 4443 inter
942 4387 1254 4458 angustias.
1283 4388 1584 4461 spinasque
1610 4387 1762 4445 vitae
1788 4388 2042 4445 suaviter
2067 4393 2250 4458 urget.

376 4525 486 4586 fol.
524 4527 630 4586 33.
683 4528 778 4587 Tu
815 4527 1034 4602 homo,
1076 4528 1246 4588 inter
1280 4529 1509 4605 spinas
1544 4528 1762 4602 sedes»,
1808 4534 1876 4589 et
1906 4527 2200 4605 undique
2234 4529 2722 4604 circumspiciS,
2758 4534 2827 4589 et
2859 4528 2939 4588 ad
2976 4533 3040 4588 te
3078 4543 3269 4589 rosas
3303 4532 3371 4588 et

276 4630 425 4691 lilia
459 4632 744 4714 colligis,
797 4650 874 4692 ac
908 4633 1358 4693 benivolentia
1403 4633 1465 4691 in
1503 4640 1566 4692 te
1602 4641 1842 4693 manet:
1896 4634 2010 4693 sed
2047 4639 2271 4693 tamen
2320 4633 2386 4693 in
2420 4633 2734 4709 operibus
2782 4634 2919 4693 tuis
2953 4631 3224 4710 quidam
3257 4631 3372 4693 de-

284 4733 503 4794 fectus
551 4741 676 4796 est.
727 4735 907 4796 Unde
956 4752 1128 4795 nunc
1169 4752 1474 4812 exsurge,
1526 4743 1593 4796 et
1626 4753 1705 4795 ne
1741 4737 2035 4797 taedium
2072 4737 2343 4812 habeaS,
2398 4741 2470 4798 ut
2508 4738 2589 4797 de
2624 4738 2838 4814 spinis
2875 4752 3139 4814 surgaS,
3189 4751 3271 4796 ne
3305 4738 3370 4794 te

360 4949 404 5013 ¹)
443 4950 778 5009 Commetem
813 4951 934 5009 cod.
977 4984 1046 4994 —
1080 4954 1126 5019 ²)
1164 4953 1254 5009 Ps.
1292 4953 1564 5017 XXXVI,
1591 4957 1680 5010 37.
1710 4984 1779 4994 —
1873 4952 2168 5025 respondit
2192 4953 2469 5018 verduni,
2492 4953 2857 5017 metensium,
2884 4954 3231 5012 Lausannae.
3269 4950 3373 5007 Lo-

285 5035 333 5102 ⁸)
372 5035 541 5091 Haud
578 5039 750 5093 semel
790 5053 972 5109 neque
1008 5037 1077 5091 ad
1117 5052 1286 5093 unam
1326 5038 1477 5111 piam
1517 5039 1785 5095 feminam
1880 5039 2221 5109 tharingiae‚
2251 5040 2500 5099 Alsatiae
2524 5045 2583 5096 et
2608 5039 2928 5102 Helvetiae,
2957 5038 3139 5094 rarius
3165 5035 3228 5092 in
3251 5051 3373 5093 cae-

290 5121 354 5179 in
395 5122 708 5192 Argentina
753 5123 988 5180 civitate
1033 5123 1282 5181 libenter
1323 5124 1555 5197 scripsit
1594 5125 1790 5183 Hilde-
1884 5123 2023 5181 teris
2074 5125 2298 5184 Galliis.
2328 5125 2411 5184 cf.
2454 5144 2581 5200 epp.
2630 5126 2893 5190 Lxxm.
2932 5124 3103 5189 XCV.
3141 5122 3369 5187 CXXV.

291 5208 500 5278 gardis.
541 5208 773 5282 perinde
812 5224 874 5265 ac
915 5208 1086 5265 variis
1124 5216 1182 5266 et
1215 5210 1508 5267 nobilibus
1541 5211 1794 5282 personis
1884 5208 2118 5271 CXXVI
2147 5216 2256 5268 etc.
