4036 6117
1199 501 1432 550 mnan
1481 501 1678 549 v1'rAE
1725 500 2205 549 unam-onum.
2257 502 2314 547 P.
2364 498 2475 546 111.
3181 481 3309 545 115

286 615 649 690 roluntatis
685 627 752 689 in
784 644 863 688 ea
896 626 1090 704 quasi
1119 643 1235 687 aer
1263 626 1455 702 ludit,
1481 623 1528 706 ¹)
1566 644 1643 687 ac
1669 627 1992 704 perfectio
2025 626 2477 703 perfectorum
2511 638 2788 701 operum
2816 623 2882 682 in
2911 622 3024 682 illa
3050 622 3246 698 quasi
3282 620 3378 681 vi·-

284 732 509 792 riditas
547 731 779 791 mundi
807 731 898 791 ad
931 731 1308 807 profectum
1342 731 1539 806 viret3
1577 738 1644 792 et
1677 732 1804 792 hoc
1838 733 1904 791 in
1932 731 2264 807 sapientia
2292 745 2738 804 supernorum
2766 733 3182 787 secretorum
3209 742 3371 802 qua-

290 837 343 894 si
375 834 499 895 sub
535 835 957 895 firmamento
1008 835 1177 895 coeli
1212 841 1340 910 est,
1377 836 1694 912 quoniam
1740 836 2073 911 sapientia
2122 834 2191 893 in
2238 834 2460 893 anima
2490 832 2657 908 justi
2691 832 2863 892 bona
2913 831 3181 908 operari
3217 830 3378 890 inci-

287 937 397 1013 pit,
431 942 503 995 et
537 937 774 996 eadem
810 938 877 997 in
911 937 1025 997 illa
1057 938 1341 1013 perficit,
1377 943 1444 996 et
1479 939 1546 997 in
1578 938 1684 997 his
1718 938 1894 998 Deus
1928 938 2114 998 velut
2148 953 2185 996 a
2224 936 2590 995 femoribus
2625 951 2838 1012 usque
2872 935 2955 993 ad
2989 950 3204 1009 genua
3254 929 3379 992 sua

282 1043 398 1113 est,
433 1038 555 1114 qui
590 1053 745 1097 cum
784 1037 951 1098 haec
985 1039 1206 1099 omnia
1240 1040 1323 1099 ab
1362 1040 1508 1116 ipso
1542 1040 1934 1116 procedunt,
1986 1040 2070 1100 ab
2123 1040 2270 1114 ipso
2317 1038 2523 1097 etiam
2559 1038 2640 1096 ad
2675 1037 3190 1112 completionem
3231 1049 3379 1111 per-³

283 1140 589 1200 fectionis
625 1145 1114 1201 sustentantur.
1165 1142 1348 1202 Unde
1397 1147 1464 1201 et
1511 1143 1573 1201 ei
1608 1159 1646 1201 a
1684 1141 2052 1203 femoribus
2100 1141 2615 1217 procreationiS,
2666 1155 2819 1198 cum
2869 1138 3041 1197 bona
3075 1152 3278 1213 opera
3314 1138 3378 1197 in

287 1243 552 1302 homine
585 1261 625 1302 a
657 1243 791 1303 Deo
825 1250 1286 1320 procreantur,
1323 1261 1537 1322 usque
1574 1245 1656 1304 ad
1690 1261 1906 1321 genua
1939 1244 2476 1318 confortationiS,
2513 1260 2666 1303 cum
2701 1261 2739 1303 a
2773 1243 2905 1302 Deo
2952 1242 3376 1315 roborantur,

285 1361 394 1422 pro
441 1347 853 1406 vestimento
902 1347 1409 1422 glorificationis
1444 1356 1621 1424 sunt;
1659 1350 1974 1426 quoniam
2002 1350 2262 1425 justum
2294 1354 2400 1408 est
2434 1354 2507 1408 ut
2542 1347 2739 1409 homo
2773 1349 2854 1407 de
2887 1348 3081 1408 bonis
3116 1347 3379 1407 actibus

284 1450 419 1510 suis
452 1467 588 1510 non
622 1451 777 1526 sibi,
828 1453 947 1511 sed
994 1452 1127 1512 Deo
1177 1452 1461 1528 gloriam
1509 1453 1639 1514 det.
1691 1453 1816 1512 Sed
1863 1459 1930 1512 et
1980 1454 2153 1529 ignis
2189 1459 2459 1512 sanctae
2504 1452 2943 1526 ascensioniS,
2991 1468 3124 1528 quo
3159 1450 3378 1510 fidelis

276 1555 493 1615 anima
526 1554 937 1630 accenditur,
989 1572 1073 1616 ne
1123 1558 1188 1616 in
1238 1559 1491 1618 sanctis
1525 1559 1845 1633 operibus
1880 1563 2147 1617 arescat
2183 1562 2297 1616 aut
2333 1556 2622 1630 deficiat,
2661 1561 2727 1615 et
2763 1556 2874 1615 lux
2907 1555 3219 1616 veritatis
3260 1555 3374 1615 ubi

281 1659 456 1718 bona
493 1657 671 1719 fama
708 1660 774 1718 in
807 1659 1191 1720 hominibus
1223 1661 1491 1721 videtur
1524 1667 1592 1721 et
1624 1661 1916 1736 auditur,
1952 1662 2378 1721 vestimentis
2414 1661 2675 1721 scilicet
2708 1661 2923 1736 gloria
2957 1661 3073 1720 Dei
3120 1678 3241 1737 pro
3277 1677 3382 1721 or-

284 1768 444 1823 natu
477 1769 657 1838 sunt;
694 1764 853 1840 quia
885 1763 1050 1824 haec
1082 1766 1304 1824 omnia
1338 1765 1420 1825 ad
1453 1765 1739 1841 gloriam
1763 1772 1830 1825 et
1858 1766 1938 1824 ad
1965 1765 2287 1825 honorem
2321 1765 2437 1824 Dei
2474 1765 2637 1825 fiunt
2661 1762 2736 1844 ²).
2774 1765 2936 1825 Nam
2976 1770 3209 1825 sancta
3244 1766 3383 1825 ani-

289 1884 390 1928 ma
428 1868 510 1928 de
538 1869 745 1945 justis
779 1870 1096 1946 operibus
1132 1886 1304 1947 quae
1338 1871 1403 1930 in
1436 1867 1635 1930 carne
1670 1876 2010 1947 operatur,
2050 1871 2335 1945 gloriam
2367 1876 2433 1929 et
2470 1869 2790 1930 honorem
2824 1869 2957 1930 Deo
2984 1869 3193 1944 dabit,
3223 1870 3379 1944 quia

289 1985 406 2045 per
439 1970 848 2046 adjutorium
881 1973 1028 2048 ejus
1064 1972 1178 2032 illa
1211 1973 1493 2048 perficit,
1532 1973 2094 2049 quemadmodum
2122 1971 2448 2048 propbeta
2490 1976 2803 2041 testatur,
2841 1971 3089 2030 dicens:

1679 2201 1684 2204 ’
1746 2196 1903 2257 XXI.

1391 2395 1603 2454 David
1651 2394 1735 2452 ad
1784 2394 2079 2453 eamdem
2132 2412 2289 2452 rem.

372 2602 478 2663 29.
520 2603 698 2664 Deus
730 2622 915 2663 meus
949 2602 1212 2678 adjutor
1244 2621 1454 2677 meua,
1490 2609 1550 2662 et
1588 2603 1856 2680 sperabo
1887 2607 1960 2663 in
1994 2623 2167 2664 eum.
2208 2606 2552 2665 Protector
2574 2621 2783 2678 meua,
2813 2609 2873 2663 et
2904 2623 3109 2665 cornu
3143 2605 3378 2664 salutis

281 2720 485 2780 meae,
508 2712 572 2764 et
600 2713 936 2784 susceptor
960 2724 1167 2766 meus.
1193 2700 1242 2784 ³)
1267 2707 1471 2781 Cujus
1500 2722 1740 2766 sensus
1767 2708 1926 2767 talis
1951 2714 2076 2767 est.
2099 2707 2275 2767 Deus
2303 2723 2513 2782 meuS,
2536 2723 2657 2782 per
2684 2723 2883 2783 quem
2910 2714 3179 2768 creatus
3206 2723 3377 2782 sum,

280 2810 343 2865 et
374 2821 495 2882 per
526 2823 728 2884 quem
760 2809 939 2884 viVO,
975 2813 1043 2868 et
1076 2809 1158 2868 ad
1192 2824 1393 2885 quem
1441 2809 1667 2884 tendo,
1722 2826 1875 2870 cum
1925 2811 2217 2886 suspiro,
2253 2816 2320 2869 et
2355 2827 2392 2869 a
2430 2826 2561 2886 quo
2596 2826 2901 2886 quaeque
2935 2810 3107 2870 bona
3154 2817 3383 2886 postu-

285 2908 365 2982 10,
401 2911 563 2986 quia
599 2911 818 2985 ipsum
849 2911 1058 2972 Deum
1091 2927 1314 2971 meum
1346 2928 1498 2971 esse
1549 2914 1714 2987 scio,
1765 2919 1833 2973 et
1865 2915 2023 2990 quia
2074 2930 2177 2972 me
2212 2914 2308 2973 illi
2346 2914 2603 2973 servire
2636 2913 3157 2990 debere‘sentiO,
3210 2933 3373 2993 quo·

278 3012 453 3072 niam
484 3028 608 3089 per
639 3029 793 3074 eum
826 3014 1239 3075 intellectum
1289 3013 1523 3090 habe0,
1580 3016 1646 3075 in
1697 3017 2007 3076 omnibus
2057 3015 2252 3076 bonis
2301 3016 2571 3093 adjutor
2604 3033 2793 3077 meus
2829 3023 2955 3093 est,
3009 3019 3167 3095 quia
3200 3018 3373 3080 bona

283 3131 477 3192 opera
511 3133 636 3193 per
669 3120 889 3194 ipsum
921 3119 1215 3195 perficiO.
1250 3118 1433 3180 Unde
1465 3120 1672 3179 etiam
1721 3136 1908 3196 spem
1959 3136 2174 3180 meam
2212 3122 2277 3180 iu
2310 3137 2462 3180 eum
2495 3137 2762 3196 ponam,
2801 3122 3117 3198 quoniam
3151 3124 3371 3198 gratia

286 3212 494 3295 ipsius
525 3222 712 3282 velut
743 3224 1144 3282 vestimento
1181 3223 1435 3283 induor.
1469 3223 1549 3283 Et
1584 3224 1681 3283 sic
1707 3223 2022 3284 defensor
2048 3241 2238 3284 meus
2272 3231 2398 3299 est,
2428 3225 2586 3301 quia
2620 3241 2658 3283 a
2693 3226 2867 3285 malo
2903 3226 3195 3301 protegit
3231 3242 3360 3302 me,

287 3324 600 3399 quoniam
635 3326 811 3385 mala
859 3327 1270 3386 conscientia
1321 3343 1465 3386 mea
1515 3344 1620 3387 me
1654 3321 1935 3401 mordet,
1988 3344 2067 3387 ac
2101 3329 2456 3388 consilium
2492 3328 2654 3387 mihi
2689 3329 2825 3402 dat,
2861 3335 3193 3404 quatenus
3242 3347 3374 3391 non

290 3429 457 3489 mala
482 3445 687 3505 opera
708 3425 757 3509 ⁴)
789 3429 1048 3491 faciam.
1071 3429 1196 3489 Sed
1225 3431 1366 3507 ipse
1391 3431 1568 3491 Deus
1596 3448 1803 3491 cornu
1830 3432 2227 3492 salvationis
2256 3432 2515 3492 animae
2552 3447 2740 3491 meae
2764 3438 2890 3507 est,
2919 3435 3236 3509 quoniam
3261 3451 3380 3513 per

285 3528 599 3605 Spiritum
633 3531 950 3592 Sanctum
984 3534 1200 3609 legem
1235 3550 1339 3592 me
1372 3533 1589 3609 docet,
1628 3536 1695 3594 in
1727 3551 1858 3611 qua
1892 3535 2040 3594 vias
2075 3535 2221 3611 ejus
2257 3535 2615 3611 ambulem,
2651 3541 2719 3595 et
2754 3535 2820 3594 in
2853 3553 2985 3613 qua
3020 3538 3244 3598 cibum
3279 3541 3377 3599 vi-

290 3640 390 3694 tae
419 3636 706 3711 capiam,
744 3637 859 3712 qui
893 3652 1052 3696 vere
1086 3638 1514 3699 credentibus
1549 3639 1631 3698 ad
1666 3640 1876 3700 vitam
1910 3639 2131 3714 datur;
2169 3656 2368 3716 quem
2402 3641 2559 3699 dum
2594 3656 2983 3718 perceper0,
3030 3642 3207 3704 Deus
3256 3660 3379 3722 per

292 3740 506 3800 omnia
540 3739 706 3799 haec
740 3756 845 3800 me
894 3741 1382 3801 sanctificatum
1415 3748 1483 3802 et
1515 3743 1802 3802 electum
1839 3743 2112 3819 factum,
2161 3744 2225 3803 in
2274 3759 2536 3804 summa
2570 3743 2984 3805 beatitudine
3026 3748 3370 3825 suscipiet,

293 3856 366 3901 ac
396 3843 459 3903 in
493 3845 716 3903 sinum
751 3859 948 3903 suum
981 3843 1358 3905 collocabit.

1718 4055 1927 4119 XXII.

869 4269 961 4330 De
1009 4269 1487 4328 elementorum
1535 4270 1621 4342 vi,
1672 4273 1736 4326 et
1785 4269 1865 4328 de
1915 4271 2182 4328 animae
2232 4273 2371 4328 vita
2419 4271 2782 4346 spirituali.

374 4475 478 4535 30.
514 4475 640 4535 Sed
673 4481 742 4534 et
773 4475 855 4534 de
887 4476 1177 4536 medulla
1225 4492 1544 4537 coxarum
1592 4477 1761 4552 ejus,
1815 4476 2076 4537 scilicet
2123 4477 2449 4553 praedicti
2486 4477 2638 4553 viri,
2675 4479 2857 4538 vires
2891 4478 3375 4540 elementorum

299 4580 633 4654 exsudant,
671 4585 741 4639 et
774 4580 1014 4640 iterum
1051 4582 1117 4640 in
1150 4581 1420 4640 easdem
1455 4580 1783 4641 medullas
1816 4581 2116 4656 redeunt,
2153 4582 2338 4642 velut
2373 4582 2569 4642 homo
2607 4582 2889 4643 halitum
2940 4599 3134 4643 suum
3184 4586 3376 4644 emit-

300 4683 371 4743 tit
411 4689 478 4743 et
525 4684 771 4744 iterum
819 4683 902 4743 ad
951 4699 1023 4743 se
1072 4683 1299 4757 trahit:
1352 4684 1667 4760 quoniam
1717 4689 1789 4743 ut
1824 4683 2116 4743 medulla
2150 4683 2492 4744 hominum
2527 4684 2892 4760 confortat,
2944 4690 3012 4744 et
3044 4691 3118 4745 ut
3168 4701 3374 4746 coxae

300 4786 431 4861 ejus
463 4788 686 4863 ipsum
724 4786 964 4861 ferunt,
1005 4788 1096 4848 ita
1120 4804 1196 4847 ex
1236 4788 1606 4848 fortissima
1638 4789 1705 4848 vi
1741 4789 2082 4848 Creatoris
2115 4788 2405 4847 virtutes
2438 4789 2943 4863 elementorum,
2982 4806 3153 4866 quae
3190 4806 3375 4850 mun-

299 4888 440 4951 dum
470 4897 699 4951 tenent
731 4897 799 4951 et
829 4898 1121 4968 portant,
1159 4893 1549 4969 procedunt,
1580 4909 1732 4953 cum
1766 4893 2080 4967 calorem,
2113 4892 2602 4967 humiditatem,
2632 4893 3042 4953 viriditatem
3078 4910 3155 4954 ac
3190 4900 3373 4952 tena-

307 4994 559 5055 citatem
593 4996 887 5057 diversis
921 4999 1253 5058 creaturis
1290 4997 1603 5072 inferunt,
1641 5013 1793 5058 cum
1826 5013 1942 5057 eas
1980 4998 2357 5073 germinare
2383 5003 2450 5056 et
2484 5014 2788 5057 crescere
2824 4999 3095 5074 faciunt,
3126 5005 3190 5057 et
3225 5014 3375 5057 cum

373 5159 411 5227 ¹)
437 5161 588 5218 ludat
614 5162 684 5225 A,
719 5162 807 5217 W.
843 5197 904 5205 -
931 5165 977 5231 ²)
1003 5171 1127 5222 sunt
1154 5165 1243 5220 W.
1277 5196 1343 5204 —
1371 5166 1413 5233 ³)
1441 5166 1530 5222 Ps.
1562 5164 1749 5229 xvn,
1778 5168 1832 5230 2,
1864 5169 1912 5222 8.
1944 5196 2011 5205 —-
2042 5165 2082 5233 ⁴)
2111 5172 2377 5237 quatenus
2404 5165 2548 5221 mala
2575 5183 2659 5237 op.
2689 5164 2779 5219 W.
