4036 6117
774 506 856 567 12
1919 519 1973 569 s.
2025 520 2574 570 mnnseARms

690 640 770 702 Et
800 640 984 701 dixit:
1026 659 1058 699 «
1096 638 1327 700 Melius
1361 640 1463 699 est
1496 637 1726 699 ludere
1759 656 1962 716 quam
1996 641 2342 701 tristitiam
2375 642 2653 716 habere3
2688 654 2844 701 nam
2877 639 3072 700 ludus
3103 637 3291 700 nefas
3324 657 3454 701 non
3477 643 3605 702 est.
3628 641 3813 702 Coe-

698 764 732 804 ι»
773 746 911 805 lum
944 760 1097 804 cum
1138 743 1319 803 omni
1352 747 1662 803 creatura
1697 745 2005 820 laetatur,
2044 745 2216 805 unde
2250 748 2316 805 et
2346 761 2470 821 ego
2505 762 2657 805 cum
2691 745 2852 819 ipsis
2886 744 3210 820 gaudebo,
3247 743 3314 804 Si
3345 746 3521 804 enim
3545 761 3654 804 me
3683 745 3815 805 tri-

693 867 726 907 »
764 851 935 910 stem
983 847 1368 907 hominibus
1411 847 1821 923 exhiberem,
1875 864 1978 907 me
2030 849 2499 923 abhorrerent,
2538 851 2605 910 et
2638 867 2675 908 a
2711 864 2818 908 me
2852 848 3176 923 sugerent.
3212 846 3338 907 Sed
3372 848 3499 908 hoc
3532 865 3666 907 non
3703 848 3812 907 fa-

696 972 728 1011 »
768 953 961 1012 ciam.
1012 953 1177 1011 Nam
1228 951 1294 1010 in
1345 951 1589 1011 multas
1639 954 1864 1026 partes
1914 951 2183 1011 ludendi
2234 968 2338 1012 me
2372 953 2677 1027 movebo,
2713 953 3042 1028 quatenus
3077 966 3306 1010 omnes
3341 966 3600 1010 mecum
3633 967 3815 1027 gau-

698 1076 731 1115 »
770 1057 988 1117 deant.
1038 1055 1213 1115 Deus
1264 1071 1486 1114 aerem
1536 1056 1815 1130 creavit,
1854 1056 1970 1131 qui
2002 1054 2266 1115 dulcem
2302 1073 2537 1116 sonum
2572 1054 2737 1116 mihi
2770 1054 3050 1131 confert,
3085 1057 3152 1114 et
3183 1055 3299 1131 qui
3333 1055 3530 1114 flores
3561 1053 3812 1114 viridi-

696 1179 729 1219 »
771 1159 926 1221 tatis
974 1157 1140 1218 mihi
1174 1159 1470 1233 protulit,
1506 1160 1575 1219 in
1609 1159 1853 1236 quibus
1886 1159 2107 1219 visum
2140 1161 2490 1220 oculorum
2522 1176 2825 1220 meorum
2855 1175 3078 1235 pasco.
3112 1158 3193 1219 Et
3224 1174 3433 1234 quare
3465 1175 3597 1217 non
3630 1173 3812 1233 gau-

696 1282 729 1323 »
769 1265 997 1324 derem
1045 1279 1199 1323 cum
1245 1263 1421 1323 illis?
1468 1263 1786 1323 Homines
1834 1279 2104 1341 quoque
2136 1279 2291 1324 cum
2323 1263 2749 1339 animalibuS,
2781 1266 2849 1325 et
2881 1262 3194 1323 animalia
3227 1278 3380 1323 cum
3412 1260 3806 1322 hominibus

700 1388 732 1427 n
771 1368 1028 1443 ludunt,
1066 1371 1133 1427 et
1163 1367 1292 1427 hoc
1326 1367 1725 1427 conveniens
1760 1369 1880 1428 est.
1907 1386 1942 1424 2)

2188 1575 2287 1637 VI.

1794 1784 2206 1861 Responsum
2252 1786 2717 1845 verecundiae.

777 1994 880 2055 15.
929 1992 1008 2054 Et
1056 1994 1297 2054 iterum
1344 1991 1424 2051 de
1460 1989 1760 2067 praefata
1794 1990 2061 2051 turbida
2095 1990 2270 2051 nube
2303 1991 2531 2052 audivi
2564 2007 2795 2052 vocem
2830 1991 3044 2052 eidem
3077 1991 3354 2066 imagini
3389 1989 3808 2065 responden-

684 2103 835 2160 tem:
893 2118 925 2158 <t
978 2100 1072 2158 Tu
1122 2097 1506 2157 idolatrium
1538 2090 1584 2174 ¹)
1620 2111 1726 2170 eS,
1763 2110 1935 2171 quae
1970 2095 2193 2154 omnia
2225 2095 2587 2155 secundum
2620 2096 3031 2155 voluntatem
3066 2097 3249 2155 tuam
3284 2092 3472 2170 facie,
3509 2096 3574 2153 et
3606 2109 3800 2153 mor-

691 2223 723 2262 »
764 2207 916 2264 tuus
966 2218 1167 2261 sonus
1216 2200 1379 2270 eris,
1432 2199 1546 2277 qui
1593 2197 1643 2278 ²)
1694 2198 1775 2258 de
1825 2215 2026 2258 manu
2076 2198 2418 2258 hominum
2470 2199 2686 2259 factus
2718 2201 2840 2260 est.
2876 2199 3192 2259 Voluntas
3225 2213 3491 2274 quoque
3524 2200 3637 2258 tua
3673 2195 3806 2255 hu-

692 2327 723 2366 »
763 2324 959 2367 mana
1007 2308 1074 2365 et
1120 2303 1423 2365 bestialis
1472 2305 1606 2377 est,
1659 2303 1818 2378 quia
1866 2301 2068 2362 modo
2112 2302 2461 2377 humanOS,
2511 2301 2709 2363 modo
2758 2303 3073 2362 bestiales
3107 2317 3327 2361 mores
3362 2300 3588 2361 habes,
3621 2300 3799 2359 Nam

692 2430 725 2469 »
764 2425 991 2470 omnes
1040 2424 1263 2469 mores
1310 2407 1408 2466 tui
1456 2405 1817 2467 seeundum
1868 2408 2213 2466 creaturas
2263 2408 2438 2481 sunt,
2491 2423 2622 2468 non
2653 2406 2976 2482 viventes„
3014 2405 3130 2466 sed
3162 2405 3432 2481 mortui,
3470 2404 3796 2481 quoniam

694 2534 729 2573 »
765 2512 1088 2591 quidquid
1136 2511 1585 2586 concupisciS,
1637 2509 1765 2571 hoc
1813 2512 2033 2585 teneS‚
2079 2512 2147 2570 et
2191 2511 2262 2570 in
2310 2510 2661 2571 itineribus
2693 2510 3231 2570 vicissitudinum
3264 2508 3580 2569 vanitatis
3617 2507 3808 2566 ince-

697 2636 730 2676 ν
768 2618 891 2677 dis,
942 2617 1080 2692 Ego
1129 2616 1349 2675 autem
1400 2613 1480 2673 de
1515 2613 1826 2674 omnibus
1859 2613 1962 2673 his
1996 2614 2351 2690 erubesco,
2388 2616 2455 2675 et
2487 2614 2611 2674 alis
2646 2614 2982 2675 Cherubin
3013 2629 3119 2674 me
3151 2616 3327 2689 tege,
3365 2628 3443 2672 ac
3474 2609 3805 2687 mysteria

689 2741 723 2779 n
759 2721 877 2781 Dei
928 2721 996 2779 in
1042 2719 1493 2779 voluminibus
1540 2720 1608 2778 et
1656 2717 1722 2776 in
1769 2718 2057 2777 decretis
2104 2717 2224 2777 Dei
2269 2718 2488 2793 disce,
2541 2734 2618 2778 ac
2666 2718 2733 2777 in
2782 2718 3091 2778 omnibus
3125 2716 3527 2777 coelestibus
3558 2712 3799 2775 vitalis

697 2843 729 2881 »
772 2840 942 2883 sum.
974 2823 1137 2883 Nam
1170 2838 1293 2897 per
1324 2821 1555 2882 oculos
1589 2820 2005 2882 innocentiae
2039 2821 2266 2897 video,
2300 2824 2369 2882 et
2399 2822 2694 2898 undique
2728 2820 3023 2884 honestis
3057 2820 3360 2882 moribus
3393 2820 3461 2881 in
3490 2818 3811 2880 volunta-

702 2946 735 2985 »
775 2930 839 2989 te
870 2926 988 2986 Dei
1023 2926 1299 3003 aspicie,
1335 2925 1513 3003 quod
1548 2928 1620 2987 tu
1655 2925 1722 2986 in
1752 2925 2127 3001 ignorantia
2162 2925 2507 2987 coecitatis
2544 2924 2739 3001 fugis.
2765 2943 2799 2983 ι

2179 3132 2315 3194 vn.

1892 3339 2096 3401 Verba
2139 3339 2611 3403 obdurationis,

786 3550 889 3612 16.
925 3551 1173 3623 Quarta
1207 3551 1429 3611 autem
1463 3549 1682 3625 imago
1716 3548 1910 3626 quasi
1941 3549 2187 3610 densus
2222 3548 2444 3610 fumus
2479 3551 2563 3611 ad
2596 3554 2921 3613 staturam
2958 3550 3245 3612 hominis
3293 3551 3459 3626 erat,
3496 3566 3618 3611 nec
3649 3550 3796 3611 ulla

694 3656 993 3716 membra
1028 3653 1355 3714 humanae
1391 3653 1644 3714 formae
1681 3653 1991 3729 habebat,
2028 3657 2303 3730 excepto
2335 3655 2513 3731 quod
2545 3654 2830 3732 grandes
2863 3658 2931 3716 et
2962 3656 3137 3732 nigri
3171 3656 3350 3717 oculi
3386 3657 3453 3715 in
3483 3672 3562 3715 eo
3591 3671 3804 3731 appa-

697 3762 995 3834 ruerunt,
1048 3762 1115 3818 et
1145 3774 1266 3818 nec
1300 3757 1737 3833 ascendendo,
1773 3773 1895 3816 nec
1929 3757 2410 3835 descendendO,
2447 3776 2569 3820 nec
2603 3761 2729 3821 hac
2761 3777 2842 3821 ac
2875 3761 3027 3821 illac
3059 3761 3449 3823 divertendo
3480 3762 3805 3822 moveba-

697 3869 825 3938 tur,
865 3862 980 3922 sed
1016 3864 1271 3922 tantum
1309 3861 1545 3921 infixus
1576 3854 1625 3941 ³)
1662 3862 1729 3920 in
1762 3861 2087 3937 praefatis
2121 3863 2415 3924 tenebris
2447 3865 2776 3926 manebat.
2811 3864 2891 3926 Et
2922 3865 3208 3926 dicebat:

787 3988 820 4028 α
857 3966 991 4042 Ego
1040 3966 1296 4026 nullum
1348 3966 1596 4041 creavi,
1646 3981 1770 4026 nec
1818 3967 2154 4028 constitui.
2207 3969 2422 4040 Quare
2471 3985 2629 4044 ergo
2678 3985 2883 4030 causa
2914 3970 3119 4030 ullius
3152 3970 3552 4045 laborarem,
3589 3969 3658 4029 et
3689 3983 3801 4027 me

696 4093 728 4132 »
766 4071 1243 4132 dilacerarem‘?
1276 4070 1399 4130 Sed
1435 4068 1560 4129 hoc
1592 4087 1722 4129 non
1758 4069 2024 4131 faciam.
2055 4071 2191 4147 Ego
2225 4073 2401 4132 enim
2438 4089 2557 4147 pro
2583 4075 2763 4134 nullo
2789 4075 2941 4150 plus
2966 4075 3402 4150 sollicitabor,
3430 4075 3561 4135 nisi
3585 4089 3804 4150 quan-

687 4195 717 4232 »
759 4179 897 4236 tum
950 4176 1089 4251 ipse
1124 4190 1245 4250 pro
1279 4190 1385 4234 me
1418 4174 1700 4235 laborat.
1733 4174 1909 4234 Deus
1941 4175 2060 4252 qui
2092 4179 2333 4236 cuneta
2365 4177 2639 4252 creavit,
2677 4193 2757 4239 ea
2789 4178 3111 4254 dijudicet
3140 4181 3209 4239 et
3238 4181 3576 4254 procuret.
3610 4178 3784 4237 Nam

695 4298 726 4337 ))
767 4281 822 4340 si
856 4293 1090 4340 sonum
1122 4279 1375 4353 darem,
1414 4278 1653 4339 blande
1688 4278 2093 4340 sciscitando
2128 4278 2209 4338 de
2243 4280 2440 4340 rebus
2475 4282 2794 4357 aliorum,
2831 4283 2991 4359 quid
3025 4282 3152 4344 hoc
3198 4283 3361 4343 mihi
3409 4283 3799 4360 prodesset?

700 4401 732 4440 »
772 4383 896 4442 Sed
945 4398 1067 4442 nec
1113 4382 1382 4457 bonum,
1435 4398 1556 4442 nec
1603 4384 1852 4443 malum
1901 4383 2022 4444 ulli
2073 4383 2374 4445 inferam.
2426 4384 2492 4444 Si
2525 4387 2699 4446 enim
2736 4389 2986 4448 tantam
3022 4391 3550 4465 compassionem
3587 4390 3654 4449 in
3685 4405 3798 4449 me

765 4624 808 4691 ¹)
834 4624 1167 4681 Idolatrium
1187 4640 1396 4681 novum
1423 4628 1509 4682 est
1537 4625 1875 4682 vocabulum
1893 4626 2046 4698 quod
2064 4624 2200 4683 Can-
2275 4626 2344 4682 ad
2387 4628 2597 4684 calcem
2649 4634 3041 4692 reservantur.
3090 4645 3163 4686 ne
3209 4628 3537 4703 importuna
3587 4629 3793 4686 lectori

693 4711 787 4781 gio
824 4726 950 4765 meo
986 4711 1165 4774 deest,
1204 4711 1304 4782 qui
1348 4716 1537 4767 tamen
1574 4729 1644 4766 ex
1677 4728 1791 4767 uno
1815 4711 1913 4766 dat
1939 4712 2201 4783 exemplo
2275 4729 2431 4767 mora
2470 4720 2715 4778 ereetum
2757 4731 2953 4770 verum
2992 4715 3131 4771 satis
3168 4731 3291 4770 rara
3326 4720 3481 4779 sunt,
3510 4731 3693 4786 neque
3718 4733 3792 4772 ex

687 4799 987 4854 idolatriam
1029 4813 1130 4868 pro
1175 4799 1417 4859 idolum,
1466 4797 1645 4852 simili
1687 4813 1854 4853 sensu
1896 4814 1959 4852 ac
2005 4813 2197 4870 supra.
2275 4801 2380 4856 hoc
2416 4816 2582 4872 opere
2619 4802 2990 4857 confirmatur
3023 4801 3174 4855 sama
3200 4800 3411 4856 ferreae
3436 4804 3495 4856 et
3518 4800 3796 4857 obscurae

689 4881 954 4953 idemque
988 4884 1223 4938 sortasse
1257 4884 1351 4939 hic
1378 4885 1695 4952 legendum.
1724 4884 2021 4941 Caeterum
2052 4886 2201 4941 inso-
2278 4890 2533 4958 loquelae
2574 4893 2866 4960 tantopere
2903 4890 3172 4944 adversus
3209 4889 3310 4943 hos
3348 4887 3525 4943 libros
3549 4886 3795 4943 circum-

687 4967 867 5024 lentia
896 4970 1190 5030 vocabula,
1214 4969 1303 5024 uti
1324 4972 1583 5043 pleniter,
1604 4972 1889 5034 vocabilis,
1912 4978 2202 5028 transmor-
2276 4975 2422 5038 lata,
2464 4975 2710 5031 maxime
2749 4976 2898 5048 apud
2939 4975 3070 5031 illos
3105 4975 3207 5047 qui
3245 4973 3688 5045 Hildegardiana
3721 4991 3795 5030 ne

686 5055 839 5118 debe,
874 5054 1300 5120 cherubizando,
1330 5058 1746 5119 aeternitaliter,
1776 5062 2035 5122 irretiunt,
2064 5059 2198 5124 alia,
2277 5061 2515 5117 summis
2552 5061 2783 5132 quidem
2823 5061 3000 5118 labris
3038 5060 3296 5130 attigere.
3338 5091 3408 5100 —-
3437 5063 3484 5128 2)
3516 5067 3565 5118 et
3587 5065 3690 5135 qui
3712 5058 3791 5125 A,

688 5158 832 5212 quae
862 5158 989 5198 mox
1018 5147 1075 5198 ct
1104 5143 1346 5200 subinde
1373 5150 1692 5210 occurrent,
1716 5146 1989 5219 peculiari
2016 5147 2200 5204 lexico
2272 5167 2325 5206 es
2349 5153 2451 5220 qui
2474 5148 2566 5203 W.
2600 5180 2667 5188 —
2692 5147 2736 5215 ³)
2762 5150 2908 5220 fixus
2934 5146 3004 5212 Α,
3036 5147 3147 5205 fort
3171 5148 3352 5219 infixa
3377 5148 3507 5204 mel.
