4036 6117
1322 506 1787 554 131³1s‘r0LAnu1u
1840 505 2025 551 NOVA
2075 502 2321 550 sames.
3174 480 3299 546 551

284 641 520 713 guant,
575 635 784 695 multa
820 630 963 711 (fol.
1018 629 1130 710 86)
1169 629 1407 690 merita
1459 631 1521 689 in
1558 628 1965 689 coelestibus
2015 627 2360 687 habentes,
2396 624 2475 684 Et
2523 623 2760 684 exhibe
2797 624 2931 685 illis
2966 631 3230 685 scutum
3263 625 3375 684 de-

286 742 606 803 fensionis
655 740 737 799 de
773 740 913 800 sole
958 739 1289 814 Justitiae,
1326 743 1393 796 et
1426 736 1730 795 armillas
1763 750 1841 794 ac
1877 737 2258 794 armaturas
2295 732 2715 793 obedientiae
2749 731 2831 790 de
2866 731 3039 790 nube
3071 730 3373 805 discipli-

283 866 430 921 nae,
468 849 547 908 de
584 848 831 924 quibus
868 862 940 906 se
977 853 1199 905 tamen
1234 844 1340 902 vix
1377 843 1687 918 expedire
1723 847 2007 917 possunt
2041 856 2202 916 prae
2251 840 2613 915 gravedine
2649 846 3096 916 peccatorum.
3149 837 3273 898 Sed
3308 844 3376 896 et

288 959 428 1013 rete
464 953 910 1028 correptionis
947 967 1166 1011 coram
1207 951 1306 1009 eis
1340 948 1660 1024 expande,
1698 946 2105 1022 compellens
2147 961 2263 1005 eos
2298 948 2551 1005 rectam
2587 946 2765 1004 viam
2813 945 3181 1019 ambulare,
3220 944 3381 1019 quia

286 1060 465 1121 Deus
513 1060 771 1118 coelum
807 1063 875 1117 et
923 1063 1170 1117 terram
1212 1057 1271 1114 in
1310 1071 1547 1129 magna
1583 1052 1795 1128 gloria
1831 1051 2206 1125 constituit,
2243 1057 2310 1109 et
2344 1051 2579 1110 suavia
2613 1066 2691 1109 ac
2723 1050 2890 1110 dura
2927 1049 3019 1109 ita
3052 1052 3382 1126 tempera·-

290 1166 391 1225 vit
446 1164 623 1242 quod
682 1163 820 1239 pati
869 1163 1200 1236 poterunt.
1238 1162 1454 1235 Atque
1507 1156 2038 1217 misericordiam
2096 1155 2385 1229 imitare,
2423 1169 2594 1231 quae
2654 1154 2875 1213 omnia
2927 1154 3017 1213 ita
3073 1154 3386 1230 explanat

293 1271 470 1347 quod
522 1270 829 1346 superari
886 1268 1146 1340 valent;
1200 1263 1314 1323 sed
1380 1267 1448 1320 et
1497 1267 1800 1337 tempora
1863 1266 2241 1335 temporum
2307 1258 2635 1333 discerne,
2687 1273 2766 1316 ac
2828 1257 3056 1318 mollia
3104 1273 3386 1333 corpora

294 1376 585 1435 filiorum
637 1380 904 1433 tuorum
943 1369 1196 1445 inspice
1246 1365 1612 1425 secundum
1656 1364 1937 1424 verbum
1984 1363 2127 1439 Dei,
2164 1363 2277 1423 ubi
2328 1362 2513 1421 dixit:
2554 1362 3072 1423 Misericordiam
3124 1363 3285 1436 volo,
3323 1368 3386 1421 et

294 1497 426 1537 non
479 1478 901 1556 sacrificium,
937 1469 983 1552 ¹)
1035 1478 1103 1531 et
1137 1472 1310 1531 sicut
1345 1472 1548 1530 etiam
1585 1469 1913 1544 apostolis
1948 1468 2142 1537 dixit,
2179 1467 2426 1543 quibus
2463 1466 2634 1526 lacte
2683 1482 2851 1542 opus
2886 1468 2991 1526 est
3021 1470 3088 1525 et
3121 1483 3251 1526 non
3286 1483 3391 1535 so-

297 1581 433 1641 lido
485 1577 535 1658 2)
573 1579 746 1654 cibo,
801 1584 1001 1653 atque
1035 1592 1187 1636 cum
1236 1576 1381 1635 oleo
1416 1589 1533 1633 eos
1586 1588 1778 1648 unge,
1829 1587 1911 1631 ne
1959 1587 2079 1648 per
2126 1570 2639 1632 amaritudinem
2689 1570 3019 1645 deficiant,
3057 1573 3124 1630 et
3156 1586 3237 1629 ne
3276 1587 3393 1647 per

303 1686 745 1762 ignorantiam
798 1688 1042 1743 errent.
1080 1683 1266 1741 Nunc
1317 1680 1543 1755 igitur,
1580 1696 1618 1739 o
1670 1680 1760 1738 fili
1808 1677 1926 1736 Dei
1974 1694 2152 1752 care,
2206 1677 2479 1752 provide
2529 1681 2602 1735 ut
2646 1676 2963 1751 templum
3015 1682 3203 1735 tuum
3238 1692 3431 1759 cum'

301 1790 754 1852 benivolentia
804 1789 1044 1861 luceat,
1082 1788 1150 1844 et
1179 1801 1260 1844 ne
1297 1801 1484 1844 mens
1533 1791 1649 1844 tua
1686 1784 1751 1842 in
1796 1782 2265 1843 vicissitudine
2297 1782 2576 1842 nubium
2610 1782 2801 1856 quasi
2842 1783 2904 1840 in
2934 1782 3224 1857 inquiete
3260 1781 3397 1841 bel-

299 1897 516 1955 lorum
568 1894 958 1966 circumeat,
998 1891 1114 1950 sed
1164 1905 1282 1949 cor
1332 1896 1517 1949 tuum
1569 1890 1634 1948 in
1669 1889 2107 1963 purissimum
2163 1887 2409 1947 sontem
2460 1887 2814 1961 constitue,
2865 1887 3031 1946 etin
3079 1886 3393 1946 dulcissi-

307 2016 411 2059 mo
449 2014 675 2059 amore
711 2013 860 2057 eum
898 1996 1324 2069 amplectere.

1799 2187 1896 2247 CI.

730 2383 1228 2461 Conyreqationi
1264 2380 1342 2441 de
1380 2387 1601 2442 sancto
1636 2382 1951 2442 Michaele
1986 2384 2060 2441 in
2096 2364 2511 2443 Babenbessrch
2549 2375 2988 2460 HildeqardiS.

385 2586 468 2642 Ex
496 2585 777 2642 Canticor.
810 2585 887 2640 vl
915 2582 1387 2641 commentarium
1416 2580 1703 2638 Ecclesiae
1730 2586 1787 2637 et
1813 2581 2236 2652 congregationi
2264 2581 2661 2653 Bambergensi
2690 2583 3090 2639 accommodat.

403 2724 475 2783 In
525 2721 890 2799 purissimo
946 2720 1124 2780 fonte
1172 2720 1334 2794 vidi,
1371 2724 1438 2781 et
1485 2721 1650 2780 haec
1697 2721 1903 2780 verba
1951 2720 2199 2780 audivi:
2236 2721 2514 2792 Quidam
2566 2722 2762 2782 homo
2805 2723 2987 2782 venit
3038 2724 3102 2783 in
3139 2723 3406 2785 bortum

318 2846 539 2903 suum,
594 2835 668 2889 ut
714 2827 976 2888 videret
1023 2828 1078 2887 si
1136 2827 1338 2886 flores
1390 2826 1479 2886 ibi
1529 2827 1873 2901 florerent,
1926 2832 1994 2887 et
2050 2828 2107 2886 si
2159 2834 2459 2887 aromata
2510 2828 2597 2887 ibi
2650 2833 3055 2904 crescerent,
3107 2836 3175 2888 et
3221 2831 3408 2891 dixit:

319 2934 646 2996 Descendi
693 2935 766 2992 in
800 2936 1064 2993 hortum
1111 2950 1382 3005 nucum,
1419 2939 1489 2991 ut
1528 2932 1814 2990 viderem
1844 2949 2045 3009 poma
2078 2921 2503 3002 convallium,
2540 2942 2599 2991 ct
2636 2935 3037 3008 inspicerem
3071 2936 3126 2993 si
3158 2936 3415 3012 floruis-

316 3046 462 3101 sent
510 3041 764 3112 vineae,
801 3046 861 3096 ct
911 3038 1396 3115 yerminassent
1433 3036 1611 3095 mala
1638 3037 1906 3113 punica.
1946 3037 2326 3111 Revertere,
2363 3044 2719 3110 revertere,
2761 3036 3154 3114 SunamitiS,
3192 3058 3415 3101 rever-

316 3154 482 3221 tere,
533 3151 889 3218 revertere,
924 3149 996 3202 ut
1032 3146 1414 3202 intueamur
1444 3137 1493 3218 ³)
1531 3149 1614 3200 te.

414 3254 555 3314 Hoc
588 3259 712 3313 est:
749 3253 958 3312 Filius
991 3250 1108 3310 Dei
1142 3250 1223 3310 de
1257 3250 1456 3310 corde
1490 3249 1712 3309 Patris
1745 3250 2115 3324 descendit,
2144 3253 2211 3311 et
2237 3252 2301 3310 in
2338 3251 2785 3311 amaritudine
2813 3258 3089 3312 naturae
3126 3253 3417 3316 hominis

320 3373 590 3417 carnem
643 3356 879 3429 induit,
918 3369 995 3413 ac
1047 3355 1111 3413 in
1145 3354 1292 3430 ipsa
1342 3354 1790 3413 amaritudine
1835 3355 2083 3414 multos
2132 3355 2399 3414 dolores
2435 3356 2690 3431 absque
2738 3359 3015 3431 peccato
3064 3360 3411 3436 sustinuit,

325 3470 394 3523 et
428 3462 526 3521 sic
575 3477 773 3537 poma
807 3460 1211 3519 convallium
1259 3459 1450 3533 vidit,
1487 3475 1635 3518 cum
1687 3460 2040 3535 prophetia
2076 3461 2139 3519 in
2193 3461 2335 3536 ipso
2379 3461 2710 3536 completa
2745 3468 2870 3521 est.
2916 3461 3157 3524 Postea
3191 3482 3304 3526 ros
3337 3467 3421 3529 de
3473 3504 3477 3509 ‚

326 3566 513 3626 coelo
563 3564 929 3638 descendit,
966 3569 1033 3622 et
1081 3564 1369 3639 apostoli
1405 3564 1985 3638 germinaverunt,
2024 3565 2288 3640 quando
2324 3569 2751 3642 praeceptum
2788 3566 2903 3625 Dei
2940 3567 3316 3646 audierunt,
3355 3578 3423 3633 et

332 3671 423 3731 ibi
459 3669 618 3730 illud
660 3668 1127 3745 impleverunt,
1167 3673 1344 3726 sicut
1376 3667 1626 3727 dictum
1662 3675 1784 3727 est:
1823 3670 1921 3727 Ite
1956 3671 2029 3729 in
2063 3668 2278 3728 orbem
2309 3673 2721 3744 universum,
2752 3677 2812 3729 et
2839 3673 3246 3749 praedicate,
3273 3671 3319 3754 ⁴)
3357 3683 3425 3736 et

330 3778 398 3836 in
445 3791 563 3850 spe
600 3773 873 3847 Christi,
928 3773 987 3831 si
1020 3772 1405 3832 floruissent
1457 3771 1705 3831 vineae.
1758 3772 1938 3831 Tunc
1972 3774 2173 3832 etiam
2224 3773 2467 3833 ardens
2505 3774 2606 3832 sol
2642 3774 2966 3848 quosdam
3006 3776 3271 3853 infudit,
3309 3782 3423 3856 qui

333 3885 608 3955 propter
657 3893 953 3937 amorem
999 3875 1115 3934 Dei
1165 3876 1557 3950 sanguinem
1595 3891 1789 3934 suum
1828 3876 2171 3951 fuderunt,
2210 3877 2473 3953 quando
2523 3883 2854 3952 martyres
2888 3877 3106 3939 effecti
3144 3889 3322 3957 sunt,
3358 3892 3426 3944 et

337 3985 438 4043 sic
488 3984 553 4043 in
589 3983 740 4042 istis
789 3982 1337 4058 germinaverunt
1373 3982 1547 4040 mala
1598 3983 1857 4056 punica.
1895 3983 1974 4042 Et
2025 3983 2149 4043 boc
2186 3983 2403 4056 mod0,
2455 3999 2575 4058 per
2609 3984 2805 4042 aliam
2858 3985 3100 4060 vitam,
3154 4005 3353 4064 quam
3389 4012 3428 4051 a

338 4090 554 4164 primo
605 4089 810 4148 Adam
848 4088 1254 4162 acceperint,
1308 4088 1560 4145 reversi
1599 4093 1775 4160 sunt,
1828 4096 2029 4163 atque
2067 4087 2245 4147 aliud
2297 4105 2537 4147 novum
2591 4105 2800 4164 genus
2851 4089 3191 4153 bominum
3228 4112 3431 4172 appa-

343 4195 511 4264 ruit,
563 4193 737 4269 quod
775 4200 927 4252 ante
978 4193 1397 4251 nativitatem
1452 4190 1650 4266 lmJus
1702 4191 1988 4252 bominis
2025 4210 2152 4252 non
2206 4193 2355 4263 fuit,
2393 4209 2540 4253 cum
2593 4194 2807 4253 eidem
2860 4194 3149 4258 humano
3199 4206 3428 4274 generi

340 4300 592 4358 dictum
643 4302 764 4356 est:
818 4299 1195 4370 Rei-emere,
1247 4304 1607 4369 revertere,
1663 4297 2050 4357 sunamitis,
2102 4298 2179 4358 Et
2212 4298 2309 4356 sic
2362 4299 2424 4356 in
2457 4298 2780 4374 Ecclesia,
2818 4301 3011 4375 quasi
3049 4302 3113 4361 in
3147 4306 3429 4369 coelesti

346 4406 716 4480 harmonia,
745 4405 1004 4466 elevata
1039 4412 1195 4465 sunt
1221 4406 1441 4464 omnia
1475 4411 1887 4478 ornamenta,
1919 4404 2181 4464 scilicet
2212 4407 2530 4465 exercitia
2566 4407 2976 4484 angelorum,
3007 4425 3156 4473 cum
3188 4412 3434 4478 iterum

343 4513 594 4572 dictum
643 4516 768 4570 est:
804 4513 1181 4584 Revertcre,
1233 4517 1584 4583 revertere,
1621 4516 1693 4567 ut
1742 4512 2130 4569 intucamur
2162 4518 2245 4570 te.
2296 4511 2461 4571 Nam
2496 4529 2728 4573 omnes
2762 4515 3092 4576 coelestes
3141 4520 3431 4584 virtutes

349 4617 590 4678 faciem
639 4615 981 4674 Ecclesiae
1029 4616 1471 4690 mirabantur,
1523 4615 1795 4691 quaein
1842 4615 2232 4691 virginitate
2266 4617 2446 4676 clare
2495 4618 2685 4694 vidit,
2723 4626 2790 4680 et
2830 4621 2898 4681 in
2949 4624 3326 4699 publicanis
3370 4633 3439 4691 et

348 4719 820 4800 peccatoribus
853 4725 1049 4778 acute
1083 4719 1362 4794 audivit,
1401 4724 1604 4795 atque
1642 4719 1708 4778 in
1743 4734 1902 4778 vera
1946 4720 2273 4780 viduitate
2324 4723 2546 4783 locuta
2578 4728 2702 4785 est.
2754 4725 3131 4797 Quomodo?
3163 4731 3438 4802 Quando

348 4824 524 4884 Deus
573 4825 771 4882 natus
818 4826 946 4894 est,
997 4821 1174 4880 oculi
1223 4821 1560 4881 Ecclesiae
1613 4822 1678 4880 in
1728 4822 2029 4896 virginea
2077 4829 2316 4883 natura
2366 4826 2579 4900 aperti
2630 4831 2804 4902 sunt,
2857 4834 2923 4887 et
2975 4830 3038 4889 in
3087 4837 3439 4898 vocatione

352 4938 778 5006 peccatorum
831 4937 898 4989 et
935 4931 1410 5007 poenitentium
1464 4933 1856 4992 acutissima
1891 4948 2052 4991 aure
2088 4933 2366 5008 audivit,
2405 4937 2602 5011 atque
2640 4937 2703 4994 in
2738 4953 2899 4996 vera
2933 4939 3259 5003 viduitate
3293 4961 3444 5006 ver-

355 5037 440 5096 ba
489 5037 849 5096 locutionis
883 5037 1230 5097 clamando
1284 5038 1584 5112 protulit,
1624 5038 1801 5098 sicut
1835 5038 2159 5114 scriptum
2195 5045 2319 5098 est:
2357 5040 2582 5117 Aquae
2616 5042 2865 5099 mzdlae
2914 5061 3041 5100 non
3073 5051 3439 5120 potuerunt

432 5223 473 5291 1)
503 5223 706 5280 Manu.
742 5224 842 5288 lx,
877 5229 958 5280 13.
996 5256 1059 5265 -
1085 5227 1130 5296 2)
1161 5224 1338 5280 Hebr.
1374 5224 1477 5290 ιιι,
1514 5229 1594 5281 12.
1628 5257 1695 5265 -
1722 5225 1766 5294 ³)
1793 5225 1952 5283 eant.
1989 5226 2087 5290 vl,
2122 5230 2206 5291 ιο,
2243 5232 2327 5316 ιι..
2362 5230 2441 5283 12.
2475 5257 2537 5266 -
2565 5228 2609 5295 ⁴)
2636 5226 2807 5284 Marc.
2840 5226 2999 5306 xvj,
3033 5234 3114 5287 ¹5.
