4036 6117
1583 504 2091 552 erist-omia.
3193 485 3323 545 595

297 631 414 703 tia,
451 627 556 688 vel
592 645 626 690 a
663 626 1234 688 circumventione
1269 643 1388 687 seu
1427 626 1659 687 fraude
1695 628 1914 689 hostis
1951 628 2207 704 antiqui
2244 627 2688 687 custodiebat.
2720 625 2862 685 Ibat
2900 642 3193 701 sursum,
3230 625 3387 684 dum

298 726 684 778 sanctorum
724 733 998 794 operum
1046 716 1437 791 quotidiano
1477 732 1597 775 usu
1649 733 1721 776 se
1754 723 2116 776 exerceret.
2154 717 2292 775 Non
2332 715 2817 787 revertebatur,
2855 715 3012 773 dum
3047 729 3387 790 nunquam

297 823 418 882 per
477 809 775 883 iniquum
827 807 1079 881 aliquid
1133 807 1258 865 sub
1314 807 1680 882 semetipso
1733 806 2081 865 recideret.
2135 806 2279 865 Ibat
2327 806 2551 877 tertio,
2602 804 2757 863 dum
2810 804 3056 864 mentis
3104 817 3389 863 excessu

296 912 764 972 nonnunquam
820 897 883 955 in
920 911 1212 968 superna
1263 900 1629 970 raperetur.
1667 894 2178 962 Revertebatur,
2233 894 2387 953 dum
2425 894 2508 953 ad
2536 893 2900 968 juvandam
2950 894 3239 968 proximi
3281 907 3392 951 ne-

296 988 683 1044 cessitatem
721 987 829 1060 pio
868 985 1109 1043 mentis
1144 982 1386 1043 affectu
1422 985 1507 1044 ab
1541 984 1655 1043 illa
1689 984 2084 1043 coelestium
2121 983 2578 1059 speculatione
2614 982 3093 1042 reflecteretur.
3130 980 3385 1054 Stabat,

297 1076 456 1150 quia
494 1077 556 1133 in
607 1076 928 1134 virtutum
966 1074 1348 1132 constantia
1399 1075 1722 1132 attentius
1758 1088 1830 1131 se
1880 1074 2149 1132 tenebat
2185 1072 2613 1132 immobilem.
2661 1070 3181 1146 Jocundabatur,
3231 1071 3391 1147 quia

296 1163 503 1223 Deum
543 1163 669 1222 sibi
704 1181 823 1239 per
872 1162 1298 1238 quotidianos
1347 1162 1692 1238 profectus
1744 1162 2160 1236 intelligebat
2207 1177 2360 1220 esse
2397 1160 2856 1220 favorabilem.
2909 1160 3221 1232 Tacebat,
3259 1175 3391 1219 non

298 1254 511 1311 solum
566 1271 603 1311 a
638 1253 842 1312 verbo
896 1252 1137 1321 inutili,
1193 1251 1306 1309 sed
1345 1252 1560 1327 magis
1595 1269 1631 1310 a
1682 1253 1891 1311 totius
1926 1252 2114 1328 pravi
2168 1251 2459 1309 tumultu
2500 1251 2751 1326 operis.
2802 1249 2883 1309 de
2916 1266 3048 1325 quo
3084 1249 3391 1325 queritur

297 1340 496 1405 Deus,
536 1343 788 1401 dicens:
831 1343 1089 1401 Clamor
1138 1341 1562 1401 Sodomorum
1595 1343 1772 1399 venit
1808 1341 1894 1398 ad
1927 1361 2055 1414 me,
2107 1342 2500 1400 descendam
2533 1349 2595 1398 et
2634 1340 2854 1398 videbo
2887 1345 3119 1398 utrum
3153 1340 3391 1399 clamo·

294 1450 439 1489 rem
473 1435 650 1491 hunc
682 1448 874 1506 opere
910 1430 1356 1505 impleverint.
1390 1426 1437 1507 ¹)
1474 1430 1927 1505 Loquebatur‚
1973 1444 2211 1503 magno
2247 1429 2470 1487 cordis
2503 1429 2862 1502 desiderio,
2915 1429 3094 1488 sicut
3128 1429 3240 1487 ille
3272 1428 3388 1503 qui

294 1520 409 1579 ait:
453 1520 1018 1591 Quemadmodum
1052 1519 1382 1578 desiderat
1419 1538 1644 1579 cervus
1679 1520 1763 1577 ad
1794 1522 2011 1596 fontes
2047 1537 2412 1594 aquarum,
2462 1522 2559 1576 ita
2593 1519 2926 1577 desiderat
2975 1522 3206 1577 anima
3241 1534 3392 1575 mea
3444 1582 3459 1600 ⁶

295 1609 384 1666 ad
419 1616 504 1679 te,
561 1610 759 1683 Deus;
793 1606 846 1685 ²)
882 1608 1176 1682 itemque
1219 1608 1396 1666 sicut
1432 1609 1541 1666 ille
1577 1608 1683 1666 cui
1718 1607 1883 1667 dicit
1916 1607 2257 1667 Dominus:
2292 1608 2462 1680 Quid
2497 1609 2742 1666 clamas
2775 1608 2861 1666 ad
2892 1609 3033 1666 me?
3063 1601 3113 1685 ³)
3142 1606 3391 1666 Sabba-

292 1697 549 1756 tizabat
600 1698 842 1757 mentis
879 1698 1131 1771 requie,
1184 1697 1573 1756 custodiens
1608 1697 1899 1756 animam
1935 1712 2164 1769 suam,
2218 1701 2283 1754 et
2317 1696 2690 1755 observans
2724 1712 2803 1755 ne
2853 1698 3153 1770 portaret
3185 1710 3389 1755 onera

295 1787 363 1844 in
398 1786 507 1845 die
544 1785 833 1860 sabbati,
872 1801 992 1844 nec
1028 1784 1308 1845 inferret
1342 1801 1461 1862 per
1495 1791 1725 1861 portas
1760 1802 1921 1844 suas
1957 1786 2416 1859 Hierusalem,
2453 1801 2574 1844 nec
2606 1786 2882 1862 ejiceret
2916 1785 2996 1844 de
3028 1784 3229 1844 domo
3266 1801 3389 1844 sua

293 1890 417 1949 per
452 1875 628 1934 diem
682 1876 969 1934 sabbati.
1007 1874 1114 1934 Sic
1162 1875 1651 1948 sabbatizabat,
1689 1874 2120 1934 sanctificans
2154 1878 2220 1934 et
2256 1875 2575 1934 invocans
2612 1874 2968 1934 sabbatum
3003 1873 3388 1935 dedicatum

291 1967 361 2023 et
387 1967 696 2023 sanctum
732 1965 992 2023 Domini
1029 1965 1423 2039 gloriosum,
1454 1970 1520 2023 et
1554 1964 1937 2038 glorificans
1970 1962 2203 2036 Deum,
2239 1962 2393 2022 dum
2424 1979 2554 2024 non
2591 1962 2843 2023 faceret
2868 1964 3016 2022 vias
3044 1979 3228 2038 suaS,
3264 1979 3387 2023 nec

295 2053 717 2113 inveniretur
767 2054 1080 2115 voluntas
1114 2055 1262 2129 ejus
1315 2054 1380 2113 in
1413 2054 1522 2113 die
1571 2059 1804 2113 sancto
1855 2052 2149 2127 Domini,
2204 2068 2593 2128 promerens
2644 2053 2809 2112 haec
2859 2053 2923 2112 in
2975 2053 3106 2113 ista
3155 2053 3389 2129 requie

294 2141 629 2216 studiosa,
669 2150 740 2202 ut
772 2143 965 2202 daret
997 2144 1056 2201 ei
1090 2142 1414 2202 Dominus
1446 2142 1624 2202 Deus
1661 2158 1929 2218 semper
1963 2143 2262 2218 requiem
2292 2142 2682 2218 gloriosam,
2719 2148 2787 2201 et
2822 2142 3131 2217 impleret
3166 2142 3389 2219 splen-

293 2232 575 2290 doribus
626 2232 915 2291 animam
955 2233 1188 2307 ipsius,
1240 2232 1691 2291 Exercebatur
1726 2238 1948 2292 tamen
1999 2233 2062 2291 in
2096 2231 2222 2291 hoc
2272 2231 2709 2306 sabbatismo,
2748 2235 3062 2306 satagens
3111 2237 3185 2292 ut
3219 2231 3386 2291 haec

293 2321 522 2379 omnia
555 2322 854 2396 expleret
889 2321 1032 2380 sine
1060 2322 1457 2380 alterutrius
1491 2319 1884 2382 confusione
1921 2321 2026 2380 vel
2064 2321 2485 2380 detrimento.
2525 2320 2705 2391 Quae
2732 2323 2804 2380 ut
2828 2320 3045 2379 adhuc
3080 2321 3389 2381 strictius

295 2410 725 2484 colligamus,
778 2410 1055 2469 sedebat
1088 2411 1717 2487 circumspectione,
1773 2410 1910 2469 ibat
1946 2412 2008 2469 in
2060 2410 2264 2469 Deum
2300 2410 2676 2480 devotione,
2729 2409 2810 2469 ad
2848 2411 3223 2483 proximum
3273 2410 3388 2471 be·-

292 2499 646 2572 nignitate,
701 2500 831 2559 sibi
869 2505 1102 2558 sancta
1151 2501 1577 2574 operatione,
1614 2498 2018 2559 ascendebat
2067 2499 2651 2573 contemplatione,
2707 2499 3175 2559 revertebatur
3208 2514 3389 2559 com-

293 2588 635 2662 passione,
689 2606 816 2648 non
856 2589 1319 2647 revertebatur
1367 2589 1594 2664 aliqua
1626 2588 1830 2647 animi
1867 2596 1934 2646 et
1966 2589 2192 2663 operis
2238 2588 2704 2661 dissolutione,
2744 2588 2969 2646 stabat
3017 2595 3202 2648 recta
3235 2604 3391 2649 con-

292 2678 703 2751 versatione,
752 2678 1213 2736 delectabatur
1241 2677 1423 2752 jugis
1473 2678 1642 2752 legis
1675 2677 1789 2736 Dei
1841 2678 2297 2748 meditatione,
2335 2678 2801 2737 sabbatizabat
2851 2677 3095 2737 mentis
3129 2678 3383 2753 requie,

289 2766 736 2826 exercebatur
771 2766 1005 2825 sedula
1041 2766 1507 2826 mandatorum
1542 2765 1655 2824 Dei
1694 2767 1819 2826 rite
1852 2766 2407 2842 perficiendorum
2441 2765 2894 2840 officiositate,
2933 2768 3004 2825 ut
3035 2765 3142 2825 his
3176 2766 3387 2826 omni-

289 2855 416 2914 bus
455 2855 782 2914 virtutum
834 2856 941 2914 vel
977 2856 1227 2914 areolis
1278 2871 1589 2930 vernanS,
1624 2857 1733 2915 vel
1781 2857 2048 2915 fluentis
2084 2856 2459 2915 exuberans
2507 2859 2712 2931 esset,
2753 2854 2930 2915 sicut
2962 2853 3203 2914 hortus
3240 2855 3388 2915 irri-

287 2959 489 3017 guuS,
527 2949 594 3003 et
629 2946 807 3004 sicut
840 2942 986 3004 fons
1023 2960 1375 3020 aquarum,
1412 2944 1608 3021 cujus
1642 2961 1773 3004 non
1805 2944 2116 3004 deficient
2150 2960 2387 3020 aquae.

380 3032 482 3092 IV.
537 3032 644 3092 Sic
687 3049 759 3093 se
811 3034 1077 3092 interim
1127 3034 1405 3109 agebat,
1458 3035 1557 3094 sic
1607 3034 2012 3094 informabat
2062 3035 2385 3110 puerulus
2435 3033 2566 3106 hic,
2621 3035 2719 3093 sic
2755 3034 3188 3095 ministrabat
3222 3034 3378 3109 Deo,

293 3123 597 3181 imitator
643 3121 973 3182 Samuelis
1009 3123 1377 3198 prophetae
1428 3124 1670 3198 fidelis,
1709 3139 1835 3182 non
1885 3139 2094 3199 parva
2139 3123 2358 3183 adhuc
2411 3125 2657 3189 tunica,
2696 3139 2894 3199 quam
2930 3140 3051 3199 per
3084 3125 3386 3200 singulos

291 3228 509 3271 annos
558 3228 638 3271 ex
685 3212 1094 3271 incremento
1145 3212 1631 3271 charismatum
1681 3213 2005 3287 paulatim
2058 3214 2336 3272 texendo
2391 3213 2747 3271 innovabat
2796 3218 2865 3271 et
2911 3214 3388 3288 augmentabat

292 3301 386 3360 illi
449 3310 663 3360 mater
697 3318 842 3375 sua,
896 3301 1157 3360 scilicet
1190 3301 1480 3377 Spiritus
1529 3301 1752 3360 Sancti
1788 3303 2028 3376 gratia.
2081 3303 2153 3361 In
2189 3301 2312 3360 hac
2364 3303 2627 3360 interim
2665 3308 2891 3370 veste,
2941 3301 3075 3363 Deo
3109 3320 3238 3362 non
3290 3304 3387 3362 in-

290 3399 556 3463 gratuS‚
595 3390 676 3450 de
711 3391 1101 3450 muneribus
1138 3392 1282 3450 suis
1319 3391 1768 3466 sacrificabat,
1803 3392 2014 3451 donec
2049 3391 2386 3466 acciperet
2425 3391 2765 3450 meliorem
2803 3405 2970 3467 puer
3003 3391 3153 3467 pius
3187 3397 3253 3452 et
3287 3408 3390 3452 re-

294 3480 605 3554 ligiosuS,
643 3480 756 3555 qui
792 3498 829 3539 a
863 3480 1103 3556 puerili
1141 3487 1440 3554 tempore
1476 3496 1592 3539 cor
1625 3496 1866 3554 gerens
1901 3481 2135 3549 senile,
2171 3485 2237 3541 et
2264 3487 2550 3539 aetatem
2587 3495 2854 3555 semper
2880 3496 3135 3540 morum
3175 3488 3388 3542 matu-

291 3570 498 3628 ritate
535 3569 826 3642 transiit,
864 3576 930 3628 et
963 3570 1169 3628 animi
1204 3571 1504 3644 vigorem
1540 3570 1722 3628 nulla
1757 3586 2049 3646 unquam
2100 3571 2445 3645 voluptate
2477 3569 2824 3644 dissolvit,
2877 3571 3033 3645 quia
3068 3570 3383 3648 deinceps

290 3658 642 3734 praedicta
682 3662 891 3718 mater
924 3659 1164 3733 gratia,
1201 3658 1578 3735 profectum
1630 3658 1747 3717 filii
1797 3659 2051 3718 habens
2100 3661 2596 3733 gratissimum,
2649 3676 2777 3719 non
2831 3658 3143 3719 frustrari
3199 3661 3261 3719 in
3306 3677 3384 3721 eo

287 3762 481 3822 spem
521 3762 711 3805 suam
748 3748 1208 3820 consideranS,
1247 3749 1445 3823 paulo
1483 3755 1633 3822 post
1670 3748 1882 3808 induit
1915 3764 2066 3808 eum
2101 3765 2399 3823 purpura
2432 3752 2499 3806 et
2532 3748 2757 3822 bySSO‚
2794 3749 3201 3825 vestivitque
3234 3765 3386 3809 eum

295 3835 707 3910 duplicibus,
740 3842 812 3896 ut
839 3837 1128 3896 clareret
1161 3852 1361 3910 opere
1388 3844 1455 3895 et
1482 3853 1810 3911 sermone,
1847 3841 1913 3898 et
1942 3838 2066 3897 hac
2092 3838 2382 3914 diploide
2410 3838 2664 3912 gloriae
2699 3841 3079 3912 coopertuS‚
3118 3840 3390 3898 immor-

294 3925 410 3985 tali
455 3926 777 3984 memoria
826 3929 894 3986 et
943 3925 1115 4001 apud
1152 3926 1355 3984 Deum
1391 3933 1590 3985 notus
1618 3934 1801 3986 esset
1835 3934 1899 3985 et
1925 3928 2102 4002 ‘apud
2139 3927 2465 3999 homineS‚
2502 3933 2567 3985 et
2599 3928 2659 3985 in
2698 3927 3059 3986 solitudine
3085 3945 3212 3988 non
3250 3944 3387 3987 mo-

290 4014 374 4073 do
408 4014 674 4088 mentis,
706 4015 823 4074 sed
849 4018 916 4074 et
943 4015 1260 4090 regioniS,
1299 4015 1683 4074 aedificaret
1709 4016 1978 4076 deserta
2007 4017 2453 4088 saeculorum,
2484 4022 2550 4074 ct
2577 4016 2985 4074 instauraret
3014 4016 3387 4076 haeredita-

293 4111 395 4162 tes
444 4103 854 4178 dissipatae,
906 4111 972 4163 et
1022 4105 1388 4164 suscitaret
1437 4104 1866 4164 fundamenta
1915 4107 2371 4180 generationis
2427 4107 2492 4163 et
2539 4105 3012 4178 generationis,
3072 4106 3229 4167 Inde
3278 4113 3385 4167 est

289 4194 469 4268 quod
525 4194 1050 4269 e‘rcumquaque
1084 4195 1527 4266 constructiS,
1581 4195 1950 4268 opitulante
1986 4201 2200 4254 matre
2248 4196 2488 4269 gratia,
2527 4192 2877 4252 duodecim
2928 4196 3378 4270 monasteriiS,

295 4286 394 4341 tot
431 4282 926 4342 sacrificatores
964 4283 1026 4340 in
1061 4283 1160 4341 eis
1194 4285 1570 4350 constituit,
1606 4289 1769 4360 quot
1805 4283 2049 4343 fratres
2085 4284 2425 4356 adunavit,
2456 4289 2521 4341 et
2547 4288 2647 4341 tot
2676 4298 2793 4358 per
2817 4299 2934 4342 eos
2966 4283 3100 4342 Deo
3135 4285 3388 4345 sacriti-

293 4373 397 4430 cia
435 4372 704 4445 obtulit,
743 4374 904 4446 quot
940 4371 1034 4431 illi
1074 4387 1191 4446 per
1221 4372 1368 4446 ejus
1405 4373 1862 4432 institutiones
1896 4374 2138 4432 devota
2189 4373 2491 4433 Creatori
2526 4372 2852 4447 obsequia
2904 4373 3379 4449 impenderent.

296 4461 583 4532 Impleta
629 4469 736 4520 est
769 4461 877 4520 hic
926 4477 1191 4537 quoque
1225 4462 1576 4535 prophetia
1624 4462 1834 4522 David
1883 4464 1965 4524 de
2009 4479 2088 4522 eo
2136 4462 2445 4522 dicentis:
2498 4462 2862 4522 Bene-dices
2911 4479 3184 4523 coronae
3219 4468 3383 4526 anni

290 4547 720 4626 beniqnitatis
748 4556 921 4624 tuae,
952 4558 1013 4610 et
1048 4553 1265 4628 campi
1291 4553 1392 4609 tui
1416 4550 1852 4629 replebuntur
1883 4551 2205 4627 ubertate,
2230 4555 2661 4629 pinquescent
2695 4555 2986 4629 speciosa
3010 4553 3278 4631 deserti,
3316 4564 3377 4616 et

292 4640 502 4698 valles
536 4638 958 4698 abundabunt
995 4641 1357 4717 frumento,
1392 4634 1439 4718 ⁴)

387 4729 457 4786 V.
496 4727 619 4787 Sed
656 4744 991 4804 nunquam
1030 4730 1330 4804 germina
1367 4728 1541 4789 horti
1580 4729 1778 4804 hujus
1829 4731 1892 4789 in
1944 4731 2187 4805 angulo
2237 4729 2485 4789 deserti
2522 4729 2860 4804 conclusa,
2896 4733 2964 4790 et
2996 4747 3209 4807 aquae
3245 4731 3383 4793 fon-

296 4817 389 4875 tis
423 4818 623 4877 istius
654 4818 715 4876 in
746 4824 895 4877 utre
931 4817 1183 4878 heremi
1218 4819 1524 4893 collecta,
1553 4819 1666 4879 diu
1696 4820 1905 4880 latere
1926 4814 1974 4893 ⁵)
2011 4819 2407 4891 debuerunt,
2445 4825 2792 4894 satagente
2818 4824 2885 4878 et
2909 4819 3223 4880 ductante
3250 4837 3388 4882 ma-

294 4910 399 4964 tre
432 4907 674 4982 gratia,
711 4922 882 4981 quae
917 4907 1125 4966 silium
1163 4907 1590 4983 magnificare
1623 4908 2042 4985 disponebat,
2083 4909 2344 4969 radices
2377 4909 2781 4984 geniminum
2819 4909 2966 4984 ejus
2994 4909 3187 4984 longe
3222 4910 3385 4970 late-

292 5010 426 5071 que
458 4996 1017 5071 transplantante,
1055 4996 1139 5055 ab
1170 4998 1326 5056 ortu
1361 5014 1572 5074 usquc
1598 4997 1679 5058 ad
1708 5014 2021 5058 occasum
2054 4999 2497 5075 impleverunt
2533 5005 2808 5072 terram,
2837 5003 2905 5058 et
2931 4997 3165 5057 umbra
3200 5001 3385 5074 plan-

299 5283 304 5290 .
371 5197 413 5265 ¹)
439 5198 577 5255 Gen.
610 5198 827 5264 xvnt,
855 5203 941 5254 20.
1067 5202 1111 5266 ²)
1144 5201 1229 5254 ps,
1263 5199 1409 5263 xm.
1440 5205 1488 5256 2.
1526 5232 1586 5241 ·--
1616 5201 1659 5267 ³)
1688 5201 1858 5258 Exod.
1891 5201 2050 5264 xlv.
2086 5205 2164 5258 15.
2205 5233 2261 5241 -
2288 5202 2329 5268 ⁴)
2358 5202 2445 5257 t‘s.
2480 5200 2681 5264 thv,
2719 5206 2798 5257 ¹3.
2836 5237 2883 5242 Q
2922 5203 2965 5266 ⁵)
2992 5207 3165 5258 tenere
3193 5205 3311 5261 rod.
