4036 6117
1597 476 2057 523 anst-onan.
3184 460 3318 527 422

276 588 356 650 in
394 589 703 666 hortuliS,
756 593 1039 669 corripe,
1093 609 1306 668 mone,
1358 594 1734 671 exhortare,
1785 613 1960 656 nunc
2007 596 2297 672 publice,
2350 614 2521 656 nunc
2571 598 2914 674 privatim,
2968 602 3166 674 prout
3197 598 3387 658 vide·-

271 696 383 754 ris
433 695 744 772 expedire
792 712 907 757 eos
958 712 1109 756 cum
1158 697 1403 773 quibus
1451 701 1768 760 versaris.
1819 700 1898 760 Et
1962 700 2179 774 scias,
2232 701 2548 775 quoniam
2599 701 2871 775 saepius
2922 699 3227 777 proficiat
3274 715 3380 759 se-

271 809 471 861 creta
507 804 892 878 admonitio,
945 820 1116 880 quae
1150 805 1222 863 fit
1257 805 1320 863 in
1356 806 1640 880 angulis,
1694 822 1893 881 quam
1931 805 2287 866 manifesta
2329 805 2730 881 objurgatio,
2783 821 2953 881 quae
2988 805 3061 865 fit
3095 804 3162 864 in
3193 803 3378 879 capi-

271 905 470 966 tulis,
523 908 847 977 Quocirca
884 924 1003 966 nec
1055 909 1376 966 talentum
1426 925 1624 982 penes
1677 916 1739 967 te
1792 910 1854 967 in
1904 909 2177 969 sudario
2222 909 2445 985 jaceat
2494 909 2887 985 repositum,
2938 924 3060 968 nec
3093 907 3374 968 verbum

267 1009 400 1070 Dei
449 1015 620 1086 apud
658 1022 721 1072 te
772 1021 1077 1073 teneatur
1113 1015 1410 1088 ligatum3
1465 1014 1579 1073 scd
1619 1015 1779 1074 illud
1814 1016 2107 1090 expende
2156 1017 2239 1075 ad
2273 1017 2556 1089 lucrum,
2611 1014 2773 1075 illud
2809 1014 3212 1090 ubicumque
3259 1030 3380 1090 po-

269 1118 448 1175 teris
485 1135 654 1193 sere,
708 1121 865 1194 quia
902 1119 1200 1194 profecto
1242 1118 1484 1178 referet
1536 1118 1844 1179 fructum.
1883 1121 2023 1179 Non
2070 1122 2246 1179 enim
2285 1121 2604 1180 mentitur
2652 1122 2965 1179 aeternus
3002 1118 3113 1177 ille
3148 1123 3364 1188 sator,

270 1222 394 1297 qui
431 1223 511 1281 de
546 1223 777 1281 eodem
829 1224 1031 1282 verbo
1068 1239 1188 1282 suo
1227 1239 1345 1297 per
1393 1222 1784 1298 prophetam
1829 1223 2011 1282 dicit:
2066 1223 2211 1282 Non
2245 1230 2617 1282 revertetur
2664 1222 2751 1281 ad
2781 1240 2885 1280 me
2917 1239 3223 1294 vacuum,
3259 1220 3373 1279 scd

264 1329 474 1405 faciet
525 1348 968 1405 quaecumque
1017 1328 1216 1401 volui,
1267 1335 1330 1386 et
1359 1327 1860 1405 prosperabitur
1907 1331 1980 1388 in
2015 1331 2117 1388 his
2164 1330 2249 1387 ad
2282 1347 2448 1405 quae
2497 1328 2654 1386 misi
2701 1324 2898 1385 illud.
2936 1319 2983 1402 ¹)
3031 1324 3112 1382 Et
3144 1337 3263 1398 per
3296 1337 3371 1382 se

272 1433 346 1492 in
380 1433 753 1507 Evangelio:
793 1435 996 1493 Aliud
1030 1435 1261 1493 cecidit
1298 1435 1369 1492 in
1405 1441 1647 1492 terram
1684 1433 1938 1507 bonam,
1978 1443 2039 1492 et
2075 1441 2292 1492 ortum
2323 1435 2482 1510 fecit
2518 1431 2926 1508 centuplum.
2960 1425 3010 1508 ²)
3044 1429 3125 1488 Et
3158 1426 3367 1488 David

271 1536 343 1594 in
378 1536 659 1610 psalmo:
708 1537 786 1595 Et
822 1540 1062 1610 mittet,
1104 1536 1338 1611 inquit,
1390 1536 1655 1594 verbum
1691 1555 1908 1609 suum,
1961 1542 2022 1594 et
2061 1538 2440 1613 liquefaciet
2475 1553 2570 1594 ea.
2605 1530 2655 1613 ⁸)
2694 1534 2874 1605 Quae
2907 1532 3020 1592 ea?
3052 1532 3183 1591 nisi
3217 1546 3371 1607 peo-

268 1646 578 1698 catorum
615 1640 838 1714 corda,
893 1640 1140 1715 frigore
1192 1641 1619 1715 iniquitatum
1668 1641 2038 1715 congelata.
2076 1639 2199 1698 Sed
2249 1639 2453 1699 verbo
2502 1638 2618 1698 Dei
2667 1638 2748 1698 de
2797 1654 2928 1714 quo
2975 1635 3141 1697 dicit
3184 1637 3365 1696 Jere-

271 1744 469 1802 mias:
508 1745 746 1805 Factus
799 1755 896 1805 est
943 1749 1108 1807 ‘mihi
1159 1765 1371 1805 sermo
1407 1747 1674 1806 Domini
1720 1748 1908 1822 quasi
1941 1747 2116 1821 ionis
2151 1752 2574 1819 eaeaestuanS,
2612 1751 2674 1804 et
2710 1744 2976 1806 clausus
3010 1746 3083 1803 in
3116 1742 3366 1803 ossibus

266 1849 458 1905 meis.
493 1842 538 1922 ⁴)
578 1847 724 1920 hoc,
773 1849 1064 1924 inquam,
1116 1851 1321 1909 verbo
1356 1848 1473 1908 Dei
1506 1849 1779 1923 emiSSO‚
1831 1855 1897 1907 et
1932 1854 2250 1924 operante
2287 1850 2352 1908 in
2386 1848 2703 1908 cordibus
2751 1848 3286 1924 suscipientium,
3323 1863 3360 1905 e

264 1952 559 2025 vestigio
605 1950 783 2030 flabit
821 1954 1111 2028 Spiritus
1162 1953 1451 2025 Domini,
1488 1958 1546 2011 et
1582 1955 1789 2030 fluent
1826 1972 2064 2030 aquae,
2097 1948 2145 2031 ⁵)
2181 1958 2256 2012 ut
2290 1952 2727 2028 inspiratione
2774 1953 3001 2012 divina
3048 1968 3363 2027 compun-

264 2057 382 2133 cti,
435 2059 873 2119 exardescant
908 2060 988 2119 ad
1037 2060 1539 2135 poenitentiam,
1592 2061 1658 2118 et
1690 2059 1907 2118 exitus
1957 2075 2287 2134 aquarum
2336 2060 2668 2120 deducant
2717 2057 2897 2118 oculi
2930 2060 3363 2133 compuncto-

270 2180 444 2234 rum,
496 2165 652 2239 quia
687 2181 816 2224 non
864 2164 1327 2223 custodierunt
1377 2163 1591 2237 legem
1625 2163 1764 2237 Dei,
1816 2169 1883 2222 et
1915 2165 2337 2239 suspirantes
2386 2164 2808 2239 baptizentur
2855 2161 3155 2222 lacrimis
3190 2159 3367 2233 suis,-

265 2269 379 2343 qui
416 2270 602 2344 prius
637 2268 785 2327 duri
826 2269 1179 2343 torpebant
1213 2268 1278 2326 in
1313 2267 1623 2326 sordibus
1660 2268 1908 2326 multis,

355 2370 737 2429 Sermonem
809 2371 1034 2446 itaque
1081 2371 1364 2445 Domini,
1440 2370 1715 2430 retineri
1764 2371 2129 2445 nolentem,
2182 2370 2333 2429 vide
2382 2387 2463 2430 ne
2514 2370 2872 2447 impedias,
2936 2369 3054 2429 sed
3125 2369 3356 2428 currat

264 2491 529 2550 semper
568 2484 632 2534 et
668 2476 1095 2550 clarificetur3
1147 2483 1213 2535 et
1247 2483 1319 2534 ut
1368 2476 1780 2536 laborantem
1818 2476 1884 2534 in
1932 2492 2009 2535 eo
2046 2476 2388 2551 profectus
2424 2476 2579 2537 boni
2627 2477 2986 2536 comitetur
3019 2473 3345 2548 efficacia,

262 2595 382 2639 ora
432 2585 503 2638 ut
534 2586 599 2638 et
633 2582 696 2639 te
740 2581 958 2654 ipsum
1008 2580 1351 2655 eloquium
1400 2579 1660 2639 Domini
1712 2579 2099 2654 inflammet,
2153 2586 2219 2638 et
2256 2580 2524 2640 roboret
2572 2580 3089 2656 trepidationem
3136 2584 3346 2650 tuam;

261 2682 541 2757 ignitum
592 2683 767 2742 enim
801 2691 907 2742 est
939 2684 1369 2743 vehementer
1416 2692 1483 2744 et
1516 2683 1840 2754 validum,
1895 2685 1985 2744 ita
2023 2690 2094 2744 ut
2127 2700 2207 2743 ex
2243 2683 2425 2744 facili
2474 2685 2836 2744 durissima
2880 2698 3185 2759 quaeque
3232 2695 3347 2758 pe-

259 2792 477 2846 netret
509 2793 574 2846 et
622 2787 972 2862 dissolvat,
1017 2790 1194 2847 sicut
1226 2795 1292 2848 et
1340 2788 1421 2848 de
1454 2805 1530 2848 eo
1568 2789 1847 2863 figurate
1883 2791 2211 2848 cantatur:
2266 2790 2553 2866 Saqittae
2582 2791 2877 2868 potentis
2925 2794 3159 2849 acutae
3195 2804 3344 2847 cum

260 2890 635 2951 carbonibus
684 2893 1093 2952 desolatoriis
1122 2889 1171 2968 ⁶)
1223 2893 1299 2951 Et
1332 2893 1413 2952 de
1450 2893 1554 2952 his
1589 2892 1857 2968 quidem
1894 2894 2021 2952 iste
2055 2893 2318 2952 dicendi
2354 2895 2442 2953 sit
2473 2891 2523 2971 ⁷)
2559 2894 2819 2966 moduS,
2857 2892 3017 2968 quia
3048 2891 3132 2950 ad
3164 2890 3344 2949 exci-

262 2992 523 3052 tandam
559 2995 884 3053 virtutum
919 2995 1456 3070 aemulationem,
1494 2997 1602 3054 cui
1636 3011 1848 3072 pauca
1883 3012 2014 3055 non
2050 2995 2415 3071 sufficiunt,
2454 2996 2663 3055 multa
2697 3012 2829 3056 non
2860 2993 3249 3072 proderunt.

1684 3247 1906 3309 XXIII.

343 3474 437 3532 Tu
470 3473 717 3548 itaque,
760 3473 1002 3532 famule
1036 3474 1515 3549 omnipotentis
1544 3472 1702 3532 Jesu
1740 3472 2012 3546 Christi,
2052 3473 2166 3548 qui
2203 3473 2480 3533 audiens
2514 3489 2666 3534 eum
2701 3473 3051 3534 dicentem:
3091 3475 3339 3535 Beatus

256 3595 494 3650 servite,
552 3596 746 3654 quem
796 3596 942 3636 cum
993 3580 1244 3636 venerit
1297 3579 1643 3650 DominuS,
1680 3579 2013 3637 invenerit
2066 3578 2470 3654 vi9ilantem,
2517 3571 2568 3655 ⁸)
2619 3577 2889 3653 vigilias
2936 3578 3118 3637 vitae
3152 3582 3332 3652 tuae,

254 3677 609 3737 secundum
642 3678 1110 3738 distinctiones
1147 3682 1444 3740 aetatum
1479 3680 1971 3754 convenientes,
2005 3673 2055 3757 ⁹)
2094 3685 2159 3738 te
2193 3680 2483 3755 erigenS,
2522 3685 2595 3739 ut
2628 3681 2772 3739 sine
2809 3679 3192 3741 adulatione
3240 3681 3335 3741 lo-

258 3799 440 3858 quar.
492 3799 619 3842 non
653 3799 732 3843 ex
771 3790 907 3842 toto
958 3784 1334 3858 neglexisti,
1385 3784 1468 3841 de
1503 3790 1767 3842 caetero
1817 3787 1960 3844 esto
2005 3785 2415 3859 vigilantior,
2468 3784 2628 3860 quia
2660 3784 3012 3844 excubitor
3056 3784 3164 3843 vel
3198 3800 3339 3843 mo-

254 3891 424 3948 nitor
460 3891 568 3950 ille
619 3891 732 3966 qui
769 3908 897 3949 non
946 3891 1215 3961 dormit,
1266 3905 1479 3964 neque
1528 3889 1867 3964 dormitat,
1919 3898 2151 3949 custos
2188 3907 2465 3950 suorum
2513 3891 2819 3967 pervigil,
2870 3897 2936 3950 et
2972 3905 3177 3967 super
3222 3904 3334 3948 cu-

259 3992 535 4051 stodiam
571 4010 759 4051 suam
796 4001 1005 4065 stans,
1046 3994 1204 4053 totis
1256 3994 1561 4052 noctibus
1610 3993 2016 4052 dormientes
2065 3995 2337 4063 excitat,
2388 3999 2457 4054 et
2490 3995 2948 4054 somnolentos
2998 3994 3329 4069 increpat,

259 4096 482 4156 crebro
541 4114 703 4156 sono
755 4098 1199 4170 inclamitans,
1257 4104 1323 4156 et
1371 4097 1630 4156 dicens:
1688 4097 1941 4171 Videte,
2001 4098 2300 4172 vigilate,
2361 4104 2429 4157 et
2474 4099 2692 4169 orate;
2728 4103 2796 4157 et
2828 4096 3103 4156 nescitis
3158 4096 3335 4156 enim

254 4204 506 4278 quando
552 4211 814 4279 tempus
851 4208 961 4279 sit;
1014 4206 1367 4277 excitatur,
1421 4205 1715 4280 inquam,
1772 4205 1921 4279 iste,
1960 4206 2137 4265 sicut
2172 4208 2429 4266 nullum
2465 4207 2868 4283 imparatum
2899 4207 3047 4267 vult
3079 4206 3332 4266 inveni·

254 4320 340 4377 re,
389 4307 480 4366 ita
518 4324 794 4383 prorsus
832 4326 958 4368 non
1009 4310 1230 4368 tardat
1267 4309 1511 4367 venire.
1563 4309 1845 4368 Proinde
1879 4310 2195 4384 quoniam
2244 4311 2305 4367 in
2343 4310 2563 4383 tertia,
2615 4326 2735 4387 per
2768 4326 2951 4370 mare
2999 4308 3200 4386 hujus
3234 4311 3331 4369 vi-

254 4412 355 4468 tae
405 4412 810 4486 remigtndo,
865 4413 1092 4486 vigilia
1136 4413 1274 4487 jam
1326 4413 1616 4485 laboraS,
1668 4418 1734 4470 et
1782 4412 1862 4471 de
1915 4413 2165 4487 vigiliis
2214 4414 2423 4472 totius
2470 4415 2688 4473 noctis
2722 4414 2828 4473 vel
2876 4412 3328 4488 navigationis

254 4519 398 4573 tuae
446 4530 575 4575 una
612 4522 891 4588 tantum,
945 4516 1010 4574 id
1045 4525 1147 4575 est
1184 4524 1424 4592 quarta
1462 4521 1795 4590 superest,
1852 4531 2011 4589 roga
2049 4516 2360 4575 sollicitis
2395 4519 2463 4577 et
2497 4517 2834 4577 continuis
2882 4517 3326 4591 orationibus„

252 4623 593 4677 venturum
628 4621 923 4679 omnium
973 4621 1449 4689 discussorem,
1504 4627 1574 4678 ut
1612 4620 1675 4678 in
1713 4626 1822 4678 tua
1860 4622 2099 4678 saltem
2149 4627 2445 4680 extrema
2482 4622 2742 4681 scilicet
2793 4622 3045 4697 vigilia,
3082 4622 3322 4698 imper-

256 4720 487 4783 fectum
540 4731 725 4783 tuum
780 4726 870 4784 ita
921 4725 1164 4798 videat,
1225 4732 1296 4785 ut
1346 4725 1642 4800 corrigat
1689 4730 1756 4782 et
1805 4724 2128 4798 perficiat,
2189 4729 2255 4785 et
2304 4726 2625 4801 pacificus
2673 4726 2796 4785 tibi
2844 4725 3167 4785 Dominus
3214 4740 3328 4784 ve-

253 4828 452 4903 nienS,
506 4830 1027 4889 intumescentes
1076 4832 1444 4889 transituro
1495 4829 1577 4889 ad
1614 4846 1686 4888 se
1736 4835 1913 4888 totos
1964 4828 2206 4887 fluctus
2257 4830 2551 4890 marinos
2600 4836 3007 4904 compescat,
3058 4835 3126 4889 et
3168 4829 3327 4889 soli-

322 5027 364 5091 ¹)
387 5027 458 5085 Is.
490 5028 608 5094 LV,
651 5035 732 5087 Η.
763 5061 830 5072 --
863 5032 910 5095 ²)
948 5029 1151 5086 Matth.
1194 5030 1356 5093 xm,
1385 5037 1435 5087 8.
1478 5062 1546 5072 --
1569 5030 1615 5096 ³)
1642 5032 1730 5087 Ps.
1824 4981 2099 5091 CXLVII.
2170 5034 2251 5085 18.
2310 5060 2380 5071 ---
2438 5030 2486 5094 θ)
2546 5030 2636 5087 Ps.
2697 5028 2902 5094 CXIX,
2951 5031 3002 5084 4.
3043 5057 3112 5068 --
3159 5027 3206 5094 ⁷)
3242 5032 3323 5084 eie

259 5114 517 5179 chvn,
573 5123 654 5173 18.
699 5151 765 5160 —-·
802 5118 847 5185 ⁴)
883 5120 1093 5175 Jercm.
1149 5116 1282 5180 XX,
1329 5122 1380 5172 9.
1437 5149 1504 5158 ·--
1543 5120 1589 5181 ⁵)
1637 5119 1728 5175 Ps.
1822 5115 1943 5171 ood.
1977 5115 2110 5180 —-⁸)
2137 5116 2267 5173 Luc.
2299 5114 2433 5179 ΧΠ.
2474 5119 2561 5171 38.
2592 5115 2730 5178 —⁹)
2765 5115 3282 5174 munies-terena.
