4036 6117
1556 514 2054 564 PROOEMIUM
3186 512 3262 559 111

256 642 801 740 Reigradensem
840 645 1476 740 bibliothecarium,
1521 650 1644 743 qui
1700 675 1822 745 per
1864 651 2216 744 integrum
2272 672 2556 738 annum,
2617 647 2915 742 negotiis
2967 647 3133 719 licet
3167 647 3364 718 labo-

256 776 584 870 ribusque
636 776 949 865 obrutus,
1007 800 1159 848 mea
1215 778 1318 848 uti
1370 802 1498 848 sua
1551 780 1850 868 curavit,
1907 778 1995 849 ad
2051 777 2288 849 omnia
2340 800 2613 872 semper
2665 776 2925 865 facilis,
2981 775 3234 846 obvius
3297 780 3367 843 et

258 932 613 980 amoenus.

348 1034 600 1128 Neque
634 1036 843 1106 etiam
880 1037 1220 1132 impedior
1240 1037 1460 1139 ⁸altius
1487 1038 1858 1133 suspicere,
1892 1033 2112 1131 usque
2141 1037 2228 1109 ad
2259 1060 2565 1110 summos
2602 1038 2789 1108 viros
2819 1035 3118 1132 publicis
3152 1034 3363 1107 rebus

252 1163 589 1253 addictos,
643 1165 785 1259 qui,
843 1189 1056 1259 quum
1112 1175 1215 1237 tot
1266 1166 1691 1238 sustinerent
1743 1174 1811 1238 et
1864 1175 2066 1238 tanta
2117 1166 2419 1261 negotia,
2476 1167 2757 1238 fastidio
2810 1190 2950 1239 non
3002 1166 3360 1237 duxerunt

249 1292 687 1387 importunas
738 1295 982 1366 audire
1039 1319 1303 1391 preces,
1372 1296 1446 1367 in
1499 1296 1667 1367 aula
1718 1319 1969 1391 nempe
2036 1296 2381 1368 Caesarea
2434 1297 2520 1367 cl.
2563 1296 2811 1368 Comes
2864 1296 2953 1367 A.
3008 1293 3352 1367 Wolken-

251 1420 456 1507 stein,
513 1421 761 1494 Comes
796 1426 884 1493 A.
940 1422 1025 1493 de
1077 1422 1285 1517 Croy,
1341 1424 1639 1517 gallicus
1680 1423 1866 1519 apud
1907 1424 2146 1495 Dauos
2185 1424 2477 1518 legatus,
2535 1432 2748 1518 atque
2786 1423 2856 1494 in
2908 1423 3154 1519 primis
3188 1423 3366 1495 San-

256 1559 413 1618 ctae
448 1548 646 1619 Sedis
681 1548 1122 1623 Pronuncius
1149 1550 1237 1621 ad
1267 1551 1726 1646 apostolicum
1758 1552 2283 1647 Imperatorem,
2320 1551 2933 1622 Eminentissimus
2967 1549 3371 1621 Ludovicus

252 1671 686 1767 Jacobinius,
740 1675 939 1769 cujus
988 1675 1103 1746 vel
1138 1676 1326 1748 nudo
1377 1678 1659 1749 nomine
1709 1677 2005 1749 deliciae
2057 1678 2542 1751 universorum
2596 1682 3041 1748 revocantur.

356 1800 541 1888 Quid
597 1826 762 1874 vero
821 1803 1272 1876 emolumenti
1332 1805 1758 1900 sperandum
1809 1806 1900 1878 sit
1953 1830 2044 1878 ex
2097 1807 2229 1878 hoc
2289 1815 2509 1897 tomo,
2577 1829 2801 1901 neque
2861 1805 3076 1899 mole,
3141 1826 3371 1899 neque

261 1952 498 2024 opera,
555 1953 783 2025 neque
832 1938 936 2002 tot
987 1930 1351 2003 hominum
1402 1933 1729 2004 subsidiis
1782 1935 2062 2028 exigu0,
2103 1933 2347 2030 paucis
2379 1933 2623 2005 dicere
2662 1932 2939 2005 animus
2989 1940 3112 2021 est,
3169 1955 3372 2004 exor-

256 2056 371 2128 dio
422 2057 513 2128 ab
550 2058 863 2154 epistolis
913 2070 1212 2157 sumpto,
1263 2062 1421 2133 inde
1467 2073 1545 2134 ut
1582 2063 1670 2134 ad
1725 2063 2062 2135 librorum
2101 2072 2170 2133 et
2207 2063 2700 2157 opusculorum
2754 2060 3079 2154 indolem,
3137 2069 3374 2132 aucto-

258 2186 537 2259 ritatem
594 2199 663 2260 et
714 2190 1019 2263 fructum
1074 2200 1531 2265 transeamus.
3115 2176 3118 2179 Ι

1764 2451 1860 2521 II.

358 2723 835 2820 Epistolarum
871 2734 1157 2798 sanctae
1193 2726 1646 2822 Hildegardis
1699 2728 1967 2823 primus
2020 2727 2390 2798 thesaurus
2443 2727 2575 2799 fuit
2613 2735 2840 2800 tomus
2885 2710 2975 2799 ab
3028 2727 3181 2824 ipsa
3230 2750 3370 2799 me-

259 2864 574 2925 moratus
608 2853 680 2924 in
718 2853 1006 2926 exordio
1041 2854 1203 2925 libri
1252 2855 1443 2927 Vitae
1475 2857 1884 2947 meritorum,
1923 2855 2071 2926 sive
2129 2884 2157 2919 a
2206 2877 2534 2950 responsa
2570 2862 2637 2925 et
2674 2854 3185 2927 admonitiones
3230 2863 3373 2926 tam

267 2970 616 3051 minorum
677 3003 889 3074 quam
927 2979 1268 3076 majorum
1326 2979 1788 3076 plurimarum
1843 3004 2321 3076 personarum,
2372 3012 2400 3044 v>
2459 2979 2639 3050 idem
2679 2978 2973 3052 fortasse
3016 3003 3098 3051 ac
3157 3011 3184 3045 α
3231 3004 3380 3052 ma-

259 3130 486 3199 gnum
542 3105 895 3198 volumen,
950 3139 975 3167 n
1032 3105 1219 3200 quod
1257 3105 1689 3177 Trithemius
1743 3106 1919 3177 vidit
1956 3130 2038 3177 ac
2077 3105 2303 3178 tenuit
2350 3106 2417 3175 in
2471 3105 2895 3177 monasterio
2948 3105 3017 3176 S.
3055 3105 3376 3201 Ruperti,

275 3269 304 3298 ι
355 3238 727 3308 continens
778 3235 1108 3331 epistolas
1161 3235 1417 3307 multas
1471 3236 1556 3306 ad
1612 3236 1940 3328 diversos,
2000 3259 2287 3307 numero
2337 3243 2597 3306 centum
2649 3236 2924 3324 triyinta
2989 3236 3295 3326 quinque.
3354 3265 3382 3299 ι

269 3362 483 3435 Unde
518 3362 838 3435 intulisse
874 3362 1093 3454 licuit,
1136 3362 1360 3434 editas
1411 3362 1674 3434 dudum
1710 3363 1920 3434 fuisse
1972 3386 2212 3435 omnes
2254 3359 2709 3453 Hildegardis
2761 3359 3112 3456 epistolas»,
3168 3383 3384 3454 quum

271 3490 611 3562 Coloniae
645 3497 795 3562 tum
832 3490 1135 3586 primum
1195 3490 1583 3587 prodierint
1620 3516 1709 3562 ex
1742 3492 2097 3582 archetypo
2123 3491 2193 3560 S.
2231 3490 2502 3560 Robertc'
2554 3485 2831 3557 litterae
2884 3494 3036 3558 tres'
3060 3493 3129 3558 et
3180 3485 3384 3580 quin·
3431 3497 3432 3500 ’

271 3621 641 3711 quaginta,
680 3615 935 3710 quibus
970 3616 1332 3712 octoginta
1367 3627 1435 3689 et
1471 3626 1613 3690 tres
1663 3641 1820 3689 cum
1857 3616 2207 3689 addiderit
2241 3613 2651 3702 MarteniuS‚
2691 3612 2867 3685 nihil
2906 3613 3209 3709 amplius
3236 3614 3384 3708 jam

271 3745 802 3840 expectandum
840 3753 1013 3816 erat.

371 3877 511 3949 Sed
549 3886 823 3974 praeter
856 3901 1070 3950 unam
1108 3887 1177 3950 et
1221 3879 1515 3950 alteram
1554 3877 1921 3974 epistolam
1973 3877 2235 3949 relatas
2273 3878 2339 3949 in
2387 3878 2557 3966 vita,
2614 3885 2897 3950 auctore
2948 3876 3383 3950 Theodorico

265 4009 465 4098 (cdd.
506 4009 665 4099 LX,
718 4008 966 4100 LXI),
1022 4013 1301 4102 praeter
1336 4005 1512 4077 alias
1547 4013 1688 4077 tres
1723 4006 1910 4101 apud
1951 4006 2679 4077 Praemonstratenses
2730 4004 3117 4076 Parcenses
3151 4003 3382 4077 Lova-

270 4136 380 4206 nii
441 4135 781 4228 inventas,
849 4158 1026 4230 quas
1092 4134 1573 4206 Bollandistae
1636 4135 1837 4206 Actis
1902 4135 2046 4206 suis
2109 4117 2554 4206 inseruerunt
2622 4135 2803 4223 (edel.
2872 4132 3077 4224 LVI,
3132 4133 3383 4222 LVII,

270 4259 613 4359 LVIII),
649 4274 1025 4363 supersunt
1060 4281 1363 4362 quatuor
1396 4268 1642 4340 saltem
1682 4267 2021 4348 auctaria,
2059 4289 2241 4360 quae
2275 4266 2584 4337 nondum
2617 4265 3156 4338 exhauriuntur.

376 4393 745 4466 Novarum
781 4394 1231 4490 epistolarum
1272 4395 1500 4490 prima
1534 4395 1764 4482 serieS‚
1804 4394 1976 4467 olim·
2006 4393 2214 4465 facile
2265 4394 2564 4483 uberior,
2622 4394 2805 4465 inter
2854 4393 3124 4466 codices
3176 4393 3390 4467 Gem-

274 4523 668 4612 blacense8‚
736 4548 827 4595 ex
895 4524 1109 4594 variis
1177 4524 1519 4595 incendiis
1585 4531 1878 4620 ereptOS,
1948 4522 2283 4618 sepelitur
2353 4521 2421 4592 in
2491 4521 2850 4617 farragine
2901 4521 3391 4617 opusculorum

274 4651 620 4723 Guiberti
671 4651 995 4723 abbatis:
1069 4652 1329 4747 exigua
1381 4652 1660 4747 quidem
1715 4651 2034 4748 supellex
2066 4708 2082 4738 ,
2155 4651 2272 4721 sed
2329 4674 2511 4744 quae
2562 4651 2709 4722 sola
2752 4650 3055 4745 pertinet
3107 4651 3195 4722 ad
3234 4651 3396 4724 ulti-

269 4805 438 4854 mos
478 4781 927 4878 Hildegardis
979 4808 1221 4873 annm,
1260 4792 1328 4856 et
1360 4808 1543 4879 quae
1594 4784 1784 4857 haud
1838 4786 2260 4881 poenitenda
2318 4782 2809 4856 Bollandianis
2873 4783 3395 4857 commentariis

269 4911 604 4986 subsidia
654 4914 1110 5009 praebuisset.
1167 4909 1554 4986 (hibertus
1607 4915 1775 5010 ipse,
1831 4916 1951 5010 qui
2005 4916 2172 4987 dum
2225 4916 2524 5010 Bingiae
2575 4925 2911 5002 maneret,
2970 4912 3395 4987 tabularium

277 5052 646 5118 excutere
676 5047 926 5143 potuit,
964 5046 1389 5141 significavit
1433 5047 1856 5142 peculiarem
1893 5046 2026 5116 sibi
2078 5045 2490 5117 fasciculum
2545 5044 3009 5116 reservavisse
3055 5043 3277 5130 (infra
3327 5069 3393 5138 p.

277 5180 498 5270 399).
550 5178 736 5251 Haec
789 5203 918 5274 ego
972 5179 1420 5251 miscellanea.
1471 5178 1678 5248 semel
1737 5185 1803 5248 et
1856 5177 2129 5271 iterum,
2185 5176 2257 5246 in
2296 5175 2591 5270 repetito
2645 5175 2895 5245 itinere
2931 5171 3225 5265 belgico,
3282 5175 3400 5245 sed
