4036 6117
1250 479 1486 528 Lim-:R
1534 476 1733 528 vt‘rAE
1782 475 2267 527 neutrorum.
2319 482 2376 526 Ρ.
2428 479 2518 527 vr.
3215 469 3343 528 239

321 608 357 651 n
401 592 621 671 gloria
671 612 792 657 sua
841 596 1326 673 denudaverat,
1378 617 1456 658 ac
1508 616 1661 659 eum
1709 617 1745 658 a
1781 615 1884 659 me
1936 599 2389 672 abstraxerat;
2443 598 2614 659 unde
2648 605 2716 659 et
2763 616 2884 676 ego
2921 617 3038 676 per
3071 602 3422 666 circumci-

321 715 354 752 ›
400 699 659 758 sionem
708 700 895 760 illum
931 701 1317 775 vulneravi,
1369 717 1446 760 ac
1482 702 1547 760 in
1596 702 1927 776 legalibus
1960 702 2339 778 praeceptis
2388 717 2649 762 omnem
2692 703 3186 779 suggestionem
3220 705 3411 766 dece-

319 816 355 855 »
397 802 647 876 ptionis
681 803 827 877 eJus
862 805 927 862 in
961 804 1420 864 confusionem
1454 805 1630 865 duxi.

413 906 522 965 54.
579 925 609 965 ε
648 905 772 966 Sed
805 914 1035 981 postea
1067 906 1148 966 de
1184 910 1372 967 utero
1407 907 1699 982 Virginis
1734 908 1983 979 exienS,
2039 908 2376 967 hominem
2411 907 2474 966 in
2510 906 2705 982 aquis
2740 923 3003 968 mersus
3061 911 3413 987 requisivi,

317 1026 351 1065 »
397 1026 478 1068 ac
515 1011 605 1072 ita
654 1012 849 1071 virile
883 1026 1110 1072 semen
1161 1012 1227 1070 in
1258 1010 1512 1070 eisdem
1549 1011 1743 1086 aquis
1782 1011 2119 1085 mundavi,
2150 1012 2326 1071 sicut
2359 1028 2603 1086 aquam
2654 1011 2825 1086 ignis
2860 1012 3120 1086 educit,
3184 1020 3249 1073 et
3287 1014 3414 1074 hoc

315 1133 348 1170 ›
397 1116 596 1175 modo
645 1117 868 1176 omnia
918 1116 1222 1191 purgavi.
1272 1116 1514 1175 Rotam
1547 1117 1723 1174 enim
1759 1132 1974 1175 meam
2016 1116 2321 1190 circuivi,
2358 1116 2567 1175 donec
2599 1117 2855 1176 alienos
2902 1125 3096 1178 natos
3133 1136 3411 1181 renova-

317 1236 350 1273 »
395 1218 590 1291 bam;
641 1225 708 1277 et
743 1220 839 1278 sic
888 1236 1007 1296 per
1041 1219 1165 1279 hoc
1198 1220 1373 1295 quod
1410 1220 1691 1295 figuram
1743 1219 2055 1293 hominiS,
2093 1236 2264 1295 quae
2300 1236 2401 1279 me
2437 1221 2678 1295 tetigit,
2724 1222 3066 1282 osculatus
3101 1240 3274 1299 sum,
3313 1242 3415 1285 re-

314 1335 350 1374 »
395 1323 574 1379 ctam
626 1321 1161 1396 conjunctionem
1197 1322 1540 1395 constitui,
1579 1339 1656 1381 ac
1689 1339 1810 1397 per
1843 1322 1967 1383 hoc
2000 1323 2178 1398 quod
2212 1322 2550 1381 hominem
2584 1324 2647 1381 in
2682 1325 3015 1383 creaturis
3048 1324 3406 1389 officialem

312 1438 346 1477 »
394 1420 550 1497 feci,
588 1424 1000 1482 continentes
1033 1424 1404 1498 designavi;
1440 1430 1506 1483 et
1540 1440 1658 1500 per
1691 1424 1815 1484 hoc
1855 1424 2030 1500 quod
2074 1424 2155 1484 de
2187 1424 2454 1499 Virgine
2488 1425 2686 1498 exivi,
2725 1426 3025 1500 regulam
3067 1428 3414 1504 virginita-

313 1545 346 1582 ›
393 1527 488 1586 tis
524 1528 589 1585 in
637 1528 782 1587 viro
817 1533 884 1587 et
938 1528 1004 1586 in
1040 1527 1306 1601 femina,
1347 1529 1512 1603 ipsis
1547 1528 1908 1603 separatis,
1944 1543 2096 1586 esse
2132 1528 2473 1587 constitui.
2510 1528 2835 1587 Punctum
2871 1545 3136 1607 quoque
3173 1532 3240 1591 in
3277 1550 3413 1594 me-

315 1649 348 1686 »
392 1629 509 1689 dio
545 1635 730 1689 rotae
765 1646 950 1690 meae
984 1631 1200 1705 posui,
1236 1646 1355 1706 per
1389 1631 1564 1706 quod
1600 1630 2021 1705 spiritualem
2054 1626 2098 1709 ¹)
2134 1631 2449 1706 populum
2485 1631 2628 1689 sine
2664 1631 2996 1690 saeculari
3032 1626 3266 1695 habitu
3315 1637 3411 1696 vi-

313 1752 347 1790 »
393 1740 665 1794 cturum
716 1736 1070 1811 praescivi.
1107 1735 1213 1794 Sic
1261 1751 1384 1810 ego
1423 1741 1637 1794 rotam
1686 1751 1901 1794 meam
1938 1740 2175 1794 contra
2224 1735 2545 1794 astutiam
2578 1735 2833 1809 antiqui
2868 1738 3201 1811 serpentis
3235 1754 3416 1800 com-

307 1856 341 1895 »
387 1839 610 1915 plevi,
662 1839 777 1915 qui
826 1855 930 1898 me
977 1839 1359 1913 nesciebat,
1415 1839 1730 1914 quoniam
1783 1838 2151 1898 incarnatio
2203 1854 2349 1897 mea
2399 1838 2675 1897 silenter
2723 1838 2827 1897 illi
2871 1840 3207 1901 occultata
3262 1841 3408 1905 fuit.

311 1961 342 1997 n
387 1942 514 2000 Ille
561 1942 738 2000 enim
803 1941 1011 2001 Adam
1073 1942 1376 2012 viderat,
1429 1941 1545 2001 sed
1594 1957 1746 2001 eum
1796 1942 1987 2016 plene
2029 1957 2158 2001 non
2206 1947 2646 2016 cognoverat,
2697 1940 2871 2000 unde
2920 1943 3201 2003 tentavit
3249 1946 3409 2021 quid

309 2063 342 2100 w
391 2043 619 2104 facere
666 2044 893 2119 vellet,
932 2060 1010 2104 ac
1057 2060 1209 2104 eum
1243 2045 1310 2104 in
1359 2044 1601 2105 officiis
1637 2044 1779 2104 suis
1814 2043 2096 2121 decepit.
2131 2044 2266 2119 Ego
2302 2049 2526 2104 autem
2562 2042 2801 2104 fortem
2842 2044 3297 2110 fortitudinem
3337 2050 3415 2110 il-

311 2168 344 2205 »
389 2149 530 2208 lius
578 2149 647 2208 in
695 2149 1109 2208 humanitate
1160 2165 1308 2209 mea
1342 2149 1548 2224 ligavi
1597 2155 1665 2208 et
1697 2148 2021 2223 contrivi,
2075 2148 2190 2207 sed
2226 2148 2370 2224 ipse
2419 2164 2523 2207 me
2557 2148 2641 2207 ad
2689 2149 2958 2225 plenum
2991 2166 3121 2211 non
3169 2168 3409 2228 cogno-

309 2272 341 2309 »
387 2259 577 2325 scet,
629 2253 757 2313 nisi
807 2268 957 2312 cum
1008 2269 1210 2328 super
1252 2252 1569 2327 judiciale
1619 2252 1913 2311 tribunal
1957 2251 2233 2327 sedero,
2287 2251 2398 2312 ubi
2433 2256 2617 2311 totus
2668 2251 3128 2315 confundetur.
3164 2255 3244 2315 Et
3294 2255 3404 2316 hic

309 2376 343 2412 ι
389 2371 518 2431 per
565 2371 792 2415 veram
840 2355 1376 2416 emundationem
1434 2370 1591 2414 vere
1641 2354 1988 2413 credentes
2041 2360 2109 2413 et
2155 2369 2312 2413 vere
2360 2353 2591 2414 beatos
2643 2353 2723 2413 ad
2781 2355 3061 2430 gloriam
3110 2356 3410 2432 paradisi

313 2479 346 2516 ιι
392 2466 463 2519 et
498 2460 578 2519 ad
615 2460 894 2534 gloriam
931 2459 1323 2520 coelestium
1358 2458 1752 2534 gaudiorum
1789 2457 2081 2534 reposui.
2114 2454 2165 2538 ⁶²)

1725 2682 1996 2743 XXXIII.

1219 2878 1311 2939 De
1361 2880 1739 2937 animarum
1784 2877 1996 2952 gloria
2042 2878 2114 2935 in
2157 2876 2489 2955 parqdisO.

411 3085 517 3146 55.
553 3083 678 3145 Sed
711 3085 926 3160 gloria
962 3083 1281 3159 paradisi,
1322 3083 1401 3142 de
1438 3100 1568 3160 qua
1603 3084 1859 3158 primus
1895 3084 2090 3143 homo
2126 3084 2382 3159 ejectus
2416 3088 2541 3158 est,
2581 3088 2764 3144 tanta
2810 3084 3140 3162 claritate,
3190 3092 3262 3146 ut
3309 3087 3408 3148 vi·-

309 3189 464 3262 des,
494 3188 906 3248 circumdata
938 3192 1062 3256 est,
1092 3185 1268 3261 quod
1303 3201 1422 3244 nec
1452 3187 1688 3261 ipsam,
1723 3202 1844 3244 nec
1870 3203 1949 3245 ea
1983 3201 2155 3262 quae
2184 3186 2249 3246 in
2284 3187 2429 3262 ipsa
2458 3187 2636 3259 sunt,
2663 3185 2798 3244 nisi
2827 3186 3006 3246 velut
3029 3181 3077 3267 ⁸)
3113 3203 3233 3264 per
3259 3205 3406 3265 spe-

310 3292 545 3351 culum
595 3291 838 3351 intueri
870 3292 1073 3364 valet,
1112 3289 1510 3366 imputribili
1544 3289 1900 3351 floriditate
1951 3289 2374 3349 amoenitatis
2407 3291 2663 3363 ornata,
2709 3294 2777 3347 et
2811 3290 3216 3351 suavissimo
3250 3292 3406 3353 odo·

312 3411 395 3454 re
444 3402 818 3455 aromatum
852 3393 1147 3471 perfusa,
1184 3409 1261 3454 ac
1309 3394 1617 3469 plurimis
1665 3393 1925 3452 deliciis
1960 3393 2239 3469 repleta,
2294 3394 2358 3453 in
2391 3393 2635 3469 quibus
2670 3393 2929 3453 animae
2971 3394 3055 3454 ab
3094 3397 3406 3457 omnibus

313 3499 680 3574 generibus
730 3501 1155 3574 peccatorum
1193 3513 1468 3556 suorum
1516 3500 1837 3572 purgatae
1869 3497 2179 3572 gaudent.
2216 3497 2490 3557 Animae
2525 3497 2700 3556 enim
2735 3511 2906 3573 quae
2942 3497 3006 3556 in
3041 3498 3187 3574 ipsa
3222 3507 3400 3575 sunt,

311 3607 510 3677 veste
547 3602 1069 3661 immortalitatis
1102 3604 1170 3661 et
1201 3601 1484 3676 decoriS,
1522 3617 1721 3677 quam
1756 3600 1964 3660 Adam
1999 3599 2409 3676 perdiderat,
2446 3599 2698 3676 majore
2734 3599 2951 3675 gloria
2984 3605 3273 3677 recepta,
3314 3602 3411 3662 in-

313 3703 653 3778 duuntur;
707 3719 878 3779 quae
910 3705 1113 3763 etiam
1164 3704 1529 3764 secundum
1564 3702 1738 3780 quod
1781 3719 1900 3780 per
1932 3704 2408 3780 poenitentiam
2444 3709 2871 3779 peccatorum
2907 3704 2974 3762 in
3007 3707 3275 3766 saeculo
3309 3707 3407 3766 vi-

312 3813 579 3881 venteS,
627 3805 836 3866 Deum
872 3808 1251 3883 tetigerant,
1286 3814 1353 3866 et
1386 3823 1557 3884 quae
1604 3808 1808 3866 etiam
1852 3806 2216 3867 secundum
2266 3806 2442 3883 quod
2475 3810 2836 3883 praecepta
2875 3805 2993 3866 Dei
3027 3823 3177 3867 cum
3211 3808 3406 3868 bonis

312 3912 636 3987 operibus
670 3912 1189 3988 compleverant,
1225 3912 1737 3971 delectabilibus
1767 3907 1815 3990 ⁴)
1852 3911 2263 3972 ornamentis
2295 3910 2719 3986 decorantur,
2748 3910 3304 3986 quemadmodum
3337 3916 3406 3970 et

313 4035 601 4095 corpora
637 4018 974 4078 hominum
1010 4019 1328 4095 pretiosis
1365 4017 1565 4077 rebus
1600 4024 1942 4078 ornantur.

1731 4243 1996 4302 XXXIV.

925 4438 1017 4496 De
1068 4437 1476 4496 ornamentis
1525 4436 1906 4494 animarum
1954 4437 2027 4494 in
2078 4435 2338 4494 coelesti
2389 4433 2805 4494 celsitudine.

411 4646 516 4707 56.
551 4645 676 4706 Sed
727 4660 1008 4721 magnus
1041 4645 1154 4705 ille
1204 4644 1543 4723 splendor,
1579 4659 1779 4719 quem
1826 4658 1987 4720 prae
2017 4642 2224 4703 nimio
2271 4642 2530 4720 fulgore
2566 4661 2688 4705 suo
2739 4644 2981 4704 intueri
3024 4660 3155 4705 non
3188 4651 3400 4722 putee,

318 4752 636 4828 quoniam
682 4749 990 4811 mortalis
1040 4748 1421 4811 intellectus
1468 4764 1621 4808 eum
1670 4763 1909 4824 capere
1955 4763 2090 4808 non
2133 4748 2335 4823 valet,
2380 4748 2463 4808 de
2495 4748 2773 4810 coelesti
2821 4748 3219 4810 celsitudine
3252 4767 3405 4826 pro-

318 4856 517 4928 cedit,
556 4855 636 4914 de
670 4871 802 4930 qua
835 4853 1100 4914 Lucifer
1142 4869 1294 4913 cum
1342 4853 1599 4928 angelis
1634 4852 1779 4913 suis
1826 4851 2085 4928 ejectus
2117 4858 2249 4924 est,
2285 4858 2354 4913 et
2386 4853 2761 4914 claritatem
2806 4853 3102 4930 paradisi
3135 4853 3404 4930 perfun-

396 5068 817 5142 ¹)perquemA.
847 5069 937 5125 W.
964 5070 1093 5132 -²)
1122 5067 1378 5136 virgulis
1405 5067 1539 5122 licet
1565 5065 1813 5127 omissis,
1908 5066 1952 5130 ³)
1990 5069 2137 5123 velut
2180 5083 2289 5124 om.
2333 5068 2424 5123 W.
2476 5099 2541 5109 --
2579 5068 2623 5134 ⁴)
2669 5068 3041 5124 delectabilius
3077 5068 3405 5122 ornamentis

327 5170 551 5226 pergere
604 5154 827 5209 videtur
879 5155 1106 5223 longum
1159 5151 1333 5207 Verbi
1390 5150 1697 5222 eloquium.
1751 5184 1819 5194 —-
1912 5151 1992 5208 sic
2018 5150 2089 5213 Α.
2120 5153 2209 5207 W.
