4036 6117
729 466 858 527 570
1882 480 1932 525 s.
1989 480 2536 529 ixxtneoAnnxs

663 616 735 669 tu
785 608 976 682 signa
1011 602 1306 681 quaeris,
1359 601 1475 661 sed
1512 601 1799 677 primum
1850 600 1930 660 de
1981 604 2522 678 peregrinatione
2574 610 2686 662 tua
2725 607 2788 663 in
2833 621 2962 680 qua
3013 621 3187 665 nunc
3219 622 3317 677 es,
3353 605 3539 665 disce
3587 604 3729 683 quia

662 728 900 790 magno
950 709 1173 771 studio
1221 722 1343 783 per
1391 721 1620 765 veram
1668 706 2124 767 ostensionem
2174 713 2239 766 te
2277 708 2622 780 constitui,
2675 708 2851 768 sicut
2900 725 3125 769 veram
3176 712 3627 770 ostensionem
3672 713 3731 768 in

657 817 883 878 radice
929 813 1223 877 Mambre
1271 809 1558 884 ostendi,
1612 812 1812 886 atque
1860 826 2014 870 cum
2064 812 2375 872 omnibus
2427 813 2814 888 margaritis
2848 813 3351 873 ascendentium
3405 814 3549 889 (fol.
3585 812 3729 887 11⁴)

655 925 983 985 virtutum
1033 919 1098 978 in
1133 917 1453 977 rutilante
1485 931 1731 974 aurora
1781 916 2037 975 ornatis
2073 921 2138 974 te
2172 916 2431 989 ornavi,
2483 922 2550 975 et
2584 917 2762 975 sicut
2806 917 3207 990 columbam,
3267 919 3329 976 in
3363 917 3728 976 humilitate

652 1042 774 1105 per
820 1038 1174 1085 cavernam
1240 1020 1713 1095 aspicientem,
1766 1024 1831 1077 te
1894 1019 2266 1094 simplicem
2322 1019 2485 1093 feci,
2546 1026 2613 1079 et
2659 1021 2861 1080 ebore
2908 1027 3122 1081 totum
3182 1021 3501 1081 mundum
3551 1022 3733 1081 relin-

651 1136 968 1210 quentem
1000 1131 1065 1189 te
1100 1125 1495 1197 assimilavi,
1547 1130 1614 1182 et
1648 1123 1852 1182 filiam
1887 1125 2067 1198 regis
2102 1130 2166 1183 te
2202 1124 2562 1196 nominavi,
2608 1141 2685 1183 ac
2718 1125 3094 1185 diademate
3143 1127 3401 1201 ornavi,
3439 1129 3537 1185 ita
3569 1124 3730 1201 quod

651 1250 884 1297 omnes
934 1240 998 1293 te
1053 1231 1355 1291 videntes
1408 1228 1489 1288 ad
1539 1233 1605 1286 te
1664 1228 1892 1287 venire
1948 1228 2433 1301 desiderarent,
2494 1229 2652 1303 quia
2700 1234 2768 1287 et
2815 1210 3085 1289 inaures
3142 1230 3223 1288 de
3272 1231 3554 1289 auribus
3608 1230 3730 1287 tuis

650 1342 1048 1419 pendebant.
1087 1337 1206 1407 He,
1243 1336 1347 1395 he!
1406 1335 1519 1394 ubi
1556 1338 1620 1393 te
1655 1350 1827 1393 nunc
1865 1333 2083 1393 video!
2140 1334 2262 1394 Ubi
2299 1333 2521 1409 jaces?
2569 1332 2674 1393 Sic
2726 1350 2846 1392 nec
2892 1337 3129 1395 collem
3184 1338 3249 1396 te
3297 1352 3471 1396 nunc
3519 1336 3726 1403 video.

654 1448 772 1511 sed
807 1446 1205 1509 lutulentum
1244 1442 1501 1514 limum,
1538 1456 1744 1517 quum
1780 1440 2097 1500 honorem
2130 1439 2329 1515 fugis,
2366 1445 2432 1498 et
2468 1439 2729 1499 asinum
2765 1456 2916 1500 cum
2952 1444 3220 1502 sacculo
3254 1436 3621 1503 desideras,
3648 1442 3733 1502 Si-

649 1551 1009 1629 gnaculum
1057 1562 1323 1626 quoque
1358 1561 1579 1605 meum
1615 1545 1778 1605 mihi
1829 1545 2179 1605 abscidere
2218 1545 2342 1618 viS‚
2395 1543 2510 1603 sed
2548 1561 2674 1604 non
2726 1548 3001 1621 poteris.
3052 1546 3131 1606 Et
3162 1547 3244 1606 de
3281 1548 3407 1606 hoc
3453 1547 3579 1606 tibi
3612 1565 3730 1607 non

652 1659 1085 1737 respondebo.
1121 1657 1356 1718 Melius
1390 1656 1564 1716 enim
1603 1655 1725 1715 tibi
1758 1657 1964 1725 esset,
2014 1659 2088 1712 ut
2121 1669 2392 1729 gregem
2427 1659 2614 1713 tuum
2651 1670 3122 1731 congregares,
3172 1658 3240 1715 et
3276 1662 3346 1716 ut
3378 1657 3735 1734 dispersio·

650 1782 802 1830 nem
850 1768 1031 1826 tuam
1084 1763 1474 1838 inspiceres
1535 1760 1720 1819 Nunc
1770 1760 1971 1834 caput
2020 1764 2209 1817 tuum
2258 1759 2477 1833 eleva,
2529 1764 2596 1817 et
2648 1761 2825 1818 recte
2883 1760 3227 1819 ambulare
3276 1760 3484 1836 disce,
3539 1768 3731 1838 atque

648 1870 941 1946 priorem
991 1866 1313 1927 honorem
1363 1864 1653 1940 require,
1706 1878 1784 1922 ac
1821 1863 2308 1938 speculativam
2361 1863 2593 1936 vitam,
2649 1864 2713 1922 in
2747 1880 2879 1939 qua
2915 1871 2978 1924 te
3026 1866 3439 1935 consideres,
3493 1866 3731 1926 habere

651 1974 865 2037 stude.
901 1971 1026 2032 Sed
1061 1971 1186 2030 hoc
1222 1985 1353 2029 non
1391 1966 1580 2042 facis,
1635 1967 1750 2026 sed
1789 1967 2004 2041 magis
2041 1966 2399 2026 rusticales
2444 1983 2663 2027 mores
2701 1968 3008 2045 inquiri3‚
3061 1970 3176 2045 qui
3211 1986 3363 2029 cum
3396 1972 3729 2031 cineribus

647 2082 1010 2144 lutulenter
1041 2076 1392 2150 ebulliunt,
1444 2073 2005 2152 quemadmodum
2045 2074 2225 2149 talpa
2276 2073 2508 2133 hortos
2560 2075 2867 2150 perfodit.
2905 2076 3091 2135 Nunc
3142 2075 3320 2136 istud
3355 2079 3562 2153 atque
3594 2091 3734 2136 cae-

646 2196 792 2250 tera
840 2185 1004 2247 vitia
1054 2183 1381 2257 relinque,
1432 2181 1607 2241 acin
1656 2180 2023 2256 purissimo
2073 2181 2215 2239 sole
2250 2180 2331 2239 ad
2370 2196 2472 2240 me
2517 2181 2688 2253 vide,
2742 2188 2809 2241 et
2855 2184 3010 2243 tunc
3042 2184 3124 2242 de
3157 2183 3543 2243 nominibus
3593 2201 3730 2244 san-

645 2300 907 2355 ctorum
956 2296 1160 2366 atque
1194 2287 1562 2347 electorum
1615 2300 1909 2344 meorum
1957 2283 2350 2359 diligentius
2402 2301 2504 2344 me
2540 2286 2898 2361 interroga.
2952 2287 3190 2347 Multas
3226 2288 3552 2363 reliquias
3602 2294 3729 2347 tam

642 2393 1055 2472 virginitatis
1105 2406 1305 2467 quam
1340 2389 1621 2449 alterius
1666 2387 2050 2446 sanctitatis
2098 2387 2273 2461 apud
2310 2392 2374 2447 te
2410 2388 2638 2460 babeS,
2692 2392 2804 2465 qui
2844 2390 3024 2448 velut
3072 2390 3172 2450 sol
3212 2391 3275 2449 in
3311 2391 3568 2449 virtute
3617 2408 3727 2450 sua

649 2497 1013 2573 fulgebant3
1065 2500 1269 2567 atque
1303 2491 1532 2566 plures
1575 2496 1642 2549 et
1676 2489 1903 2565 plures
1955 2495 2176 2548 tecum
2212 2487 2442 2562 habeS,
2497 2491 2609 2566 qui
2648 2492 2711 2550 in
2747 2472 3048 2566 angelico
3101 2492 3287 2551 vultu
3328 2493 3392 2551 in
3440 2493 3584 2552 vita
3620 2510 3733 2553 sua

642 2600 982 2675 vivebant,
1019 2604 1085 2657 et
1119 2597 1234 2674 qui
1268 2612 1387 2673 per
1437 2595 1828 2671 martyrium
1866 2595 2088 2653 crucis
2126 2610 2197 2652 se
2234 2595 2417 2669 ipsos
2453 2596 2896 2671 abnegabant,
2934 2605 3001 2656 et
3035 2614 3314 2673 pompas
3348 2598 3606 2658 saeculi
3642 2615 3735 2657 re-

645 2704 1055 2783 linquebant3
1094 2702 1207 2778 qui
1243 2679 1534 2761 tunicam
1574 2698 1793 2758 laudis
1828 2715 1866 2756 a
1901 2696 2147 2773 populo
2181 2699 2470 2757 nondum
2513 2699 2778 2770 habent,
2833 2701 2951 2760 sed
2987 2703 3099 2776 qui
3140 2703 3557 2776 repentinam
3596 2720 3734 2780 pei·-

645 2811 1055 2873 secutionem
1106 2806 1288 2882 passi
1340 2811 1532 2874 sunt,
1590 2810 1657 2863 et
1711 2802 2106 2861 festinanter
2166 2803 2682 2874 truncabantur,
2742 2809 2810 2861 et
2859 2802 2984 2862 hoc
3035 2804 3230 2863 modo
3291 2807 3518 2865 omnia
3567 2807 3735 2866 bona

640 2931 844 2993 opera
879 2915 946 2974 in
979 2912 1106 2973 flne
1139 2909 1586 2985 complebant3
1640 2908 1865 2966 tunica
1906 2906 2127 2965 laudis
2164 2907 2630 2979 induebantur,
2685 2908 2998 2982 quoniam
3036 2907 3160 2967 hoc
3195 2909 3347 2984 plus
3383 2909 3538 2968 aliis
3572 2910 3736 2970 indi·

645 3020 912 3097 gabant,
963 3016 1123 3095 quia
1159 3015 1367 3075 multa
1415 3012 1588 3072 bona
1624 3027 1827 3089 opera
1876 3011 2184 3071 viventes
2218 3027 2347 3070 non
2396 3010 2656 3086 operati
2692 3016 2869 3083 sunt,
2905 3011 3019 3070 sed
3060 3016 3317 3072 tantum
3356 3014 3421 3071 in
3470 3012 3623 3074 fine.
3659 3014 3737 3073 Il-

644 3127 726 3187 lis
773 3126 998 3186 autem
1048 3120 1271 3181 omnia
1304 3119 1478 3178 bona
1527 3131 1732 3193 opera
1765 3131 1886 3175 sua
1939 3117 2003 3175 in
2038 3116 2314 3175 coelesti
2350 3115 2771 3175 Hierusalem
2807 3116 3058 3183 lucent,
3093 3132 3242 3176 cum
3278 3133 3357 3177 ea
3408 3119 3641 3180 vident
3670 3129 3734 3179 et

643 3231 952 3306 audiunt,
1010 3228 1169 3306 quia
1219 3227 1282 3287 in
1339 3225 1620 3286 citharis
1679 3230 1748 3283 et
1795 3225 2067 3298 organis
2126 3239 2203 3282 ac
2253 3223 2318 3282 in
2375 3223 2686 3282 omnibus
2734 3225 3044 3298 supernis
3104 3225 3415 3285 laudibus
3471 3234 3732 3286 sonant.

644 3338 828 3396 Nunc
861 3334 1081 3394 canite
1129 3337 1196 3390 et
1223 3329 1508 3406 jubilate
1545 3329 1608 3388 in
1657 3328 1918 3388 meritis
1962 3332 2375 3401 sanctorum,
2412 3342 2490 3386 ac
2530 3327 2734 3386 multo
2772 3328 2994 3387 studio
3028 3328 3315 3401 studete,
3364 3337 3435 3389 ut
3470 3346 3593 3404 per
3626 3331 3735 3390 bo·

642 3459 721 3501 na
758 3455 961 3516 opera
997 3439 1062 3497 in
1098 3433 1240 3512 (fol.
1280 3434 1436 3509 115)
1477 3433 1798 3510 societate
1839 3431 2104 3490 illorum
2142 3431 2314 3502 sitiS,
2354 3436 2419 3488 et
2458 3432 2516 3488 in
2557 3437 2901 3489 aeternum
2937 3432 3201 3491 vivetis,

713 3997 1118 4075 Apocalyptico
1148 3994 1491 4067 spectaculo.
1519 3997 1796 4062 martyres
1835 3987 2087 4053 adducit.
2117 3991 2503 4061 colloquentes
2541 3990 2609 4047 de
2637 3990 2782 4045 inito
2809 3997 2866 4046 et
2906 3991 3152 4047 ineundo
3189 4008 3316 4050 cum
3357 3994 3734 4051 daemonibus

643 4086 974 4145 certamine.

729 4230 807 4290 Et
843 4228 1085 4288 iterum
1118 4220 1163 4302 ¹)
1202 4223 1327 4284 sub
1362 4224 1595 4295 altare,
1632 4220 1809 4298 quod
1844 4227 1946 4290 est
1981 4226 2133 4279 ante
2168 4220 2399 4280 oculos
2436 4219 2576 4292 Dei,
2614 4228 2680 4279 et
2715 4221 2839 4281 sub
2883 4220 3119 4282 throno
3152 4221 3295 4296 Dei,
3332 4224 3468 4283 vidi
3507 4225 3736 4284 candi-

637 4336 792 4395 dam
830 4332 1121 4403 turbam,
1157 4337 1224 4388 et
1259 4328 1438 4387 illam
1491 4325 1655 4386 haec
1693 4326 1894 4385 verba
1929 4324 2259 4384 dicentem
2300 4325 2547 4384 audivi:
2584 4325 2635 4385 O
2670 4326 3041 4387 Israelitica
3076 4328 3267 4387 turba
3309 4329 3579 4389 illorum
3616 4330 3733 4391 ho-

636 4441 913 4511 minum,
967 4438 1079 4512 qui
1118 4435 1182 4495 in
1219 4435 1540 4494 societate
1575 4438 1807 4492 nostra
1841 4432 2033 4504 estiS,
2072 4430 2385 4490 mundum
2427 4431 2881 4506 relinquendO,
2919 4435 2985 4491 et
3012 4432 3244 4507 jugum
3280 4432 3541 4493 Domini
3579 4452 3733 4511 por-

638 4545 862 4616 tando,
916 4542 1081 4601 haec
1115 4539 1321 4599 verba
1355 4538 1602 4597 audite:
1657 4538 1817 4597 Cum
1854 4537 2173 4611 antiquus
2210 4552 2486 4611 serpens
2524 4538 2602 4597 acl
2656 4539 2937 4614 primam
2982 4539 3328 4598 mulierem
3366 4541 3573 4601 verba
3616 4542 3732 4602 de-

635 4650 964 4730 ceptionis
1002 4662 1163 4707 suae
1200 4645 1496 4721 protulit,
1549 4649 1616 4702 et
1643 4644 1766 4702 illa
1814 4644 2096 4702 consilio
2131 4642 2276 4717 ejus
2326 4659 2454 4702 non
2493 4645 2766 4716 restitit,
2821 4645 2991 4703 idem
3031 4659 3309 4718 serpens
3359 4648 3731 4721 pessimam

632 4766 700 4820 et
749 4753 1215 4832 turpissimam
1266 4764 1503 4808 venam
1553 4748 1635 4807 ab
1686 4764 1799 4807 ore
1851 4764 1976 4806 suo
2021 4747 2086 4806 in
2136 4752 2436 4804 ventre-m
2488 4763 2680 4806 suum
2735 4747 3075 4819 glutiendo
3128 4748 3425 4822 intraxit,
3476 4749 3558 4809 de
3594 4768 3730 4827 qua

634 4881 817 4926 mors
866 4860 1047 4922 venit
1110 4865 1177 4918 et
1225 4857 1461 4930 exivit,
1528 4871 1700 4931 quae
1748 4856 1925 4915 diem
1992 4856 2314 4930 mysticae
2364 4855 2747 4929 geniturae,
2808 4872 3009 4931 quam
3056 4855 3231 4915 Deus
3283 4857 3346 4916 in
3396 4857 3602 4918 Adam
3655 4865 3729 4918 et

627 4970 764 5029 Eva
814 4969 1185 5034 creaverat,
1237 4960 1680 5035 obnubilavit,
1733 4960 1825 5021 ita
1859 4959 2038 5035 quod
2088 4959 2201 5018 illa
2235 4965 2470 5034 postea
2517 4975 2646 5018 non
2693 4961 3025 5034 apparuit.
3076 4960 3154 5019 Et
3190 4976 3471 5036 serpens
3522 4963 3586 5020 in
3623 4977 3729 5020 se-

694 5139 747 5235 ’¹)
777 5170 894 5225 Non
927 5173 1037 5222 tam
1067 5166 1304 5238 epistola
1334 5180 1501 5235 quam
1532 5164 1729 5236 pagina
1764 5164 1909 5217 libro
1938 5163 2153 5218 Scivt‘as
2177 5165 2261 5217 vel
2288 5166 2353 5219 de
2383 5164 2604 5219 Divinis
2628 5166 2880 5236 operibat
2906 5163 3172 5218 addenda.
