4036 6117
1440 549 1855 599 Exposwto
1906 552 2572 604 EVANGELIORUM.
3345 553 3473 611 3-19

466 664 854 726 comedisti?
884 688 913 725 ›>
951 670 1174 730 Redde
1212 675 1534 731 rationem
1571 676 1992 734 villicationis
2030 683 2204 751 tuae,
2244 681 2398 753 quia
2440 683 2802 741 secundum
2840 702 3041 760 opera
3078 695 3186 747 tua
3217 691 3552 765 judicabe-

461 770 576 841 τῖε,
616 776 679 828 et
733 777 980 830 terram
1017 776 1382 834 viventium
1434 776 1750 837 dimittes,
1791 779 1936 837 ,Iani
1975 782 2151 838 enim
2187 800 2317 839 non
2347 786 2598 858 poteris
2631 786 2951 861 villicare,
2990 791 3144 864 quia
3183 799 3245 851 te
3278 811 3552 859 excusa-

460 886 529 927 re
566 889 693 931 non
728 882 940 948 poteS,
972 878 1133 951 quin
1159 881 1403 937 malum
1435 886 1749 955 operatus
1787 885 1901 941 sis,
1933 883 2008 940 Et
2039 884 2182 942 ideo
2215 904 2244 942 α
2279 886 2631 946 maledicta
2668 894 2846 947 terra
2876 892 2938 949 in
2965 909 3164 966 opere
3195 901 3327 958 tuo,
3360 901 3432 960 ln
3459 905 3546 963 la-

466 975 735 1038 boribus
785 982 1093 1041 comedes
1144 1000 1221 1042 ex
1256 1000 1333 1043 ea
1391 988 1650 1045 cunctis
1699 987 1934 1045 diebus
1987 990 2164 1047 vitae
2216 996 2398 1063 tuae,
2453 994 2678 1065 spinas
2713 1001 2778 1053 et
2815 998 3098 1057 tribulos
3148 1007 3547 1075 germinabit

459 1078 606 1149 tibi,
643 1084 708 1140 et
742 1085 1050 1144 comedes
1085 1086 1325 1146 herbas
1364 1095 1600 1148 terrae.
1639 1091 1709 1148 In
1760 1090 2003 1149 sudore
2057 1093 2281 1151 vultus
2332 1095 2424 1153 tui
2477 1098 2769 1156 vesceris
2820 1115 2984 1172 pane
3037 1118 3068 1157 1>
3107 1098 3150 1180 ¹)
3204 1112 3338 1181 tuo,
3393 1128 3552 1187 quo-

456 1186 633 1245 niam
701 1196 769 1248 tu
825 1193 1027 1250 etiam
1087 1195 1332 1253 malum
1383 1201 1449 1254 et
1499 1212 1798 1256 amarum
1852 1216 2035 1271 opus-
2069 1200 2358 1274 primum
2412 1202 2778 1277 incoepisti.
2830 1206 2908 1265 Et
2960 1206 3114 1266 secit
3147 1210 3244 1269 eis
3283 1216 3543 1276 tunicas

457 1290 780 1367 pellicias,
818 1297 1144 1375 ejecitque
1181 1300 1408 1360 Adam.

545 1399 653 1456 Ait
690 1407 912 1459 autem
949 1406 1231 1479 villicuS,
1272 1406 1532 1466 scilicet
1567 1409 1797 1483 Adam,
1837 1412 1940 1468 cui
1979 1411 2153 1469 Deus
2188 1411 2582 1473 Paradisum
2617 1421 2683 1474 et
2718 1433 2948 1476 omnes
2983 1428 3333 1484 creaturas
3367 1442 3544 1487 com-

454 1501 748 1576 miserat,
789 1509 970 1564 intra
1005 1528 1091 1579 se,
1145 1510 1457 1569 videlicet
1493 1513 1557 1571 in
1607 1514 2016 1572 conscientia
2054 1532 2197 1589 sua,
2236 1532 2383 1574 cum
2416 1516 2553 1590 jam
2596 1518 2675 1576 de
2710 1519 3026 1580 Paradiso
3066 1525 3543 1592 miserabiliter

453 1609 904 1680 egrederetur:
954 1614 1122 1685 Quid
1153 1618 1421 1695 faciam,
1460 1620 1617 1691 quia
1650 1619 1955 1677 dominus
1989 1638 2197 1692 mem,
2238 1620 2496 1680 scilicet
2530 1621 2701 1681 Deus
2734 1627 2955 1702 aufert
2994 1645 3034 1685 a
3064 1646 3166 1685 me
3202 1631 3548 1693 villicatio-

450 1731 626 1785 nem,
667 1715 730 1772 id
763 1721 867 1775 est
905 1717 1218 1777 honorem
1258 1722 1444 1779 illum
1478 1723 1591 1795 qui
1633 1723 1790 1781 mihi
1823 1724 1886 1782 in
1920 1724 2241 1811 paradiso
2277 1726 2472 1784 datus
2508 1733 2611 1784 est
2663 1728 2726 1786 in
2764 1730 3161 1808 innocentia,
3201 1739 3542 1811 expellens

455 1836 579 1894 me,
618 1825 775 1897 quia
810 1835 1240 1902 praeceptum
1276 1829 1421 1903 ejus
1460 1837 1923 1905 transgressus
1961 1832 2145 1891 sum?
2178 1832 2424 1891 Fodere
2460 1852 2591 1893 non
2628 1836 2832 1910 valeo,
2866 1838 2927 1896 id
2963 1846 3066 1898 est
3101 1858 3232 1902 non
3266 1861 3544 1919 possum

454 1926 671 1986 facere
721 1937 793 1988 ut
840 1933 1154 2010 deinceps
1204 1943 1548 1995 creaturas
1587 1938 1677 1996 ita
1729 1939 1890 1997 mihi
1934 1956 2086 1997 cum
2136 1940 2511 2001 obedientia
2547 1943 2939 2020 subjiciam,
2994 1950 3166 2008 utin
3213 1951 3535 2017 Paradiso

452 2033 614 2092 mihi
665 2036 1006 2110 subjectae
1044 2040 1332 2115 suerunt,
1371 2044 1681 2117 quamvis
1716 2061 1845 2102 non
1894 2045 2151 2103 valeam
2188 2045 2500 2104 oblivisci
2552 2046 2825 2107 honoris
2865 2050 3065 2125 illius,
3120 2054 3233 2129 qui
3270 2058 3434 2118 mihi
3472 2063 3537 2121 in

452 2135 594 2207 ipso
645 2137 840 2197 datus
875 2146 998 2212 est3
1051 2145 1428 2203 mendicare
1464 2146 1789 2217 erubesco,
1845 2148 1934 2205 ita
1970 2153 2042 2205 ut
2079 2148 2403 2221 subjectis
2439 2148 2601 2208 mihi
2639 2154 2969 2212 creaturis
3005 2155 3189 2215 luctu
3223 2165 3290 2218 et
3334 2164 3541 2238 ejula-

452 2248 522 2300 tu
559 2244 948 2319 supplicem.
1002 2250 1147 2308 Scio
1183 2250 1247 2307 in
1297 2252 1743 2310 sensibilitate
1778 2254 2041 2310 animae
2090 2268 2277 2311 meae
2309 2255 2468 2329 quid
2500 2257 2775 2331 faciam,
2812 2266 2881 2316 ut
2923 2279 3072 2319 cum
3106 2270 3360 2323 amotus
3393 2271 3542 2346 fue-

452 2369 526 2408 ro
556 2371 595 2409 a
641 2353 1067 2430 villicatione,
1108 2357 1368 2417 scilicet
1403 2375 1552 2418 cum
1588 2361 1938 2435 perdidero
1975 2361 2319 2435 honorem,
2357 2378 2551 2437 quem
2592 2364 2657 2422 in
2690 2364 3011 2426 Paradiso
3049 2369 3398 2447 habebam,
3437 2396 3539 2435 re-

451 2461 700 2533 cipiant
735 2478 838 2518 me
876 2459 998 2519 hae
1034 2468 1406 2536 creaturae,
1444 2481 1614 2539 quae
1650 2465 1812 2524 mihi
1849 2466 2036 2539 prius
2072 2467 2414 2541 subjectae
2451 2466 2740 2545 suerunt,
2791 2475 2859 2530 in
2896 2473 3113 2533 domos
3149 2496 3322 2551 suaS,
3361 2480 3538 2540 scili—

448 2571 551 2622 cet
589 2566 652 2623 in
687 2565 1217 2627 cohabitationes
1257 2570 1574 2645 ipsarum,
1611 2568 1660 2647 ²)
1700 2579 1770 2630 ut
1807 2572 2005 2631 simul
2045 2573 2109 2631 in
2146 2576 2322 2631 terra
2358 2574 2665 2635 vivamus
2700 2585 2765 2636 et
2801 2595 3307 2641 commoremur.

540 2674 911 2733 Convocatis
963 2679 1180 2752 itaque
1217 2679 1498 2757 sinqulis
1547 2678 1939 2738 debitoribus
1973 2680 2225 2741 domini
2260 2686 2390 2753 sui,
2430 2684 2494 2743 id
2528 2691 2633 2744 est
2666 2692 3022 2761 postquam
3072 2690 3390 2761 expulsus
3432 2694 3538 2749 est

445 2779 682 2852 Adam,
736 2783 1128 2840 convocavit
1165 2800 1282 2857 per
1333 2785 1809 2860 injunctionem
1840 2785 2279 2859 subjectionis
2329 2804 2869 2865 unamquamque
2919 2793 3321 2866 creaturam,
3361 2809 3534 2869 quae

444 2885 523 2943 de
558 2890 794 2944 natura
830 2901 952 2943 sua
987 2888 1339 2949 servitium
1389 2892 1675 2950 debebat
1706 2890 1860 2949 Deo,
1900 2890 2162 2949 Dicebat
2198 2893 2447 2967 prima,
2487 2891 2551 2951 id
2585 2896 2690 2950 est
2724 2894 3110 2953 volatilibus
3146 2901 3213 2953 et
3247 2898 3535 2955 caeteris

448 2991 643 3066 hujus
693 2992 918 3050 mundi
955 2994 1323 3070 creaturiS,
1375 3011 1546 3072 quae
1581 2997 1767 3070 prius
1818 3012 2015 3071 quam
2071 2995 2265 3055 homo
2316 3000 2582 3055 creatae
2620 2995 2921 3057 fuerunt:
2979 3000 3313 3072 Quantum
3346 3002 3534 3062 debes

444 3099 706 3155 domino
731 3116 894 3171 meo,
934 3100 1193 3159 scilicet
1226 3106 1544 3175 quantum
1583 3102 1784 3160 debes
1822 3102 2079 3160 servire
2113 3101 2178 3159 in
2207 3102 2500 3176 potentia
2535 3107 2812 3161 naturae
2850 3110 3022 3178 tuae,
3065 3105 3160 3163 illi
3195 3106 3309 3180 qui
3339 3106 3535 3166 Crea-

447 3209 548 3260 tor
598 3218 784 3260 meus
818 3202 954 3262 est‘?
991 3206 1070 3263 At
1107 3204 1245 3276 ille,
1287 3205 1348 3263 id
1383 3208 1484 3264 est
1518 3211 1826 3264 creatura
1860 3207 2031 3264 dimit
2082 3204 2446 3277 potentiam
2484 3207 2758 3264 naturae
2803 3223 2982 3266 suae:
3025 3210 3302 3268 Centum
3340 3212 3529 3269 cados

445 3307 593 3376 olei,
631 3306 943 3365 videlicet
972 3309 1653 3382 superabundantiam
1689 3308 2123 3383 plenitudinis
2152 3307 2451 3366 locorum
2488 3309 2551 3366 in
2586 3309 2979 3367 excellentia
3013 3310 3174 3384 olei,
3211 3313 3527 3385 quoniam

423 3415 506 3474 ,et
540 3427 745 3486 prope
796 3419 1042 3471 terram
1082 3412 1360 3472 inferius
1410 3416 1476 3473 et
1509 3414 1574 3472 in
1624 3413 1910 3471 nubibus
1946 3414 2259 3488 superius
2307 3413 2637 3485 volamu8‚
2677 3413 2852 3471 sicut
2886 3413 3088 3471 etiam
3125 3414 3344 3473 oleum
3379 3431 3528 3475 cae-

446 3525 624 3576 teros
675 3518 970 3593 liquores
1021 3527 1471 3594 superenatat.
1529 3521 1847 3597 Dixitque
1897 3520 2004 3578 illi
2056 3527 2444 3594 creaturae,
2503 3519 2713 3578 Adam
2764 3517 3021 3578 scilicet
3068 3520 3151 3578 ad
3200 3521 3524 3581 volatilia:

445 3625 677 3700 Accipe
724 3627 1094 3683 cautionem
1128 3632 1336 3697 tuam,
1373 3627 1436 3684 id
1474 3633 1576 3685 est
1627 3628 1894 3701 suscipe
1932 3627 2102 3685 hanc
2152 3632 2457 3685 naturam
2495 3625 2761 3684 volatus
2800 3625 2918 3697 tui,
2957 3631 3019 3682 et
3056 3626 3228 3699 sede,
3267 3627 3528 3686 scilicet

439 3727 764 3787 descende
798 3728 880 3787 ad
909 3745 1011 3787 me
1046 3732 1191 3804 cito,
1222 3731 1379 3806 quia
1407 3732 1717 3792 celeriter
1754 3732 1960 3805 volas,
1992 3731 2194 3792 scribe
2231 3733 2733 3807 quinquaqinta,
2771 3731 3084 3790 videlicet
3116 3745 3278 3804 gyra
3313 3733 3528 3791 circu·

443 3837 538 3893 ios
567 3836 829 3894 volatus
857 3837 975 3909 tui,
1005 3838 1071 3895 et
1099 3837 1524 3896 medietatem
1553 3838 2022 3914 possibilitatis
2056 3837 2352 3911 ejusdem
2385 3819 2649 3896 volatus
2684 3837 2969 3908 dimitte,
2999 3839 3065 3895 et
3091 3839 3235 3894 esto
3265 3852 3527 3894 mecum

442 3939 502 3997 in
542 3941 754 4000 medio
798 3942 997 4006 aeris,
1035 3957 1140 3999 me
1173 3944 1586 4017 contingenS,
1625 3946 1739 4019 qui
1775 3943 1986 4002 habeo
2023 3942 2317 4017 quinque
2352 3958 2590 4001 sensus
2626 3944 2947 4018 corporis.

527 4048 777 4106 Deinde
826 4049 945 4106 alii
977 4041 1026 4122 ³)
1077 4049 1277 4121 discit,
1331 4050 1590 4107 scilicet
1625 4050 1999 4123 pecoribus:
2061 4051 2157 4112 Tu
2190 4066 2359 4121 vero,
2401 4048 2658 4106 scilicet
2707 4064 2947 4124 pecora
2983 4053 3048 4104 et
3081 4046 3214 4103 alia
3249 4047 3519 4120 similia,

437 4168 608 4226 quae
644 4168 846 4227 super
894 4158 1143 4210 terram
1180 4153 1539 4212 ambulatis
1564 4200 1577 4224 ,
1631 4162 1956 4236 quantum
1990 4155 2178 4213 debes
2230 4154 2490 4212 servitii
2526 4153 2591 4210 in
2642 4159 2879 4210 natura
2916 4151 3061 4211 tua‘?
3114 4153 3238 4222 Qui
3273 4155 3388 4222 ait,
3427 4152 3525 4209 vi-

433 4258 674 4315 delicet
725 4273 983 4331 pecora:
1026 4259 1302 4317 Centum
1352 4276 1551 4331 coros,
1593 4259 1654 4316 id
1705 4266 1806 4318 est
1840 4259 2318 4334 plenitudinem
2357 4258 2681 4316 circuitus
2718 4259 2944 4328 tritici,
2999 4255 3257 4313 scilicet
3303 4262 3521 4314 terrae

437 4366 497 4422 in
532 4364 780 4438 optimo
837 4363 1079 4436 fructu,
1133 4361 1288 4437 quia
1338 4379 1588 4438 pascua
1637 4369 1870 4422 nostra
1919 4364 1999 4422 de
2052 4364 2337 4422 terrenis
2367 4359 2414 4436 ⁴)
2467 4364 2817 4421 sumimus
2869 4363 2977 4421 Ait
3027 4361 3122 4419 illi
3172 4368 3520 4422 creaturae

436 4470 676 4530 Adam:
731 4471 965 4546 Accipe
1016 4468 1273 4527 litteras
1308 4475 1494 4539 tuas,
1550 4468 1610 4527 id
1647 4475 1751 4528 est
1800 4471 2067 4546 suscipe
2109 4472 2430 4529 circuitus
2481 4477 2757 4528 naturae
2793 4475 2983 4541 tuae,
3037 4467 3103 4525 in
3136 4481 3266 4542 qua
3317 4481 3519 4542 super

434 4582 676 4632 terram
715 4574 923 4646 vadiS,
962 4581 1022 4632 et
1074 4574 1277 4633 scribe
1312 4577 1663 4650 octoqinta,
1703 4574 1982 4646 scilicet,
2020 4590 2183 4648 gyra
2216 4575 2506 4634 circulos
2543 4576 2803 4634 itineris
2837 4574 2958 4647 tui,
2996 4589 3075 4631 ne
3110 4574 3284 4631 ultra
3319 4588 3521 4648 quam

431 4693 703 4737 necesse
741 4679 829 4736 sit
876 4678 1351 4753 progrediariS‚
1390 4678 1752 4738 secundum
1803 4679 1976 4753 quod
2012 4695 2135 4753 ego
2171 4679 2365 4738 homo
2403 4680 2522 4739 tibi
2562 4681 2624 4739 in
2658 4684 2990 4754 potestate
3023 4676 3137 4737 Dei
3167 4676 3368 4753 jubeo
3402 4692 3524 4753 per

427 4782 718 4858 quinque
745 4799 984 4843 sensus
1017 4783 1319 4857 corporis
1347 4783 1497 4856 mei,
1530 4799 1648 4857 per
1674 4799 1843 4858 quos
1871 4788 2008 4842 tres
2036 4790 2384 4842 creaturas
2410 4785 2768 4859 circumeO,
2789 4778 2836 4860 ⁵)
2861 4783 3118 4842 scilicet
3144 4782 3388 4855 sidera,
3410 4797 3518 4842 ae-

431 4904 565 4947 rem
603 4894 669 4947 et
703 4895 973 4960 terram,
1012 4888 1186 4962 quod
1222 4894 1371 4948 octo
1405 4894 1583 4962 sunt,
1621 4890 1778 4964 quia
1812 4891 1880 4949 et
1904 4904 2028 4964 ego
2058 4889 2123 4947 in
2150 4891 2299 4949 octo
2326 4889 2852 4949 beatitudinibus
2880 4888 3186 4948 laborare
3212 4886 3440 4946 debeo.
3466 4884 3513 4964 ο)

500 5091 541 5154 ¹)
569 5091 766 5146 GencS.
801 5089 895 5144 IV.
929 5097 1012 5153 17,
1043 5097 1126 5152 18,
1157 5097 1240 5154 19,
1260 5099 1344 5149 21.
1367 5123 1428 5132 -
1453 5096 1499 5158 ⁸²)
1527 5099 1765 5166 ipsorum
1791 5094 1908 5150 cod.
2008 5093 2080 5150 cs.
2114 5112 2164 5166 p.
2195 5101 2314 5151 317.
2352 5129 2409 5135 —-
2438 5097 2483 5160 ⁶)
2506 5097 2686 5152 Ecclc.
2714 5096 2817 5157 xl,
2842 5100 2874 5148 2
2895 5110 3022 5152 cnm
3046 5094 3224 5150 libero
3252 5098 3509 5163 respectu

497 5177 660 5240 ³)alio
686 5176 807 5231 cod.
841 5208 888 5215 —
910 5176 952 5240 ⁴)
980 5178 1044 5231 de
1069 5184 1279 5233 terrena
1310 5178 1380 5234 id.
1413 5211 1470 5217 —-
1498 5181 1539 5242 ⁵)
1567 5184 1774 5236 circaeo
1796 5180 1914 5235 cod.
2013 5181 2078 5235 ad
2102 5183 2393 5238 obscuram
2417 5181 2699 5237 Ambrosii
2746 5179 3292 5253 interpretationem.
