4036 6117
1344 540 1581 588 menn
1629 536 1827 583 νινε
1875 525 2362 579 mam-ronuta
2413 526 2472 570 P.
2522 523 2587 567 v.
3302 494 3436 556 205

411 672 703 751 dientiae
738 673 865 742 est,
901 671 968 725 et
1001 677 1231 723 omnes
1264 660 1381 736 qui
1415 656 1697 718 consilio
1733 648 2221 714 inobedientiae
2253 641 2770 711 consentientes,
2805 636 3163 711 praecepta
3192 628 3312 688 Dei
3343 641 3501 687 con-

414 778 741 847 temnunt,
778 771 878 831 sic
903 766 1439 845 perseveranteS,
1477 758 1780 822 membra
1809 753 2072 815 Diaboli
2107 754 2283 811 sunt.
2316 747 2497 807 Haec
2529 742 2753 803 omnia
2785 754 2938 799 cum
2962 735 3196 798 eodem
3222 731 3497 807 antiquo

414 879 766 940 seductore
814 875 1268 942 destruentur,
1304 870 1373 929 et
1406 866 1488 926 ad
1521 863 1806 925 nihilum
1840 858 2248 933 redigentur;
2298 857 2366 911 et
2398 849 2507 909 hic
2553 848 2856 924 potestas
2899 836 3284 900 Divinitatis
3333 835 3499 897 inte-

407 999 529 1060 gra
576 978 947 1058 apparebit,
999 974 1157 1052 quia
1190 972 1534 1032 inimicum
1567 981 1766 1027 suum
1798 961 2163 1039 superavit.
2196 952 2241 1037 ¹)
2277 956 2352 1015 In
2385 951 2650 1013 homine
2699 960 2965 1025 quoque
2998 950 3165 1003 'eum
3198 937 3494 1017 superat,

412 1101 564 1145 cum
614 1079 1117 1143 conversionem
1166 1075 1678 1153 publicanorum
1724 1073 1791 1128 et
1837 1069 2269 1143 peccatorum
2313 1056 2557 1132 diligit;
2608 1053 2723 1113 ubi
2771 1067 2888 1112 eos
2921 1048 3135 1109 denuo
3185 1042 3496 1115 suscitat,

412 1188 730 1265 quoniam
756 1181 1218 1244 misericordia
1241 1178 1360 1238 Dei
1393 1178 1530 1238 lata
1561 1187 1901 1249 nunquam
1936 1172 2223 1241 arescet,
2259 1179 2383 1225 nec
2414 1165 2690 1238 propter
2722 1153 3259 1218 vicissitudinem
3288 1148 3497 1211 ullius

412 1293 509 1352 rei
543 1289 933 1361 mutabitur3
973 1285 1090 1346 sed
1125 1297 1390 1358 semper
1423 1279 1687 1341 stabilis
1723 1277 1790 1337 in
1823 1290 1895 1335 se
1927 1278 2057 1348 est,
2092 1268 2409 1348 quoniam
2438 1265 2616 1325 Deus
2648 1263 2790 1323 vita
2825 1259 2941 1320 illa
2972 1261 3100 1335 est,
3131 1267 3302 1331 quae
3335 1265 3503 1311 nun-

409 1408 614 1471 quam
642 1392 873 1453 vivere
903 1386 1177 1464 incepit,
1212 1390 1280 1445 et
1314 1398 1486 1460 quae
1517 1380 1774 1441 nullum
1808 1375 2099 1437 similem
2132 1372 2263 1432 sibi
2297 1368 2571 1443 invenit,
2607 1370 2676 1425 et
2708 1376 2881 1442 quae
2913 1359 3120 1421 etiam
3158 1365 3501 1431 nunquam

407 1496 695 1556 finietur.
744 1492 919 1552 Deus
966 1490 1214 1566 quippe
1260 1489 1650 1563 peccatores
1698 1480 2117 1556 poenitentes
2164 1472 2471 1549 suscipit,
2523 1470 2638 1546 qui
2685 1467 2914 1527 vivere
2962 1459 3313 1537 incipiunt,
3346 1469 3500 1515 cum

411 1603 688 1676 peccata
733 1594 1102 1657 deserendo
1139 1593 1206 1652 in
1237 1589 1535 1667 peccatis
1578 1588 1910 1658 arescent,
1947 1588 2015 1643 et
2049 1595 2200 1640 cum
2233 1574 2660 1651 naufragium
2692 1568 2991 1648 peccatis
3025 1565 3169 1625 suis
3204 1563 3271 1623 in
3302 1557 3499 1621 lacri-

413 1706 543 1765 mis
578 1700 1027 1780 poenitentiae
1058 1696 1421 1774 prudenter
1456 1691 1727 1752 faciunt.
1764 1689 1887 1763 Qui
1919 1691 2146 1749 autem
2176 1684 2358 1744 vitae
2391 1678 2800 1742 desiderium
2834 1672 3036 1739 habet
3070 1672 3133 1733 in
3180 1667 3318 1740 illc,
3352 1678 3503 1723 ver-

405 1809 496 1869 ba
526 1807 691 1867 haec
721 1803 1072 1882 percipiat,
1111 1816 1190 1861 ac
1220 1815 1300 1860 ea
1335 1799 1402 1859 in
1430 1794 1481 1877 ⁶¹)
1518 1795 1800 1856 interius
1833 1791 2216 1853 cubiculum
2250 1786 2474 1848 cordis
2509 1784 2653 1844 suis
2688 1777 3025 1841 recondat.

502 1909 608 1973 54.
643 1908 723 1968 Et
753 1921 910 1967 ecce
941 1903 1324 1982 praedictae
1357 1897 1807 1960 multitudinis
1842 1896 2012 1957 alios
2049 1893 2328 1969 spiritus
2360 1888 2524 1964 vidi,
2553 1887 2669 1964 qui
2703 1897 2934 1945 omnes
2958 1874 3501 1943 vociferabantur

409 2018 729 2077 dicentes:
770 2032 802 2074 α
838 2010 1172 2088 Numquid
1197 2023 1512 2083 magnum
1537 2011 1642 2065 est
1675 2003 1853 2081 quod
1884 2001 2062 2062 Deus
2099 1997 2291 2060 facit?
2322 1994 2587 2056 Lucifer
2619 2004 2900 2068 magnus
2934 1990 3061 2059 est,
3096 1986 3165 2041 et
3197 1993 3347 2040 cum
3382 1975 3497 2037 illo

411 2136 677 2197 semper
708 2118 979 2178 erimus.
1013 2134 1044 2173 ιι
1083 2114 1205 2174 Isti
1239 2112 1542 2172 homines
1575 2109 1660 2169 ad
1694 2106 2176 2167 scurrilitatem
2208 2102 2665 2173 exhortantur,
2701 2102 2767 2156 et
2800 2099 2873 2154 ut
2900 2083 3379 2153 subsannantia
3403 2080 3505 2145 di-

413 2230 522 2283 cta
555 2228 623 2283 et
657 2220 834 2281 facta
865 2219 947 2279 ad
984 2232 1214 2279 omnes
1248 2215 1560 2289 habeant,
1596 2211 1697 2271 eis
1730 2211 2209 2270 demonstrant.

1888 2431 2025 2495 XL.

1298 2637 1392 2696 De
1435 2635 1668 2711 poenis
1712 2632 2120 2709 purqatoriis
2170 2627 2619 2689 scurrilitatis,

499 2851 606 2912 55.
656 2850 737 2911 Et
783 2849 922 2910 vidi
971 2847 1308 2908 flammam
1359 2845 1554 2919 ignis,
1607 2843 1674 2905 in
1721 2859 1855 2920 qua
1900 2840 2236 2902 mirabilis
2287 2837 2542 2899 formae
2588 2845 2856 2894 vermes
2903 2823 3392 2887 discurrebant.
3427 2820 3503 2886 In

418 2955 551 3015 ista
585 2956 848 3015 animae
883 2949 1682 3022 illorum‘cruciabantur,
1719 2947 1835 3023 qui
1868 2945 2351 3007 scurrilitatem
2397 2940 2808 3011 amaverant,
2842 2939 2912 2995 et
2944 2931 3060 3009 qui
3090 2928 3257 2995 nulli
3291 2924 3504 2989 homi-

409 3076 567 3120 num
615 3057 685 3119 in
730 3055 1116 3134 hujusmodi
1147 3054 1313 3116 vitio
1346 3057 1784 3131 pepercerant
1813 3046 1887 3131 ³).
1922 3050 2088 3112 Nam
2120 3052 2394 3126 propter
2435 3044 2677 3107 ardens
2712 3038 3006 3106 studium
3042 3029 3500 3104 scurrilitatiS,

414 3179 547 3239 quo
581 3163 828 3224 multos
861 3163 1219 3235 laeserant,
1273 3159 1340 3220 in
1371 3158 1638 3220 flamma
1674 3158 1804 3218 ista
1837 3155 2182 3228 ardebant3
2220 3157 2288 3212 et
2318 3154 2591 3228 propter
2626 3143 3001 3223 ignorantia
3035 3157 3167 3224 qua
3195 3135 3245 3218 ⁴)
3287 3136 3497 3200 Deum

415 3283 537 3344 per
571 3269 743 3330 idem
775 3268 1015 3328 vitium
1047 3265 1408 3328 oblivionis
1443 3263 1878 3336 tradiderant,
1916 3276 2036 3337 per
2068 3257 2412 3336 praefatos
2442 3269 2709 3318 vermes
2742 3248 3249 3328 torquebantur.

1882 3486 2037 3546 XLI.

1361 3684 1456 3744 De
1499 3683 1919 3760 poenitentia
1949 3678 2022 3739 ob
2056 3678 2553 3741 scurrilitatem.

506 3893 614 3957 56.
647 3893 729 3954 Et
759 3893 900 3954 vidi
935 3896 1003 3952 et
1035 3892 1330 3953 intellexi
1364 3889 1550 3951 haec.
1584 3890 1666 3951 Et
1695 3890 1778 3950 de
1819 3888 2125 3967 praefata
2168 3887 2435 3947 vivente
2483 3885 2631 3944 luce
2677 3894 2912 3941 vocem
2960 3875 3125 3937 mihi
3170 3875 3502 3935 dicentem

419 3999 665 4060 iterum
693 3996 938 4058 audivi:
969 3994 1148 4066 Haec
1173 4011 1345 4073 quae
1367 3995 1581 4070 vides,
1617 4009 1780 4055 vera
1812 3998 1991 4069 sunt,
2027 3996 2094 4052 et
2129 3996 2203 4051 ut
2234 4006 2313 4051 ea
2344 3989 2559 4064 vides,
2596 3987 2692 4047 ita
2725 3988 2900 4046 sunt.
2935 3981 3353 4056 Quapropter
3384 3976 3501 4036 ho-

414 4103 630 4163 mines
664 4100 1146 4162 scurrilitatem
1179 4100 1308 4161 sibi
1342 4104 1840 4178 componentes,
1876 4098 1937 4158 si
1970 4096 2302 4173 malignos
2337 4092 2618 4170 spiritus
2662 4090 2847 4151 illam
2880 4086 3011 4147 sibi
3058 4087 3496 4161 suggerentes

302 4240 307 4244 .
415 4204 878 4267 contenderint
908 4204 990 4268 de
1023 4220 1095 4266 se
1130 4203 1385 4282 fugare,
1422 4209 1489 4265 et
1520 4203 1755 4282 poenis
1787 4204 1934 4284 ejus
1968 4203 2241 4277 abesse,
2286 4197 2559 4276 jejuniis
2592 4200 2660 4256 et
2690 4190 3086 4255 verberibus
3134 4187 3500 4250 secundum

419 4310 785 4371 iussionem
833 4309 963 4370 sibi
1010 4309 1460 4387 praesidentis
1508 4308 1794 4370 rectoris
1843 4323 1917 4368 se
1964 4305 2327 4383 castigent,
2377 4304 2445 4364 et
2474 4299 2712 4363 deinde
2747 4296 3087 4359 silentium
3120 4310 3269 4356 cum
3305 4293 3501 4355 recti-

418 4414 645 4474 tudine
680 4413 1139 4475 convenientis
1174 4413 1683 4490 temperamenti
1717 4412 2020 4488 diligant.
3035 4384 3043 4392 ⁸

1862 4632 2060 4698 XLII.

1563 4833 1657 4892 De
1705 4832 1863 4893 vitio
1910 4830 2361 4891 scurrilitati&

508 5036 615 5099 57.
649 5035 1036 5101 Scurrilitas
1067 5038 1247 5100 enim
1278 5038 1613 5102 oblivione
1635 5035 1683 5122 ⁵)
1717 5038 1838 5102 Dei
1870 5040 2127 5117 repleta
2160 5043 2283 5116 est,
2322 5043 2389 5099 et
2421 5036 2855 5100 mendacibus
2887 5037 3115 5098 verbis
3146 5035 3501 5100 veritatem

495 5203 540 5274 ι)
567 5203 691 5264 sort.
723 5209 1014 5281 superabit.
1046 5240 1113 5251 -—-
1139 5210 1186 5278 ²)
1213 5210 1272 5267 in
1296 5223 1405 5267 om.
1435 5207 1502 5267 Α.
1535 5241 1597 5249 -
1624 5208 1668 5282 ³)
1691 5216 2041 5286 perceperunt
2063 5207 2134 5276 A.
2163 5205 2254 5268 W.
2286 5240 2355 5252 -
2376 5206 2422 5280 ⁴)
2446 5223 2612 5283 quam
2635 5209 2701 5265 Α.
2733 5238 2801 5250 --
2827 5208 2870 5276 ⁵)
2896 5204 3164 5266 oblivioni
3185 5203 3251 5264 A.
