4036 6117
1259 518 1314 564 11
1378 519 1620 563 Lmen
1683 517 1889 562 v1TAE
1949 511 2426 560 msam-onum
3238 493 3318 553 8⁷1
3400 487 3403 490 ’

290 654 487 715 supra
512 638 772 698 dictum
804 643 931 710 est,
972 637 1035 695 in
1069 636 1270 695 dictis
1306 636 1448 695 suis
1485 635 1804 694 declarat.
1841 632 1963 692 Sed
1999 629 2489 690 examinatione
2518 626 2961 687 abstinentiae
3002 627 3095 686 illi
3133 628 3389 686 resisti-

291 750 413 812 tur,
450 748 516 801 et
552 757 635 799 ne
672 741 871 800 homo
906 755 978 798 se
1017 742 1234 815 ipsum
1274 739 1338 797 in
1372 738 1571 813 hujus
1609 738 1784 797 modi
1819 737 2202 796 irrisionem
2238 733 2530 804 inducat,
2568 736 3047 790 commonetur.

1744 949 1926 1008 XLII.

1570 1161 1661 1219 De
1714 1158 2104 1218 Acerbitale.

367 1368 473 1431 51.
528 1368 836 1431 Secunda
869 1377 1095 1430 autem
1130 1370 1349 1445 imago
1401 1368 1837 1428 acerbitatem
1872 1367 2310 1441 demonstrat,
2363 1381 2535 1443 quae
2579 1366 2684 1425 sui
2717 1364 2973 1426 ventris
3025 1365 3385 1441 ingluviem

283 1473 743 1551 subsequitum
782 1475 940 1551 quia
973 1480 1332 1550 postquam
1368 1472 1564 1533 homo
1597 1472 1803 1531 nimia
1846 1472 2216 1531 voracitate
2252 1488 2324 1530 se
2373 1469 2777 1543 oneraverit,
2829 1469 3268 1530 acerbitatem
3303 1487 3378 1529 ac

281 1578 798 1638 amaritudinem
836 1580 903 1639 in
937 1580 1400 1655 superfluitate
1433 1577 1736 1637 ciborum
1774 1578 2077 1651 incurrit,
2113 1577 2298 1636 velut
2331 1575 2547 1634 hiems
2581 1582 2734 1651 post
2759 1581 3084 1635 aestatem
3113 1576 3376 1636 accidit.

279 1680 354 1741 Et
383 1687 457 1741 ut
492 1682 858 1757 leopardus
891 1688 1019 1757 est,
1056 1683 1372 1758 quoniam
1406 1681 1628 1739 omnia
1662 1696 1867 1756 opera
1900 1680 2046 1755 ejus
2083 1680 2147 1739 in
2182 1678 2625 1738 amaritudine
2661 1685 2840 1754 sunt,
2882 1678 3089 1739 feram
3121 1680 3187 1739 in
3220 1681 3381 1740 dua·-

287 1785 404 1845 bus
451 1786 726 1846 naturis
759 1781 803 1864 ¹)
854 1787 1254 1845 existentem
1304 1786 1598 1858 imitanS,
1657 1784 1835 1843 sicut
1867 1789 1933 1843 et
1983 1785 2130 1859 ipsa
2164 1789 2301 1842 tam
2350 1798 2513 1842 voce
2548 1799 2744 1858 quam
2797 1798 2997 1857 opere
3047 1784 3378 1843 acerrima

279 1896 398 1964 est,
433 1891 1007 1967 quemadmodum
1058 1892 1262 1950 etiam
1298 1892 1363 1950 in
1412 1890 1745 1949 locutione
1782 1906 1904 1948 sua
1949 1889 2263 1965 superius
2312 1887 2622 1947 ostendit.
2672 1888 2856 1948 Unde
2905 1889 3132 1948 verbis
3182 1906 3381 1949 verae

278 1994 615 2068 largitatis
668 1995 1090 2069 inclamatur,
1142 2001 1208 2053 et
1245 2000 1315 2054 ut
1365 1994 1667 2053 homines
1718 1993 1984 2068 benigni
2023 1994 2087 2051 in
2130 1992 2442 2067 largitate
2494 1992 2650 2064 sint,
2703 1991 3166 2068 admonentur,
3220 1995 3379 2070 quia

283 2095 366 2156 ibi
397 2112 651 2172 magna
684 2098 1062 2158 amaritudo
1097 2104 1224 2173 est,
1261 2098 1374 2158 ubi
1410 2098 1605 2157 homo
1642 2115 1679 2156 a
1711 2097 1844 2156 Deo
1879 2097 2193 2170 declinat,
2230 2102 2298 2154 et
2330 2095 2443 2154 ubi
2479 2110 2552 2155 se
2578 2101 2809 2154 contra
2843 2096 3051 2156 Deum
3087 2097 3378 2173 indurat,

275 2202 461 2278 quasi
496 2201 775 2280 adjutor
806 2203 953 2279 ejus
986 2202 1160 2262 Deus
1195 2220 1325 2263 non
1359 2203 1469 2277 sit,
1507 2209 1571 2261 et
1610 2202 1721 2261 ubi
1756 2201 1889 2261 Deo
1927 2201 2092 2260 nihil
2127 2201 2207 2259 de
2244 2200 2349 2259 his
2378 2199 2616 2274 reddit,
2654 2215 2825 2275 quae
2852 2199 3025 2259 Deus
3066 2202 3188 2277 ipsi
3226 2218 3380 2261 con-

278 2309 494 2367 cessit.
537 2308 747 2383 Unde,
784 2325 823 2368 o
863 2310 1110 2369 illustri
1145 2315 1211 2369 et
1245 2310 1611 2384 sapienteS,
1651 2310 1910 2368 animas
1947 2314 2211 2368 vestras
2243 2308 2377 2367 Deo
2413 2312 2831 2383 praeparate.
2878 2383 2885 2389 ⁸

1719 2518 1936 2577 XLIII.

1382 2728 1592 2785 Isaias
1641 2726 1725 2784 ad
1761 2744 1901 2784 rem
1952 2726 2271 2783 eamdem.

349 2929 454 2990 52.
508 2930 627 2990 Sic
675 2931 912 3006 IsaiaS,
947 2948 1068 3007 per
1101 2947 1206 2991 me
1242 2933 1632 3009 inspiratuS,
1670 2933 1864 2992 vobis
1899 2932 2341 3008 demonstrat,
2376 2931 2427 3011 ²)
2470 2949 2617 2991 cum
2656 2932 2837 2992 dicit:
2880 2933 3097 3006 Quum
3130 2935 3381 3014 effude-

280 3037 366 3095 ris
397 3038 739 3097 esurienti
772 3039 1068 3097 animam
1102 3043 1313 3108 tuam,
1344 3044 1404 3097 et
1440 3041 1738 3099 animam
1770 3041 2088 3118 affl-ictam
2121 3038 2511 3117 repleveris,
2548 3041 2802 3099 orietur
2835 3042 2906 3099 in
2935 3039 3220 3101 tenebris
3255 3041 3378 3102 luoe

270 3147 397 3214 tua,
433 3146 495 3199 et
560 3140 870 3200 tenebrae
918 3148 1073 3201 tuae
1122 3149 1320 3202 erunt
1372 3146 1539 3203 sicut
1588 3143 1923 3203 meridies,
1975 3144 2060 3203 Et
2097 3146 2397 3219 requiem
2444 3142 2560 3203 tibi
2594 3142 2770 3202 dabit
2825 3143 3146 3203 Dominus
3199 3145 3374 3205 Deus

276 3250 420 3305 tuus
469 3263 772 3322 semper,
808 3252 870 3305 et
919 3245 1218 3323 implebit
1269 3245 1726 3323 splendoribus
1773 3250 2071 3307 animam
2120 3254 2326 3320 tuam,
2363 3253 2424 3305 et
2475 3265 2618 3306 ossa
2650 3247 2766 3307 t'ua
2808 3246 3127 3308 liberabit.
3167 3248 3374 3326 Cujus

270 3364 498 3411 sensus
561 3351 721 3411 talis
768 3357 893 3411 est.
929 3351 1168 3412 Anima
1215 3352 1583 3427 suspirium
1629 3358 1698 3411 et
1746 3351 2157 3411 desiderium
2206 3367 2284 3411 ac
2334 3352 2745 3413 voluntatem
2795 3338 3018 3427 habet,
3055 3358 3119 3413 et
3172 3354 3359 3412 carni

268 3455 552 3531 adjacet,
590 3473 763 3534 quae
795 3457 877 3519 de
913 3464 1094 3519 terra
1128 3464 1279 3518 orta
1311 3465 1432 3519 est.
1468 3459 1547 3518 Et
1580 3474 1733 3518 cum
1771 3459 1989 3517 anima
2027 3473 2297 3518 carnem
2348 3459 2655 3534 moverit,
2699 3459 2962 3539 scilicet
3008 3465 3366 3538 postquam

271 3576 407 3622 eam
439 3561 922 3635 vivificaverit,
960 3578 1118 3623 caro
1152 3570 1427 3638 peccata
1464 3565 1694 3637 sentit,
1729 3563 1810 3621 de
1844 3563 2087 3638 quibus
2122 3568 2271 3622 orta
2303 3570 2427 3623 est.
2464 3563 2644 3634 Quae
2685 3581 2836 3623 cum
2873 3581 3029 3625 caro
3078 3565 3375 3643 perfece-

273 3665 370 3740 rit,
423 3668 658 3726 anima
707 3666 789 3727 ad
822 3665 1118 3729 officium
1167 3684 1386 3742 suurn,
1427 3669 1740 3728 videlicet
1789 3674 1861 3728 ut
1893 3668 2137 3728 bonum
2192 3668 2417 3743 faciat,
2455 3671 2687 3730 esurit.
2725 3670 2851 3731 Sed
2901 3672 3098 3734 homo
3140 3674 3222 3734 ad
3258 3690 3371 3734 su-

272 3770 545 3845 spirium
607 3770 906 3843 animae,
959 3787 1090 3847 quo
1163 3772 1245 3831 ad
1279 3770 1486 3831 Deum
1536 3771 1800 3842 tendat,
1851 3772 2176 3832 velociter
2224 3779 2481 3848 surgat,
2534 3781 2600 3835 et
2652 3776 2733 3836 ad
2781 3776 3190 3838 desiderium
3240 3795 3373 3854 quo

268 3871 463 3936 Deum
498 3874 975 3949 amplectatur,
995 3876 1206 3961 ‘citius
1233 3876 1572 3948 ascendat,
1602 3892 1681 3935 ac
1716 3876 2129 3935 voluntatem
2162 3894 2294 3953 qua
2318 3877 2526 3938 Deum
2562 3885 2762 3954 amet,
2801 3886 3072 3940 strenue
3105 3879 3369 3942 habeat.

271 3978 495 4039 Anima
545 3978 730 4038 enim
779 3981 990 4040 multa
1038 3980 1211 4041 bona
1259 3986 1328 4041 et
1376 3982 1584 4042 multa
1635 3982 1809 4041 mala
1855 3975 1905 4059 ⁸)
1958 3982 2486 4058 comprehendit,
2534 3985 2707 4045 sicut
2757 3984 2955 4047 homo
2992 3988 3058 4046 in
3106 3988 3371 4048 actibus

267 4084 397 4147 suis
430 4085 717 4161 saepius
749 4085 1061 4146 ostendit.
1099 4086 1252 4162 Ipsa
1286 4088 1492 4146 etiarn
1533 4087 1710 4145 sicut
1751 4093 1992 4147 ventus
2028 4094 2131 4147 est
2165 4090 2277 4163 qui
2332 4105 2536 4164 super
2568 4091 2871 4165 gramina
2907 4092 3043 4167 ssat,
3080 4098 3147 4152 et
3181 4093 3365 4153 velut

267 4203 367 4248 ros
397 4188 505 4248 est
538 4188 661 4264 qui
696 4203 901 4263 super
932 4190 1235 4264 gramina
1285 4189 1486 4264 cadit,
1524 4197 1590 4249 et
1638 4190 1834 4265 quasi
1868 4190 2187 4266 pluvialis
2238 4208 2353 4251 aer
2393 4199 2518 4266 est,
2556 4195 2670 4269 qui
2705 4210 2783 4254 ea
2833 4211 3139 4257 crescere
3176 4196 3356 4257 facit.

265 4289 685 4366 Quapropter
717 4290 914 4351 homo
948 4290 1248 4352 effundat
1281 4292 1820 4352 desiderantibus
1848 4293 2088 4352 bonam
2116 4294 2531 4355 voluntatem
2558 4312 2770 4355 suam.
2802 4296 3177 4368 Quomodo?
3203 4300 3371 4360 Ven-

269 4400 366 4456 tus
398 4397 486 4458 sit
520 4397 597 4456 in
630 4395 963 4470 adjutorio
1001 4397 1424 4471 miserorum,
1461 4403 1527 4457 et
1565 4413 1676 4457 ros
1711 4397 1895 4456 sitin
1930 4398 2386 4458 consolatione
2419 4399 2899 4476 desolatorum,
2943 4418 3021 4462 ac
3046 4404 3364 4480 pluvialis

266 4521 371 4563 aer
404 4508 495 4565 sit
528 4504 920 4565 deficientes
956 4504 1337 4580 reficiend0‚
1372 4501 1419 4584 ⁴)
1458 4521 1535 4564 ac
1568 4521 1684 4565 eos
1727 4503 2032 4564 doctrina
2070 4505 2252 4564 velut
2299 4506 2679 4565 esurientes
2715 4508 3053 4582 replendo,
3118 4508 3230 4569 ubi
3267 4512 3366 4570 eis

264 4613 549 4673 animam
601 4628 794 4672 suam
830 4612 1088 4684 tribuit,
1140 4628 1294 4671 cum
1329 4612 1493 4688 ipsis
1545 4612 1706 4671 totis
1759 4611 2016 4672 viribus
2051 4612 2348 4687 ejusdem
2389 4614 2650 4673 animae
2685 4631 2845 4674 suae
2881 4616 3366 4690 perspicaciter

267 4717 548 4793 inspicit:
585 4712 632 4795 ⁵)
670 4720 836 4779 Cum
871 4720 1023 4790 ista,
1064 4735 1103 4779 o
1139 4719 1358 4793 homo,
1399 4717 1660 4791 feceriS‚
1699 4720 1764 4778 et
1797 4734 1950 4778 cum
1983 4720 2279 4778 animam
2312 4738 2348 4778 a
2382 4720 2820 4781 daemonibus
2856 4728 2920 4780 et
2958 4722 3040 4782 ab
3075 4722 3361 4784 homini-

266 4818 375 4879 bus
407 4820 761 4890 afflictam,
797 4823 865 4880 et
896 4823 1189 4896 peccatis
1224 4828 1598 4882 catenatam
1632 4827 1698 4879 et
1734 4822 2242 4896 incarceratam,
2273 4822 2465 4884 bonis
2492 4825 3037 4900 persuasionibus
3066 4825 3360 4887 redeme-

266 4924 370 4996 ris,
406 4941 488 4985 ac
523 4927 784 4984 sanctis
818 4925 1398 4986 exhortationibus
1433 4926 1840 5000 impleveriS,
1876 4926 2135 4985 orietur
2168 4934 2322 4987 ortu
2351 4928 2658 5002 justitiae
2694 4929 2760 4988 in
2796 4930 3090 4989 tenebris
3124 4948 3361 5007 pecca-

333 5101 897 5176 ¹)A01P10ysioloqum‚
917 5104 1003 5160 uti
1021 5106 1137 5175 jam
1163 5121 1331 5176 supra
1354 5104 1762 5166 n.105.iterum
1854 5107 1958 5167 dit,
1993 5124 2113 5160 cum
2136 5107 2271 5161 dicit
2295 5106 2387 5160 W.
2421 5138 2481 5146 —
2511 5107 2583 5162 Is.
2614 5107 2820 5169 LVIII,
2857 5112 2938 5163 10.
2972 5139 3038 5148 --
3066 5108 3109 5175 3)
3137 5117 3187 5165 et
3209 5111 3360 5166 mala

268 5185 353 5239 hic
394 5186 695 5245 manifeste
737 5189 1058 5261 respicitur.
1096 5222 1158 5231 —
1188 5192 1232 5257 2)
1274 5196 1576 5264 inspiratus
1601 5198 1765 5247 osten-
1855 5190 1920 5246 A.
1957 5222 2020 5230 —
2044 5191 2085 5255 ⁴)
2113 5188 2407 5261 deficientis
2431 5192 2721 5263 deficiendo
2748 5194 2838 5249 W.
2872 5224 2938 5234 —-
2966 5196 3008 5261 ⁵)
3034 5198 3242 5252 insistit
3264 5194 3333 5252 A.

469 5300 820 5360 ΑΝΑιεετ.
874 5300 940 5358 Τ.
994 5300 1153 5359 VIII.
1208 5300 1248 5357 6
