4036 6117
709 472 838 534 108
1865 485 1915 532 s.
1978 482 2520 533 nlbnsscAants

639 625 670 665 ι
709 612 775 666 et
809 607 1081 667 sibilum
1114 606 1372 666 Diaboli
1409 624 1505 681 es,
1544 622 1666 666 nec
1700 605 1881 666 aliud
1915 606 2286 681 desideras,
2323 614 2390 666 et
2425 608 2491 667 in
2524 608 2813 667 elatione
2848 610 3091 667 mentis
3119 615 3272 668 tuae
3298 607 3485 669 dicis:
3514 606 3737 686 Popu‘.

637 729 669 767 ι
709 710 1063 785 lossuper
1111 726 1462 770 numerum
1512 727 1754 770 arenae
1804 712 2011 770 maris
2063 711 2145 769 ad
2194 727 2298 769 me
2349 711 2632 770 traham.
2692 708 2817 770 Sed
2865 711 3154 771 deficies,
3216 711 3351 787 Ego
3400 714 3576 772 enim
3607 729 3722 789 per

637 835 669 873 ι
707 814 884 874 diem
917 821 984 874 et
1015 831 1136 891 per
1168 822 1430 874 noctem
1465 817 1784 875 virtutem
1818 816 2182 891 aequitatis
2216 822 2282 874 et
2318 816 2470 874 boni
2505 815 2729 890 operis
2767 815 2959 875 facio.
2987 816 3150 875 Nam
3184 816 3460 892 pallium
3509 831 3723 877 meum

636 937 668 975 ι
708 933 910 993 super
942 917 1118 977 diem
1152 924 1218 977 et
1258 934 1460 993 super
1485 924 1745 978 noctem
1779 919 2013 992 dilat0,
2044 925 2109 978 et
2144 919 2363 978 omnia
2394 920 2564 978 bona
2590 935 2791 994 opera
2828 919 2892 978 in
2918 919 3024 978 die
3052 919 3346 994 perficio,
3377 935 3454 978 ac
3493 935 3721 980 omnes

636 1041 668 1079 ι
706 1029 1072 1081 nocturnos
1106 1022 1374 1082 dolores
1410 1040 1609 1098 ungo,
1645 1030 1712 1082 et
1747 1024 1845 1082 sic
1882 1024 1945 1082 in
1981 1030 2217 1083 neutra
2252 1030 2442 1098 parte
2476 1024 2834 1099 quisquam
2870 1040 2974 1082 me
3018 1030 3312 1084 accusat.
3350 1023 3724 1099 Diligentis-

639 1144 670 1182 »
709 1126 881 1184 sima
913 1127 1092 1185 enim
1125 1128 1363 1201 amica,
1404 1128 1469 1185 in
1508 1127 1744 1186 throno
1780 1127 1896 1185 Dei
1932 1144 2104 1200 sum,
2142 1135 2208 1186 ct
2242 1128 2418 1186 Deus
2452 1128 2707 1187 nullum
2742 1128 3097 1186 consilium
3132 1143 3236 1186 me
3285 1127 3478 1186 celat.
3516 1126 3594 1186 Et
3626 1143 3723 1186 re-

634 1249 666 1287 »
704 1231 923 1305 galem
975 1229 1342 1289 thalamum
1392 1230 1627 1304 habeo,
1664 1247 1741 1289 ac
1776 1233 1998 1290 omnia
2033 1247 2204 1308 quae
2239 1231 2350 1290 Dci
2391 1238 2567 1304 sunt,
2607 1237 2672 1290 et
2709 1247 2854 1289 mea
2899 1236 3076 1289 sunt.
3111 1231 3233 1289 Sed
3270 1237 3337 1290 et
3374 1230 3485 1290 ubi
3519 1230 3723 1290 Filius

638 1353 670 1391 ι
707 1334 824 1393 Dei
859 1341 1134 1411 peccata
1171 1334 1513 1395 hominum
1549 1336 1612 1394 in
1648 1337 1872 1394 tunica
1907 1353 2028 1393 sua
2066 1337 2289 1410 tergit,
2332 1336 2417 1394 ibi
2455 1336 2863 1394 suavissimo
2899 1335 3101 1394 linteo
3127 1335 3406 1393 vulnera
3441 1334 3598 1409 ligO.
3632 1334 3726 1396 Tu

637 1455 668 1494 ι
708 1444 933 1496 autem
967 1439 1315 1512 erubesce,
1355 1440 1511 1514 quia
1549 1441 1786 1498 melior
1819 1456 1978 1515 pars
2013 1440 2135 1498 tibi
2173 1457 2300 1498 non
2337 1446 2462 1499 est.
2504 1458 2535 1496 »

719 1542 781 1603 9.
820 1543 944 1602 Sed
978 1544 1177 1603 tertia
1205 1544 1422 1618 imago
1460 1543 1737 1602 formam
1777 1542 2066 1602 hominis
2103 1543 2410 1615 habebat,
2447 1549 2723 1619 excepto
2758 1543 2934 1620 quod
2971 1560 3206 1603 manus
3240 1543 3387 1618 ejus
3422 1541 3721 1600 hirsutae

632 1654 845 1722 erant,
882 1654 948 1707 et
982 1648 1158 1723 quod
1194 1664 1390 1707 crura
1425 1654 1490 1707 et
1525 1648 1727 1723 pedes
1780 1648 1992 1722 ipsius
2028 1648 2339 1706 cruribus
2389 1654 2455 1706 et
2490 1648 2772 1723 pedibus
2815 1649 3003 1724 gruis
3052 1648 3624 1708 assimilabantur.
3659 1645 3727 1705 In

630 1752 849 1828 capite
882 1759 1105 1811 autem
1140 1768 1260 1810 suo
1295 1752 1544 1826 pileum
1577 1751 1657 1809 de
1692 1751 1991 1823 gramine
2026 1752 2304 1826 cespitis
2344 1751 2592 1809 sactum
2627 1752 2960 1826 gestabat,
2997 1766 3075 1810 ac
3109 1752 3299 1826 nigro
3335 1749 3717 1809 indumento

633 1857 1051 1916 induebatur.
1090 1856 1163 1915 In
1188 1855 1442 1915 -dextra
1478 1871 1741 1930 quoque
1777 1871 1899 1913 sua
1933 1855 2215 1913 viridem
2270 1856 2751 1927 ramusculum,
2795 1856 2859 1915 in
2895 1856 3173 1915 sinistra
3207 1871 3367 1914 vero
3401 1854 3730 1931 quosdam

635 1961 832 2021 nores
869 1961 1158 2034 tenebat,
1199 1977 1371 2036 quos
1406 1976 1646 2034 magna
1680 1960 2029 2032 diligentia
2066 1961 2488 2036 inspiciebat,
2525 1967 2592 2019 et
2624 1962 2814 2019 dixit:

2124 2185 2255 2242 VII.

1781 2380 1978 2439 Verba
2036 2382 2269 2440 Inanis
2321 2381 2603 2440 Gloriae.

731 2590 834 2654 10.
891 2610 922 2649 α
961 2589 1205 2650 Omnes
1241 2604 1485 2648 causas
1519 2588 1876 2662 diligenter
1911 2589 2197 2664 inquir0‚
2250 2596 2317 2650 et
2350 2592 2546 2649 testis
2584 2589 2745 2650 mihi
2784 2607 2955 2664 sum,
3009 2590 3184 2666 quod
3219 2592 3557 2667 probitate
3591 2608 3737 2652 mea

644 2717 674 2755 »
715 2697 867 2755 illas
902 2695 1067 2754 bene
1101 2692 1666 2769 comprehendere
1699 2709 1998 2767 possum.
2037 2693 2218 2752 Unde
2252 2694 2425 2770 quod
2463 2694 2679 2768 video,
2716 2700 2783 2752 et
2826 2693 3003 2770 quod
3040 2695 3204 2768 scic,
3254 2694 3592 2770 quomodo
3624 2693 3733 2755 de-

641 2820 673 2859 »
711 2805 894 2860 ceret
927 2804 998 2857 ut
1033 2797 1454 2856 honestatem
1489 2798 1554 2855 in
1590 2797 1704 2855 illo
1739 2796 2156 2855 desererem?
2180 2798 2313 2872 Ego
2347 2799 2551 2856 etiam
2578 2798 2859 2870 confido,
2889 2798 3065 2872 quod
3108 2813 3251 2856 mea
3279 2797 3733 2872 possibilitate

644 2924 672 2962 n
712 2903 940 2964 volare
973 2903 1227 2977 possim
1255 2918 1375 2977 per
1398 2902 1586 2960 vicos
1612 2907 1674 2958 et
1705 2901 1964 2976 plateas
1997 2896 2069 2978 ¹),
2101 2901 2659 2977 quemadmodum
2686 2903 2997 2961 volucres
3025 2917 3195 2978 quac
3226 2902 3291 2961 in
3325 2902 3521 2960 silvis
3551 2900 3737 2961 habi-

641 3027 672 3067 »
712 3013 878 3083 tant,
913 3012 978 3066 et
1012 3022 1183 3082 quae
1217 3011 1463 3065 canunt
1496 3005 1960 3081 quodcumque
1996 3006 2247 3065 volunt.
2286 3006 2447 3065 Nam
2483 3012 2751 3066 cantum
2782 3007 3047 3066 illorum
3082 3006 3367 3079 discere,
3395 3012 3462 3066 et
3499 3020 3735 3066 secun-

639 3133 670 3171 »
709 3112 866 3172 dum
899 3127 1014 3170 eas
1052 3126 1291 3170 sonare
1326 3112 1504 3185 vo10,
1541 3116 1607 3169 et
1642 3110 1764 3169 hoc
1803 3110 2089 3169 humano
2126 3126 2329 3168 sensu
2365 3112 2682 3185 miscebo,
2722 3128 2799 3170 ac
2836 3126 3058 3169 mores
3092 3110 3450 3169 curialium
3484 3109 3736 3170 bestia·

642 3238 671 3275 ι
713 3233 860 3277 rum
888 3233 1038 3277 cum
1058 3216 1553 3292 pulchritudine
1580 3216 1954 3291 puellarum
1981 3216 2323 3275 exercebo,
2342 3215 2573 3274 Omnia
2599 3217 2803 3274 etiam
2824 3232 2995 3291 quae
3024 3231 3169 3274 mea
3196 3214 3488 3288 sunt,sic
3508 3213 3734 3289 dispo-

641 3342 673 3379 ι
711 3339 819 3396 nc,
852 3328 922 3381 ut
953 3321 1178 3381 cuncti
1204 3321 1319 3397 qui
1357 3336 1457 3379 me
1487 3320 1735 3390 vident,
1776 3322 1840 3379 in
1865 3321 1964 3379 eis
1992 3320 2350 3395 gaudeant,
2378 3326 2443 3377 et
2476 3319 2649 3394 quod
2679 3337 2909 3379 omnes
2936 3321 3049 3396 qui
3079 3336 3181 3378 me
3207 3319 3508 3393 audiunt,
3541 3320 3606 3379 in
3633 3320 3732 3380 eis

638 3444 669 3482 ι)
710 3425 1031 3485 honorem
1066 3425 1229 3483 mihi
1264 3424 1639 3498 exhibeant3
1677 3426 1768 3482 ita
1803 3425 1977 3500 quod
2012 3425 2216 3482 etiam
2261 3439 2491 3481 omnes
2524 3423 2605 3481 de
2639 3423 2975 3498 probitate
3010 3439 3155 3482 mea
3205 3424 3555 3483 mirentur.
3592 3423 3728 3500 Ego

641 3549 670 3585 ι)
709 3528 885 3587 enim
932 3528 1194 3585 cithara
1228 3543 1379 3585 cum
1430 3528 1839 3599 volucribuS,
1877 3532 1943 3585 et
1990 3527 2269 3584 curialis
2303 3543 2455 3584 curn
2504 3527 2765 3598 bestiis,
2804 3542 2881 3584 ac
2930 3527 3200 3601 sapiens
3236 3541 3387 3585 cum
3437 3524 3728 3585 homini-

637 3648 668 3684 »
710 3628 835 3688 bus
885 3643 1052 3687 sum.
1091 3627 1324 3686 Omnia
1374 3645 1641 3703 quoque
1679 3628 1853 3686 laeta
1905 3644 2058 3686 cum
2092 3628 2411 3687 laudabili
2441 3628 2861 3703 jucunditate
2897 3629 2978 3687 ad
3029 3645 3133 3687 me
3167 3629 3432 3703 colligo.
3465 3628 3544 3687 Et
3579 3644 3771 3689 cum.

635 3755 664 3790 n
704 3733 869 3794 haec
905 3732 1147 3806 fecem,
1185 3733 1337 3808 quis
1374 3732 1535 3790 mihi
1570 3732 2023 3790 assimilatur?
2056 3732 2119 3790 Si
2155 3748 2284 3790 non
2326 3748 2743 3807 quaererem,
2781 3732 2945 3791 nihil
2977 3734 3367 3806 invenirem;
3402 3738 3471 3791 et
3504 3733 3562 3791 si
3604 3748 3733 3792 non

636 3856 665 3893 ι
707 3841 1029 3912 peterem,
1066 3835 1231 3893 nihil
1269 3834 1431 3893 mihi
1465 3834 1762 3907 daretur,
1800 3835 1956 3910 quia
1993 3836 2411 3909 prosperitas
2449 3836 2610 3895 mihi
2646 3853 2774 3896 non
2808 3843 2933 3909 est,
2972 3836 3101 3895 nisi
3136 3852 3283 3895 eam
3318 3851 3436 3912 per
3469 3837 3735 3911 sapien-

633 3960 662 3997 »
703 3939 866 4000 tiam
898 3945 965 3998 et
997 3955 1115 4015 per
1146 3938 1552 4015 probitatem
1587 3953 1801 3997 meam
1835 3939 2201 4014 acquiram.
2239 3939 2364 3997 Pro
2399 3940 2607 3999 nihilo
2646 3947 2984 4016 computo,
3026 3941 3084 4000 si
3128 3941 3331 4000 alicui
3368 3941 3728 4000 molestum

629 4063 659 4100 ιι
697 4049 765 4103 et
796 4058 1001 4119 grave
1034 4049 1161 4117 est,
1200 4042 1376 4120 quod
1413 4042 1681 4118 sapiens
1714 4048 1781 4101 et
1813 4043 2023 4117 proba
2059 4059 2229 4116 sum,
2270 4043 2385 4102 sed
2419 4044 2707 4119 gloriam
2743 4060 2959 4103 meam
2993 4043 3241 4103 habere
3277 4044 3452 4104 volo.
3489 4044 3567 4102 Et
3606 4059 3729 4103 cur

633 4166 662 4202 ιι
705 4147 870 4208 haec
904 4147 1035 4208 Deo
1073 4149 1356 4207 molesta
1390 4153 1641 4221 essent,
1680 4162 1885 4221 quum
1921 4147 2018 4205 sic
2054 4154 2279 4206 creata
2315 4148 2441 4206 sim
2474 4145 2524 4225 ²)
2565 4147 2636 4205 n‘?

2102 4377 2262 4436 VIII.

1637 4571 2047 4646 Responsum
2105 4570 2378 4629 Timoris
2429 4571 2716 4629 Domini.

711 4775 813 4836 11.
864 4776 944 4837 Et
981 4780 1224 4838 iterum
1257 4778 1338 4837 de
1373 4777 1674 4853 praefata
1710 4778 1977 4837 turbida
2012 4778 2185 4837 nube
2220 4779 2445 4838 audivi
2480 4795 2711 4837 vocem
2748 4778 2963 4837 eidem
3001 4779 3271 4853 imagini
3327 4792 3724 4853 responsum

616 4881 904 4941 dantem:
945 4901 976 4940 α
1014 4882 1332 4953 Quamvis
1366 4882 1532 4941 nihil
1568 4882 1831 4953 timcaS,
1870 4889 1936 4941 et
1970 4884 2281 4959 quamvis
2328 4899 2866 4959 unamquamque
2905 4898 3044 4941 rem
3083 4882 3417 4957 rapaciter
3466 4880 3717 4956 ramae,

622 5002 653 5041 ι
691 4986 987 5061 pessima
1020 4988 1372 5047 evacuatio
1407 4987 1685 5062 pessimi
1723 4986 1878 5045 idoli
1915 5004 2009 5046 eS.
2040 4987 2117 5046 Et
2153 4988 2310 5062 quid
2347 4994 2448 5045 est
2486 4988 2660 5063 quod
2694 4986 2888 5046 horno
2924 4987 3067 5045 sine
3101 4986 3317 5060 gratia
3345 4983 3459 5042 Dei
3498 4984 3721 5043 facere

691 5135 730 5199 ¹)
755 5153 853 5206 per
871 5137 1085 5209 plateas
1112 5138 1200 5192 W.
1239 5172 1300 5178 -
1326 5140 1370 5207 ²)
1397 5142 1562 5193 simus
1589 5138 1677 5192 W.
