4036 6117
1376 532 1788 581 txrosrrio
1837 534 2495 581 evANGemonun.
3280 518 3402 577 2611

1811 881 2072 991 VII.

1287 1123 1366 1181 In
1418 1125 1765 1184 Dominica
1812 1124 1887 1182 ΙΙ
1923 1128 2067 1200 post
2122 1123 2585 1200 Epiphaniam.
2652 1117 2656 1123 ’

1913 1333 1957 1391 Ι.

487 1538 776 1615 Nuptiae
807 1541 1023 1617 factae
1074 1544 1252 1611 sunt,
1286 1534 1331 1617 ¹)
1369 1539 1631 1614 quando
1659 1539 1856 1598 ,Deus
1890 1540 2099 1599 Adam
2134 1546 2204 1599 et
2249 1539 2454 1600 Evam
2507 1537 2842 1614 formavit,
2879 1539 2952 1597 in
2992 1539 3236 1613 Chana,
3275 1532 3340 1596 id
3373 1539 3477 1595 est

390 1642 462 1700 in
513 1643 763 1702 ultione
809 1638 861 1719 ²)
914 1643 1050 1717 illa,
1102 1659 1253 1702 cum
1302 1642 1401 1702 eis
1448 1643 1748 1703 divinum
1796 1650 2229 1720 praeceptum
2254 1643 2457 1719 dedit,
2498 1644 2858 1719 Galilaeae,
2896 1643 3155 1702 scilicet
3189 1643 3255 1701 in
3303 1644 3484 1702 tran·

390 1747 803 1821 egressione,
858 1746 971 1806 ubi
1000 1745 1373 1823 jussionem
1405 1746 1518 1806 Dei
1556 1748 2000 1823 praevaricati
2041 1754 2217 1822 suut,
2269 1753 2331 1807 et
2369 1753 2511 1807 erat
2544 1753 2781 1822 mater,
2836 1746 2900 1805 id
2933 1751 3037 1806 est
3073 1745 3478 1816 humanitaS,

388 1851 573 1926 Jesu,
628 1852 888 1912 scilicet
937 1851 1329 1926 SalvatoriS,
1380 1850 1491 1925 ibi,
1544 1852 1702 1927 quia
1754 1851 2065 1911 Christus
2114 1852 2194 1911 de
2244 1868 2485 1927 genere
2533 1851 2712 1911 Adae
2762 1856 2828 1910 et
2868 1850 3045 1910 Evae
3093 1848 3479 1909 nasciturus

389 1957 562 2030 erat,
600 1957 913 2032 quoniam
947 1956 1158 2016 Adam
1194 1955 1478 2016 materia
1514 1956 1721 2015 totius
1756 1955 2029 2015 humani
2064 1957 2328 2031 generis
2367 1957 2510 2016 fuit.

497 2059 764 2118 Vocatus
797 2068 890 2118 est
927 2066 1149 2120 autem
1201 2060 1265 2118 in
1301 2060 1755 2119 incarnatione
1804 2065 1863 2117 et
1901 2060 2092 2120 Jesus
2127 2059 2452 2135 Salvator,
2505 2068 2566 2119 et
2601 2059 2914 2137 discipuli
2947 2055 3118 2132 ejus,
3169 2056 3484 2117 videlicet

389 2161 762 2237 prophetae
797 2167 864 2220 et
897 2179 1128 2222 omnes
1164 2163 1278 2238 qui
1313 2163 1394 2221 de
1444 2163 1898 2223 incarnatione
1941 2163 2087 2238 ejus
2121 2164 2589 2239 loquebantur,
2641 2164 2726 2222 ad
2758 2164 3053 2239 nupti-as,
3107 2160 3366 2219 scilicet
3397 2157 3482 2217 ad

390 2265 803 2325 creationem
852 2264 1162 2342 hominis,
1217 2283 1416 2343 quem
1466 2266 1775 2327 Christus
1826 2267 2295 2343 redempturus
2345 2275 2512 2327 erat.
2565 2268 2648 2328 Et
2696 2268 3060 2346 deficiente,
3114 2265 3179 2324 id
3227 2269 3334 2325 est
3389 2269 3486 2322 te-

389 2372 615 2445 pente,
652 2373 825 2445 vino,
864 2372 1123 2430 scilicet
1156 2371 1381 2431 divino
1415 2377 1619 2447 gustu
1652 2376 1720 2429 et
1752 2372 1958 2446 cultu,
1997 2389 2150 2431 eum
2190 2372 2402 2431 Adam
2437 2372 2517 2430 de
2551 2371 2871 2431 Paradiso
2916 2369 3235 2445 expulsus
3272 2373 3483 2438 esset,

320 2486 328 2493 ’
391 2476 554 2535 dicit
604 2475 1016 2536 admonendo
1066 2484 1301 2551 mater,
1352 2475 1667 2535 videlicet
1715 2475 2122 2552 humanitaS,
2175 2477 2333 2538 Jesu
2381 2479 2465 2536 ad
2513 2496 2704 2551 eum,
2758 2475 3017 2536 scilicet
3064 2474 3145 2533 ad
3194 2473 3483 2533 Verbum

389 2579 633 2639 Patris:
695 2581 952 2655 Vinum,
1012 2581 1313 2641 divinum
1361 2586 1634 2656 gustum
1681 2598 1815 2640 non
1847 2581 2084 2642 habent
2137 2582 2203 2641 in
2254 2582 2536 2641 scientia
2586 2597 2724 2640 sua.
2777 2580 2859 2641 Et
2908 2581 3066 2639 dicit
3104 2581 3166 2637 ei
3215 2594 3486 2655 respon-

319 2665 328 2673 ’
389 2682 606 2744 dendo
642 2684 859 2744 Jesus:
903 2685 1072 2757 Quid
1103 2688 1291 2760 mihi,
1330 2686 1486 2762 quia
1524 2686 1744 2745 omnia
1778 2702 1898 2761 per
1932 2702 2036 2745 me
2072 2692 2298 2746 creata
2334 2691 2510 2761 sunt,
2547 2674 2609 2745 et
2648 2684 2763 2745 tibi
2797 2690 2891 2744 est
2916 2685 3191 2754 mulier,
3219 2683 3478 2744 scilicet

392 2787 776 2848 humanitas
828 2788 991 2848 mihi
1041 2788 1253 2865 adest,
1309 2798 1381 2850 ut
1429 2791 1654 2849 omnia
1703 2805 2030 2865 crearem,
2082 2797 2149 2850 et
2199 2791 2322 2850 tibi
2373 2798 2445 2850 ut
2494 2791 2955 2850 indumentum
3002 2804 3224 2848 meum
3273 2788 3486 2847 esset?

410 2910 441 2947 ι
479 2891 768 2967 Spiritus
817 2893 1086 2969 quidem
1135 2902 1484 2972 promptus
1533 2900 1668 2968 est;
1722 2911 1879 2955 caro
1929 2900 2156 2954 autem
2215 2895 2495 2954 infirma.
2544 2889 2594 2974 ³)
2651 2913 2681 2951 2>
2738 2893 3049 2954 Nondum
3102 2894 3279 2951 venit
3329 2894 3489 2952 hora

394 3014 568 3068 mea,
605 3012 756 3056 cum
792 3014 1021 3057 omnes
1056 3004 1405 3070 creaturas
1442 2999 1508 3061 in
1543 3001 2011 3061 aeternitatem
2048 2999 2442 3061 stabilitatis
2478 2999 2865 3060 immutabo,

489 3103 677 3164 Dixit
730 3102 1413 3178 ostendendo'mater‚
1453 3104 1858 3178 humanitaS,
1910 3104 2076 3180 ejus,
2131 3105 2403 3179 Christi,
2465 3106 2830 3179 ministris,
2883 3103 3144 3163 scilicet
3187 3103 3323 3162 illis
3371 3101 3486 3178 qui

397 3209 610 3283 legem
644 3207 1060 3268 observando
1097 3208 1505 3268 famulantur
1535 3209 1690 3270 Deo:
1733 3209 2195 3285 Quodcumque
2249 3207 2313 3266 in
2345 3207 2594 3267 divinis
2623 3206 3044 3283 jussionibus
3093 3205 3346 3264 dixerit
3385 3219 3489 3260 vo·-

400 3310 494 3372 bis
530 3313 595 3371 in
628 3314 1008 3373 ostensione
1043 3313 1216 3388 fidei,
1252 3315 1453 3391 facite
1491 3313 1939 3389 adimplendo,
1977 3313 2136 3388 quia
2169 3312 2442 3385 bonum,
2480 3327 2718 3371 verum
2755 3312 2822 3371 et
2854 3316 3110 3370 rectum
3144 3313 3268 3369 est.

491 3419 703 3479 Erant
737 3426 959 3478 autem
985 3418 1072 3479 ibi
1100 3421 1164 3478 in
1200 3434 1440 3495 genere
1476 3418 1675 3492 Adae,
1715 3432 1912 3494 quem
1945 3416 2123 3476 Deus
2160 3415 2588 3508 formaverat,
2627 3417 2928 3493 lapideae
2964 3413 3163 3492 (quos
3197 3412 3486 3490 Spiritus

399 3523 679 3587 Sanctus
713 3526 906 3600 quasi
936 3527 1153 3599 ignem
1188 3525 1270 3584 de
1304 3531 1495 3600 petra
1513 3523 1924 3604 exspiravit)
1953 3526 2253 3602 hydriae,
2291 3525 2550 3584 scilicet
2583 3523 3047 3598 observacula,
3078 3542 3214 3598 seoe,
3252 3522 3487 3582 videli-

401 3634 509 3688 cet
540 3628 856 3704 quinque,
900 3629 1054 3688 libri
1091 3630 1322 3705 Moysi,
1360 3636 1428 3690 et
1463 3636 1674 3704 sexta,
1710 3629 2167 3705 Evangelium,
2199 3631 2451 3706 positae
2481 3629 2546 3688 in
2573 3629 2839 3705 signum
2873 3630 3233 3689 secundum
3253 3628 3488 3707 purifi-

400 3739 746 3812 cationem,
776 3743 849 3796 ut
881 3753 1000 3813 per
1025 3737 1406 3813 Scripturas
1434 3738 1654 3799 faeces
1679 3744 2109 3816 peccatorum
2137 3738 2475 3798 hominum
2502 3743 2895 3814 purgentur,
2917 3737 3342 3811 Judaeorum,
3371 3736 3487 3812 qui

398 3840 610 3902 Deum
659 3842 1077 3904 confitentur:
1129 3846 1465 3920 capientes
1515 3843 1815 3921 sinqulae
1863 3848 2202 3916 metretas,
2254 3843 2317 3901 id
2352 3848 2458 3902 est
2490 3859 2866 3916 mensuram,
2918 3842 3255 3919 quoniam,
3314 3859 3345 3899 «
3383 3855 3492 3899 ea-
3590 3841 3593 3844 ’

401 3944 553 4004 dem
604 3959 917 4004 mensura
952 3962 1085 4021 qua
1134 3947 1350 4005 mensi
1387 3945 1654 4020 fuerint,
1693 3946 2086 4006 remetietur
2117 3946 2238 4005 eis,
2273 3940 2321 4024 ⁴)
2362 3963 2395 4003 n
2433 3945 2641 4020 binaS,
2681 3945 2941 4005 scilicet
2972 3944 3242 4004 dilectio
3274 3942 3392 4003 Dei
3424 3944 3492 4002 et

399 4048 709 4125 proximi,
743 4050 844 4108 vel
878 4054 1126 4125 ternas,
1178 4066 1349 4126 quae
1383 4050 1741 4111 ostendunt
1772 4050 2226 4126 Divinitatem,
2272 4053 2346 4111 ut
2381 4051 2446 4110 in
2478 4050 2636 4125 Noe;
2674 4050 3277 4124 circumcisionem,
3313 4053 3387 4107 ut
3420 4048 3487 4108 in

401 4150 760 4226 Abraham3
799 4153 1323 4213 incarnationem
1355 4154 1646 4223 Domini,
1684 4160 1756 4213 ut
1790 4155 1857 4215 in
1889 4155 2132 4231 Moyse.

492 4255 666 4316 Dicit
719 4256 1155 4330 inspiratione
1207 4273 1329 4318 sua
1361 4260 1455 4317 eis
1490 4258 1706 4318 Jesus:
1762 4258 2044 4337 Implete
2078 4260 2372 4337 hydrias,
2411 4259 2476 4318 id
2510 4264 2616 4318 est
2647 4262 2840 4318 vetus
2873 4263 2941 4317 et
2973 4272 3221 4317 novum
3262 4257 3490 4317 Testa-

399 4364 721 4433 mentum,
757 4378 930 4436 aqua
970 4361 1360 4435 sapientiae,
1416 4368 1488 4421 ut
1521 4361 1718 4423 homo
1752 4360 1960 4422 Deum
2002 4369 2384 4438 cognoscat.
2437 4363 2520 4423 Et
2564 4363 3011 4439 impleverunt
3062 4380 3171 4421 eas
3219 4360 3488 4421 diversa

400 4464 706 4538 scicntia,
758 4482 962 4542 usque
1011 4466 1096 4525 ad
1144 4485 1512 4525 summum:
1565 4467 1678 4542 qui
1730 4482 1882 4525 cum
1932 4466 2128 4526 homo
2179 4469 2246 4525 in
2294 4467 2805 4526 circumcisione
2856 4472 2922 4525 et
2985 4466 3053 4525 in
3101 4466 3272 4541 Lege
3321 4455 3487 4525 nihil

399 4567 691 4642 amplius
726 4570 987 4644 operari
1023 4570 1265 4646 potuit,
1303 4577 1460 4629 tunc
1495 4569 1895 4629 clamabant:
1936 4589 1969 4628 α
2008 4570 2273 4630 Utinam
2306 4570 2730 4646 dirumperes
2777 4570 3059 4645 coelum,
3103 4574 3172 4629 et
3219 4568 3492 4629 descen-

401 4671 622 4732 deres!
669 4691 699 4730 ιο
736 4669 784 4752 ⁵)
822 4674 1284 4734 desiderantes
1318 4681 1391 4734 ut
1424 4674 1714 4734 Verbum
1747 4674 1969 4733 Patris
2006 4675 2490 4734 incarnaretur.

493 4777 570 4836 Ee
608 4778 766 4838 dicit
816 4781 909 4838 eis
945 4778 1133 4838 Jesus
1184 4780 1249 4838 in
1285 4771 1735 4839 admonitione
1786 4795 1925 4838 sua:
1980 4779 2260 4839 Haurite
2294 4797 2476 4839 nunc
2527 4779 2591 4838 in
2636 4781 2740 4838 me
2792 4778 2968 4854 quod
3018 4780 3084 4839 in
3116 4779 3310 4839 vobis
3358 4795 3488 4838 non

401 4880 688 4956 habetis,
741 4890 802 4942 et
836 4886 1007 4961 ferte
1057 4884 1595 4945 demonstrantes
1644 4886 2121 4959 architriclin0‚
2176 4884 2240 4943 id
2274 4890 2380 4945 est
2411 4887 2624 4943 veteri
2659 4884 3107 4957 Testament0‚
3146 4882 3303 4958 quia
3336 4897 3487 4940 cum

479 5098 521 5165 ¹)
544 5101 705 5159 Joan.
738 5102 813 5166 11.
842 5108 926 5160 ss.
955 5133 1022 5144 —-
1042 5102 1087 5169 ⁸)
1115 5103 1180 5160 In
1219 5108 1408 5160 vetere
1433 5103 1748 5161 bibliorum
1774 5121 1908 5161 ono·
2004 5103 2050 5169 ⁸)
2076 5100 2282 5160 Matth.
2300 5100 2514 5169 xxvt.
2541 5102 2771 5169 ⁴¹.—⁴)
2790 5100 2995 5159 Matth.
3022 5100 3152 5165 VH,
3180 5103 3232 5158 2.
3257 5100 3378 5166 -⁸)
3406 5098 3481 5156 1⁵.

408 5186 644 5243 mastico
671 5187 843 5244 Cana.
878 5189 1042 5254 zelus.
1072 5189 1365 5246 annulatio
1390 5188 1618 5246 dicitur.
1652 5222 1719 5230 ——
2012 5188 2216 5254 Lxlv,
2252 5194 2296 5244 ί.
