4036 6117
704 476 832 536 250
1824 495 1874 540 s.
1928 488 2466 542 ultor-:omnis

626 608 830 667 deleri
883 625 1009 668 non
1046 615 1289 684 potest.
1343 609 1466 668 Sed
1502 609 1680 684 quod
1732 611 1950 686 ipsum
1985 612 2209 671 delere
2257 608 2301 690 ¹)
2340 613 2572 686 voluit,
2626 612 2788 672 nihil
2841 616 3008 687 erat,
3047 614 3205 690 quia
3241 615 3364 674 hoc
3410 614 3551 673 lieri
3587 620 3714 674 non

627 712 864 786 potuit.
904 713 1197 787 Angelus
1245 713 1423 771 enim
1460 713 1523 772 id
1573 714 1750 789 quod
1799 721 1903 774 est
1952 715 2157 789 nihil,
2214 716 2494 790 invenit3
2551 731 2750 792 quem
2785 716 2982 777 homo
3019 724 3251 793 postea
3295 718 3716 789 subsecutus,

632 815 807 874 idem
842 831 961 891 per
996 816 1516 876 inobedientiam
1553 817 1730 877 fecit.

717 919 901 990 Quod
946 922 1202 996 factum
1237 926 1371 994 est,
1424 922 1495 981 in
1528 924 1706 998 ipso,
1764 922 1826 980 id
1860 928 1965 981 est
2002 922 2068 981 in
2104 923 2348 997 verbo,
2386 923 2645 983 scilicet
2683 923 2747 982 in
2785 925 3261 998 rationalitate,
3309 925 3625 984 videlicet
3657 922 3723 980 in

623 1020 789 1081 Filio
837 1020 977 1095 Dei,
1030 1024 1144 1098 qui
1193 1029 1339 1083 erat
1387 1023 1583 1084 homo
1635 1026 2045 1099 incarnatus,
2095 1030 2232 1086 vita
2278 1034 2448 1097 erat,
2499 1028 2658 1103 quia
2706 1028 2915 1088 Filius
2964 1027 3081 1088 Dei
3129 1028 3325 1090 homo
3360 1030 3517 1089 talis
3548 1032 3718 1100 erat,

621 1127 799 1202 quod
835 1126 1000 1187 nibil
1036 1128 1256 1203 ipsum
1292 1145 1411 1187 nec
1446 1120 1848 1204 tetigit,‘nec
1886 1131 2183 1205 intravit,
2237 1132 2414 1190 sicut
2464 1132 2529 1190 in
2577 1134 2888 1207 angelum
2936 1139 3002 1192 et
3053 1134 3118 1192 in
3153 1133 3486 1193 hominem
3540 1132 3717 1205 fecit3

622 1232 934 1305 quamvis
983 1232 1188 1291 etiam
1223 1233 1394 1310 quod
1427 1236 1679 1311 sactum
1713 1239 1807 1291 est
1852 1235 2050 1293 aliter
2086 1235 2366 1309 intelligi
2401 1237 2637 1311 possit,
2675 1237 2833 1311 quia
2866 1237 3087 1296 omnia
3122 1253 3293 1313 quae
3329 1236 3505 1297 facta
3539 1238 3716 1309 sunt,

627 1335 690 1392 in
724 1332 856 1393 Deo
907 1336 1115 1395 vitam
1153 1336 1418 1396 habent.
1472 1338 1553 1397 Et
1588 1340 1744 1411 vita,
1798 1337 1861 1396 id
1896 1345 2003 1397 est
2054 1340 2422 1399 incarnatio
2457 1341 2603 1399 Filii
2652 1339 2793 1414 Dei,
2830 1349 2973 1399 erat
3009 1342 3129 1399 lux
3163 1343 3527 1414 hominum,
3564 1339 3720 1415 quia

622 1439 722 1497 eis
773 1439 1075 1512 lucebat,
1126 1447 1194 1499 et
1243 1442 1556 1517 quoniam
1594 1443 1907 1502 tenebrae
1956 1458 2106 1501 eum
2160 1461 2497 1520 nunquam
2549 1445 2984 1506 intraverunt.
3023 1446 3103 1506 Et
3156 1447 3277 1505 lucc
3313 1447 3383 1504 in
3434 1444 3719 1504 tenebris

625 1546 827 1611 lucet,
864 1544 977 1603 ubi
1029 1543 1226 1603 homo
1265 1546 1495 1621 lapsus
1543 1549 1665 1606 est.
1704 1546 1884 1606 Haec
1935 1548 2045 1606 lux
2082 1565 2209 1607 non
2246 1549 2421 1608 lucet
2459 1549 2523 1608 in
2570 1549 2885 1624 nihilum,
2939 1550 3199 1609 scilicet
3234 1551 3298 1608 in
3346 1550 3507 1608 illud
3542 1548 3719 1627 quod

619 1647 782 1705 nihil
810 1655 936 1721 est,
974 1651 1134 1724 quia
1158 1650 1477 1709 Diabolus
1512 1668 1641 1709 non
1674 1654 1778 1711 est
1814 1651 2224 1727 redemptus,
2264 1652 2379 1711 sed
2418 1652 2481 1712 in
2517 1653 2780 1728 lapsum
2817 1654 3150 1713 hominem
3184 1654 3381 1713 lucet.
3421 1654 3503 1713 Et
3542 1659 3722 1712 tene-

622 1752 795 1825 brae,
834 1752 1146 1814 videlicet
1194 1754 1372 1829 quod
1408 1753 1604 1814 homo
1640 1755 1904 1831 cecidit,
1942 1774 2110 1829 eam,
2148 1757 2408 1816 scilicet
2456 1757 3004 1832 incarnationem,
3043 1776 3176 1816 non
3219 1758 3722 1834 comprehende-

621 1865 806 1932 runt,
845 1859 1002 1933 quia
1055 1860 1422 1920 incarnatio
1461 1859 1721 1919 Domini
1755 1876 1923 1935 pura
1975 1860 2122 1934 fuit;
2176 1861 2490 1936 quoniam
2536 1860 2845 1921 Christus
2896 1862 3038 1920 sine
3072 1862 3383 1937 originali
3417 1862 3716 1934 crimine,

621 1962 687 2019 in
723 1978 853 2037 quo
891 1962 1195 2022 homines
1230 1965 1493 2039 culpam
1530 1963 1709 2023 Adae
1745 1964 2112 2038 attrahunt,
2151 1970 2349 2023 natus
2382 1970 2507 2024 est.
2543 1962 2594 2041 ⁴²)

713 2065 865 2125 Fuit
917 2070 1101 2127 homo
1133 2068 1406 2145 quidam
1455 2070 1694 2126 missus
1751 2069 1817 2127 in
1867 2068 2125 2127 aridam
2176 2074 2463 2139 terram,
2515 2068 2771 2144 absque
2822 2068 3067 2129 sudore
3131 2068 3524 2142 voluntatiS,
3577 2084 3718 2128 car-

616 2170 790 2228 nalis
840 2170 1230 2245 voluptatiS,
1283 2189 1324 2230 α
1374 2173 1528 2241 Deo,
1582 2172 1739 2247 quia
1773 2170 1951 2230 Deus
2003 2172 2102 2229 sic
2135 2172 2371 2245 voluit,
2409 2174 2516 2231 cui
2555 2190 2813 2245 nomen·
2844 2180 2983 2231 erac
3024 2172 3340 2240 Ioannes,
3400 2172 3714 2249 quoniam

618 2275 835 2348 gratia
884 2275 998 2333 Dei
1053 2275 1116 2333 in
1165 2291 1242 2333 eo
1281 2276 1604 2335 miracula
1652 2275 2079 2351 operabatur,
2133 2282 2198 2335 et
2243 2276 2556 2351 quoniam
2609 2276 2720 2335 ille
2763 2282 3161 2335 ostensurus
3208 2282 3356 2334 erat
3402 2276 3711 2351 gratiam,

618 2394 788 2454 quae
838 2383 1118 2440 ventura
1154 2386 1299 2438 erat
1337 2381 1400 2438 in
1436 2380 1704 2453 mundo,
1758 2380 1902 2439 sine
1937 2379 2408 2439 vicissitudine
2460 2396 2743 2455 morum,
2781 2386 2848 2439 et
2896 2381 3251 2440 veritatem
3285 2379 3590 2454 dicendO,
3641 2384 3713 2439 ut

622 2484 857 2541 volans
893 2484 1141 2558 sagitta
1168 2483 1460 2543 volabat.
1496 2479 1545 2561 ³)

707 2587 829 2646 Hic
877 2590 1162 2646 venitin
1214 2591 1695 2659 testimonium,
1736 2590 1826 2649 ita
1881 2596 1951 2649 ut
1987 2591 2129 2665 ipse
2180 2589 2591 2649 ostendendo
2629 2596 2695 2648 et
2744 2588 3078 2665 operando
3116 2587 3437 2647 miracula
3488 2602 3717 2663 opera-

621 2695 845 2766 retur;
899 2700 969 2751 ut
1006 2694 1458 2752 testimonium
1505 2694 1914 2770 perhiberet,
1952 2694 2252 2770 alioquin
2284 2696 2608 2770 possibile
2642 2711 2772 2753 non
2807 2701 2990 2753 esset
3027 2699 3097 2752 ut
3133 2694 3348 2752 lucem
3383 2693 3709 2767 tangeret,

618 2798 751 2856 nisi
801 2797 1035 2856 sordes
1085 2799 1209 2857 hae
1262 2799 1355 2857 illi
1395 2799 1658 2858 ablatae
1711 2798 2027 2873 fuissent,
2064 2802 2221 2875 quia
2276 2801 2415 2875 ipse
2452 2801 2848 2859 miraculum
2906 2799 3028 2858 fuit
3063 2815 3350 2874 operans
3398 2804 3465 2857 et
3502 2797 3715 2874 splen-

619 2903 783 2961 dens
834 2904 898 2961 in
934 2904 1292 2963 sanctitate
1316 2953 1330 2978 ‚
1381 2906 1460 2963 de
1497 2905 1749 2963 lumine
1799 2907 1996 2964 vitae.
2035 2905 2112 2963 Et
2161 2905 2285 2964 hoc
2324 2905 2470 2964 ideo
2526 2904 2773 2964 factum
2808 2912 2947 2979 est,
3003 2908 3075 2964 ut
3107 2904 3281 2963 idem
3318 2904 3712 2963 miraculum

621 3006 1002 3066 hominibus
1055 3007 1248 3067 fidem
1297 3008 1509 3083 daret,
1563 3009 1720 3084 quia
1770 3010 2223 3068 testimonium
2275 3009 2423 3084 ejus
2460 3025 2693 3068 verum
2742 3016 2947 3070 esset:
2984 3016 3056 3068 ut
3110 3026 3335 3069 omnes
3370 3010 3712 3068 crederent

615 3131 738 3187 per
770 3113 966 3171 illum
990 3161 1004 3185 ‚
1058 3120 1331 3189 propter
1365 3115 1688 3173 miracula
1738 3130 1907 3188 quae
1946 3115 2009 3172 in
2062 3115 2175 3173 illo
2211 3121 2686 3189 apparuerunt.
2741 3115 2903 3174 Cum
2940 3115 3214 3173 nuntius
3246 3115 3471 3191 justus
3514 3120 3581 3172 et
3614 3129 3713 3172 re-

617 3222 763 3276 ctus
796 3225 922 3292 est,
963 3224 1146 3277 tanto
1181 3218 1558 3278 fiducialius
1594 3219 1820 3279 verbis
1856 3219 2039 3279 illius
2074 3220 2390 3279 creditur.

710 3323 853 3381 Non
888 3329 1028 3381 erat
1067 3323 1181 3381 ille
1218 3324 1371 3395 luoe,
1411 3324 1477 3381 in
1510 3339 1711 3397 quam
1746 3323 2062 3382 tenebrae
2100 3339 2436 3398 nunquam
2475 3323 2912 3397 intraverunt3
2952 3322 3064 3381 sed
3104 3321 3323 3381 solum
3351 3321 3509 3380 talis
3543 3325 3706 3393 erat,

619 3432 690 3483 ut
743 3427 805 3484 in
859 3427 997 3499 ipso
1050 3433 1232 3485 tanta
1284 3428 1610 3486 miracula
1657 3434 2097 3503 operarentur
2146 3443 2317 3502 quae
2371 3423 2418 3504 ⁴)
2472 3444 2808 3502 nunquam
2845 3427 2909 3486 in
2961 3426 3248 3486 humano
3299 3427 3552 3485 semine
3602 3443 3708 3502 ap—

618 3537 1003 3604 paruerunt.
1059 3532 1187 3590 Sed
1219 3538 1292 3588 ut
1345 3534 1794 3591 testimonium
1823 3532 2197 3609 perhiberet
2253 3533 2331 3591 de
2368 3534 2662 3602 lumine,
2716 3534 2974 3592 scilicet
3007 3549 3177 3608 quae
3227 3535 3478 3593 veritas
3511 3541 3577 3594 et
3612 3550 3709 3593 re-

616 3635 870 3694 ctitudo
909 3636 973 3694 in
1027 3636 1138 3694 illo
1190 3636 1437 3694 lumine
1492 3636 1754 3710 fuisset,
1815 3637 1989 3712 quod
2043 3654 2281 3712 purum
2332 3644 2399 3696 et
2447 3654 2684 3697 verum
2731 3639 2987 3714 absque
3037 3638 3323 3700 humana
3374 3641 3707 3701 vicissitu-

616 3741 769 3798 dine
807 3740 949 3799 fuit.

711 3847 868 3905 Erat
921 3846 1043 3904 (τιατ
1091 3864 1283 3915 vera,
1336 3862 1504 3920 pura
1553 3851 1617 3905 et
1663 3845 1877 3921 justa,
1916 3866 2083 3923 quae
2135 3848 2474 3906 illuminat
2512 3865 2772 3907 omnem
2819 3851 3168 3923 hominem,
3207 3852 3520 3926 quoniam
3572 3853 3707 3929 ipse

616 3952 724 4009 lux
774 3965 934 4008 vera
982 3955 1117 4022 est,
1170 3955 1236 4008 et
1271 3950 1520 4008 nullam
1558 3950 2068 4009 similitudinem
2119 3949 2318 4010 habet
2351 3967 2500 4009 cum
2554 3951 2935 4010 hominibus
2971 3957 3034 4011 in
3086 3954 3403 4028 tenebri3‚
3444 3958 3706 4015 venien-

615 4064 744 4112 cem
778 4057 850 4114 in
900 4058 1074 4113 hunc
1107 4054 1435 4111 mundum
1459 4096 1477 4122 ,
1529 4054 1844 4128 quoniam
1882 4053 2185 4113 homines
2239 4054 2302 4111 in
2337 4054 2634 4113 tenebris
2684 4061 2749 4113 et
2784 4055 2850 4113 in
2883 4056 3179 4130 peccatis
3215 4057 3280 4114 in
3314 4056 3487 4116 hunc
3525 4075 3703 4118 mun-

610 4161 768 4219 ‹lum
802 4160 1094 4219 veniunt.
3696 4169 3697 4172 ’

703 4266 782 4322 Ire,
829 4264 1077 4322 mundo
1110 4269 1277 4336 erat,
1319 4262 1408 4322 ita
1446 4266 1666 4322 tamen
1717 4269 1789 4321 ut
1822 4263 1902 4321 de
1957 4263 2222 4330 mund0‚
2262 4265 2441 4322 sicut
2489 4264 2737 4323 caeteri
2773 4263 3077 4322 homines
3102 4306 3121 4333 ‚
3177 4263 3392 4323 factus
3428 4281 3555 4324 non
3591 4266 3696 4336 sit;

611 4378 672 4428 et
721 4372 1011 4430 mundus
1056 4389 1181 4445 per
1229 4371 1450 4444 ipsum
1497 4371 1715 4446 factu-s
1750 4376 1868 4440 est,
1922 4384 2069 4426 cum
2108 4367 2395 4426 Verbum
2445 4367 2664 4426 Patris
2702 4367 2925 4427 sonuit
2975 4369 3142 4444 Fiat,
3179 4375 3245 4427 et
3298 4368 3442 4428 ideo
3478 4370 3589 4428 lux
3636 4373 3702 4427 et

605 4476 924 4533 Dominus
969 4474 1196 4548 justus
1231 4479 1395 4532 erat.
1449 4474 1529 4532 Et
1582 4473 1870 4531 mundus
1919 4491 2071 4531 eum
2122 4490 2254 4530 non
2306 4474 2633 4548 coquet-it,
2687 4473 2842 4547 quia
2892 4473 3143 4531 nullam
3193 4471 3700 4531 similitudinem

612 4582 674 4638 in
710 4579 1007 4654 peccatis
1055 4592 1203 4635 cum
1244 4574 1486 4634 mundo
1541 4576 1795 4648 babuit,
1837 4575 2005 4634 unde
2058 4574 2361 4634 homines
2396 4591 2548 4633 eum
2596 4576 2995 4650 venientem,
3034 4580 3408 4634 manentem
3444 4580 3514 4633 et
3547 4590 3701 4634 eun-

608 4692 739 4741 tem
779 4683 842 4740 in
880 4681 1121 4739 mundo
1161 4697 1288 4738 non
1323 4687 1797 4753 cognoverunt.

697 4788 776 4845 In
808 4787 1085 4862 propria
1134 4787 1335 4856 venit,
1373 4799 1544 4857 quae
1578 4790 1948 4856 creaverat,
1985 4785 2053 4841 et
2100 4799 2271 4857 quae
2308 4784 2401 4842 ita
2448 4783 2594 4857 ejus
2628 4785 2900 4859 propria
2934 4789 3147 4857 erant,
3188 4789 3259 4842 ut
3292 4782 3358 4841 in
3391 4782 3698 4842 omnibus

604 4897 671 4949 et
723 4905 924 4964 super
974 4887 1195 4946 omnia
1246 4885 1636 4944 ascenderet
1686 4891 1751 4944 et
1787 4886 2365 4960 superexcelleret.
2420 4887 2497 4945 Et
2552 4890 2687 4957 sui,
2743 4904 2912 4962 quos
2963 4892 3331 4959 creaverat,
3368 4905 3521 4944 eum
3568 4904 3697 4945 non

602 5002 1037 5074 receperunt,
1091 4994 1245 5070 quia
1284 4992 1599 5050 honorem
1649 4997 1714 5050 et
1752 4991 2078 5050 miracula
2126 4990 2273 5067 ejus
2306 4992 2623 5051 nolebant
2671 4993 2995 5067 accipere:
3034 4997 3101 5051 et
3137 4990 3281 5049 ideo
3319 4991 3598 5050 scientia
3633 4995 3699 5050 et

674 5170 714 5230 ¹)
737 5170 905 5223 deleri
932 5167 1050 5222 cod.
1089 5197 1150 5204 —-
1173 5167 1216 5226 2)
1244 5165 1478 5219 christus
1507 5170 1666 5218 natus
1690 5169 1779 5217 est.
1815 5162 1886 5217 id.
1916 5194 1981 5202 -—-
2007 5162 2052 5229 3)
2082 5162 2118 5217 f.
2146 5169 2403 5234 respectu
2424 5163 2491 5217 ad
2522 5164 2593 5219 Is,
2618 5163 2824 5225 xux.
2850 5168 2900 5219 2.
2927 5195 2993 5203 —
3016 5163 3058 5229 ⁴)
3083 5181 3238 5234 quem
3264 5162 3385 5217 cod.
3417 5160 3452 5217 s.
3485 5167 3693 5234 quanta
