4036 6117
689 395 819 456 362
1855 414 1905 458 s.
1960 415 2519 462 mant-:canots

623 531 956 590 hominem
1008 531 1210 590 misit.
1248 530 1428 589 Tunc
1476 531 1763 590 Verbum
1795 531 1913 591 Dei
1961 534 2153 608 vidit,
2189 536 2347 611 quia
2399 536 2725 594 facturam
2763 551 2951 593 suam
3004 535 3245 595 nebula
3280 536 3621 610 tetigerat,
3656 532 3723 596 et

621 639 688 697 in
722 638 1051 713 integram
1102 641 1376 711 terram,
1416 637 1678 697 scilicet
1727 639 1793 697 in
1824 639 2316 702 nobilissimam
2368 641 2704 716 Virginem
2749 640 2960 713 venit,
3012 640 3093 699 de
3142 656 3274 716 qua
3308 654 3581 698 carnem
3619 655 3723 698 ass·

618 743 924 817 sumpsit.
975 743 1056 802 Et
1092 742 1183 801 ita
1232 740 1313 800 de
1364 741 1632 801 homine
1679 742 1943 817 nigrum
1994 761 2178 805 mare
2227 745 2570 818 abstersit,
2622 749 2690 803 et
2736 744 3084 819 antiquum
3138 744 3517 818 serpentem
3569 758 3725 800 con·

625 846 813 905 fudit.

708 952 920 1026 Unde,
971 967 1009 1011 o
1050 950 1364 1010 frondens
1412 951 1624 1024 virga.
1664 951 1729 1009 in
1771 955 1886 1009 tua
1919 951 2269 1012 nobilitate
2302 957 2466 1024 stas,
2505 952 2681 1012 sicut
2714 967 2957 1012 aurora
2992 948 3313 1024 procedit.

708 1056 895 1115 Nunc
927 1054 1142 1130 gaude
1168 1056 1241 1113 et
1289 1054 1563 1127 laetare,
1614 1059 1682 1113 et
1730 1060 1882 1114 tuos
1928 1055 2186 1115 debiles
2233 1055 2510 1130 dignare
2559 1071 2599 1114 a
2648 1057 2822 1115 mala
2872 1053 3349 1114 consuetudine
3399 1052 3721 1123 liberare,

623 1166 824 1237 atque
861 1174 1129 1217 manum
1165 1163 1346 1217 tuam
1382 1158 1650 1232 porrige
1685 1158 1766 1217 ad
1800 1159 2189 1234 erigendum
2223 1177 2365 1221 nos,

1754 1264 1915 1337 Ave,
1950 1279 2340 1338 generosa...

1820 1363 2124 1429 (Cantilen.
2165 1382 2221 1420 π.
2256 1365 2466 1424 LVIII.
2494 1371 2509 1430 l

714 1457 894 1516 Nunc
933 1457 1170 1514 iterum
1208 1456 1362 1514 Ave.

1786 1560 1836 1619 O
1873 1562 2061 1636 virga
2095 1579 2173 1623 ac
2204 1562 2573 1623 diadema...

1912 1658 2089 1726 (lbid.
2132 1677 2187 1715 n.
2224 1658 2411 1726 LVI.)

2120 1864 2212 1935 V.

710 2094 790 2153 Et
826 2094 1069 2153 iterum
1105 2090 1331 2150 audivi
1367 2105 1600 2149 vocem
1634 2088 1714 2147 de
1749 2089 1933 2148 coelo
1969 2088 2323 2148 dicentem:

709 2202 904 2270 Ecce,
942 2216 979 2257 o
1016 2214 1217 2258 aurea
1253 2198 1379 2271 vis,
1418 2213 1618 2273 quam
1653 2196 1948 2272 gloriosa
1983 2212 2080 2271 eS,
2112 2211 2284 2271 quae
2315 2197 2378 2254 in
2410 2199 2624 2272 primo
2662 2215 2826 2259 sono
2861 2199 3086 2272 existi,
3116 2199 3209 2258 ita
3234 2204 3309 2258 ut
3334 2199 3555 2259 omnia
3590 2200 3722 2259 ele-

627 2313 846 2366 menta
881 2307 1089 2365 vitam
1126 2304 1565 2378 susciperent.

711 2411 792 2471 Et
837 2426 1008 2487 quae
1042 2415 1274 2485 postea
1324 2407 1750 2467 sanctitatem
1788 2409 1852 2466 in
1900 2408 2064 2468 Abel
2098 2409 2411 2482 gustasti,
2465 2409 2557 2469 ita
2591 2414 2664 2468 ut
2701 2409 3116 2469 innocentem
3151 2412 3540 2485 sanguinem
3582 2410 3722 2472 fun·

628 2519 836 2578 deret.

714 2624 795 2684 Et
843 2639 1016 2700 quae
1048 2621 1286 2681 deinde
1333 2636 1453 2697 per
1483 2620 1619 2679 Noe
1669 2621 1736 2679 in
1770 2636 1926 2679 arca
1974 2637 2146 2680 nova
2191 2621 2516 2681 miracula
2566 2621 2958 2696 ostendisti,
3012 2624 3105 2682 ita
3153 2628 3226 2682 ut
3274 2622 3492 2682 omnis
3541 2627 3719 2680 terra

623 2728 954 2788 denudata
993 2727 1083 2786 sit
1115 2744 1152 2786 a
1186 2725 1517 2785 creaturis
1552 2740 1724 2800 quae
1759 2725 1826 2782 in
1861 2725 2008 2799 ipsa
2052 2724 2339 2784 fuerunt.

716 2835 834 2908 Tu,
871 2832 1239 2907 Sapientia,
1290 2846 1537 2889 novum
1571 2845 1846 2889 succum
1894 2829 1975 2888 de
2010 2835 2191 2888 terra
2240 2828 2535 2905 edidisti,
2582 2837 2648 2891 et
2699 2833 2763 2891 in
2797 2833 3135 2893 Abraham
3177 2849 3416 2893 nomen
3449 2842 3721 2894 sanctae

625 2938 974 3000 Trinitatis
1024 2935 1291 2996 adorari
1329 2934 1577 3008 fecisti,
1630 2939 1696 2992 et
1734 2933 1828 2992 illi
1864 2933 2447 2994 circumcisionem
2483 2951 2655 3011 quae
2705 2937 3235 2997 incarnationem
3269 2937 3527 2997 Domini
3560 2955 3724 2999 nun-

627 3047 827 3107 tiaret
858 3042 1124 3103 dedisti.
3390 3117 3394 3119 Δ

713 3150 764 3211 O
815 3150 1035 3221 stella,
1076 3150 1142 3209 in
1193 3151 1307 3209 tua
1354 3148 1664 3208 claritate
1713 3146 2095 3221 speciosum
2148 3145 2359 3207 forma
2407 3163 2568 3223 prae
2624 3148 2778 3208 fillis
2820 3148 3160 3210 hominurn
3197 3150 3579 3223 ostendisti,
3636 3152 3723 3209 ita

623 3256 800 3334 quod
849 3256 1019 3331 Magi
1069 3256 1310 3317 Filium
1359 3254 1476 3314 Dei
1527 3255 1886 3314 lactentem
1934 3252 2323 3325 adorabant,
2362 3255 2429 3313 et
2475 3253 2653 3330 quod
2692 3253 2774 3314 de
2826 3255 2996 3315 facie
3052 3255 3199 3331 ejus
3247 3256 3537 3316 virtutes
3588 3257 3719 3316 cla-

627 3363 1014 3436 rescebant,
1075 3361 1188 3421 ubi
1245 3376 1476 3420 omnes
1533 3360 1706 3419 filios
1763 3358 2108 3418 hominum
2162 3357 2378 3418 denuo
2429 3360 2729 3433 vocavit,
2791 3360 2950 3436 quia
2997 3360 3218 3420 omnia
3276 3361 3610 3421 elementa
3655 3366 3719 3419 et

625 3483 855 3534 omnes
891 3467 1009 3527 filii
1045 3466 1389 3524 hominum
1423 3464 1712 3524 Verbum
1744 3461 1862 3520 Dei
1900 3462 1964 3519 in
2001 3460 2170 3520 facie
2207 3460 2495 3521 hominis
2530 3461 2866 3521 videbant.
2967 3483 2973 3487 ·

716 3570 888 3629 Audi
935 3585 1119 3644 erg0‚
1155 3585 1192 3627 o
1244 3568 1469 3637 homo,
1505 3572 1571 3624 et
1618 3565 1745 3624 dic:
1785 3564 2314 3624 Aemulationem
2346 3564 2555 3625 deleo.
2596 3565 3204 3626 Contradictionem
3249 3573 3473 3626 autem
3507 3566 3717 3627 habeo

627 3680 692 3737 in
742 3692 846 3736 me
896 3676 1063 3752 ipso,
1101 3674 1258 3747 Vae,
1293 3687 1418 3731 vae
1452 3670 1608 3730 huic
1643 3669 1842 3744 ma10‚
1882 3671 1947 3728 in
1980 3684 2113 3745 quo
2150 3684 2255 3728 me
2287 3669 2745 3730 condemnavi.

720 3781 935 3854 Unde,
987 3796 1024 3839 o
1057 3778 1233 3837 Deus
1256 3823 1272 3850 ‚
1324 3775 1439 3851 qui
1474 3775 1810 3834 hominem
1855 3773 1939 3833 ad
1974 3773 2335 3848 imaginem
2382 3780 2450 3835 et
2484 3775 2993 3835 similitudinem
3041 3780 3224 3834 tuam
3260 3773 3503 3849 fecisti,
3551 3781 3625 3835 et
3657 3776 3718 3834 in

626 3889 740 3948 illo
775 3885 999 3951 omnia
1046 3883 1220 3943 bona
1253 3879 1630 3958 perfecisti,
1682 3885 1750 3939 et
1783 3893 1977 3938 omne
2012 3879 2261 3937 malum
2298 3879 2364 3938 in
2399 3880 2546 3955 ipso
2582 3879 2985 3954 contrivisti,
3036 3886 3105 3940 et
3149 3880 3445 3940 claustra
3482 3878 3719 3939 inferni

622 3989 1052 4065 confregisti,
1103 3987 1213 4046 cui
1246 3991 1314 4045 et
1362 3985 1689 4062 plurimas
1724 3984 1982 4044 animas
2031 3983 2408 4058 abstulisti,
2463 3984 2535 4043 in·
2575 3985 2838 4044 meritis
2873 3983 3112 4045 harum
3158 3984 3407 4043 virium
3455 3990 3718 4042 tuarum

626 4096 839 4156 libera
887 4092 1115 4155 fideles
1150 4098 1340 4164 tuoS,
1393 4090 1509 4166 qui
1551 4089 1823 4165 plenum
1872 4088 2170 4148 officium
2217 4089 2587 4148 voluntatis
2636 4104 2799 4149 suae
2848 4089 3294 4165 perfecerunt,
3347 4089 3465 4148 sed
3499 4095 3717 4149 tamen

636 4198 965 4260 interdum
1003 4196 1085 4257 ad
1121 4201 1185 4254 te
1219 4196 1286 4254 in
1319 4195 1446 4254 fine
1482 4200 1905 4269 aspexerunt.
3502 4184 3505 4187 ’

716 4305 813 4364 Et:
1776 4296 1827 4357 O
1864 4297 2037 4373 ignis
2071 4297 2353 4374 spiritus

1847 4396 2154 4462 (Cantilen.
2195 4413 2251 4452 π.
2284 4395 2481 4461 LIII.)

1775 4491 1826 4550 Ο
1861 4492 2037 4566 ignei
2072 4491 2353 4567 spiritus

1911 4589 2088 4656 (Ibid.
2131 4607 2186 4644 n.
2223 4588 2369 4645 LIV.
2397 4602 2407 4649 J

2105 4797 2237 4869 VI.

710 5045 890 5104 Num·
946 5044 1207 5113 iterum,
1247 5059 1284 5099 o
1339 5042 1507 5101 filiae
1545 5034 1751 5115 meae,
1790 5040 2035 5116 audite,
2075 5048 2139 5100 et
2174 5042 2335 5101 hacc
2372 5043 2573 5102 verba
2609 5062 2645 5102 a
2686 5045 2948 5105 vivente
2986 5046 3131 5105 luce
3168 5045 3511 5123 percipite,
3555 5044 3695 5115 nul-
