4036 6117
734 479 869 542 388
1925 499 1974 542 s.
2031 496 2571 546 ninossoAnois

750 613 830 672 Et
876 612 956 671 de
992 612 1097 671 his
1148 611 1440 688 quidem,
1482 628 1653 687 quae
1705 612 1770 671 in
1817 615 2127 691 partibus
2175 614 2429 674 nostris
2462 614 2542 673 de
2593 619 2680 688 te,
2730 619 2947 672 mater
2993 619 3250 689 sancta,
3306 615 3501 675 multi
3550 616 3758 676 multa

666 717 1068 792 loquuntur.
1122 716 1204 776 ad
1240 732 1564 793 praesens
1614 732 1716 774 me
1754 717 1882 776 ista
1931 733 2498 778 commemorasse
2533 717 2862 790 sufficiat,
2915 733 2995 777 ne
3030 719 3087 776 si
3140 719 3208 777 in
3240 719 3366 778 hac
3400 727 3591 795 parte
3624 736 3769 778 mo-

663 824 822 883 dum
871 840 1249 894 excessero,
1287 830 1354 882 et
1404 824 1546 898 ipse
1583 822 1666 882 ab
1702 823 1806 881 his
1850 825 1962 900 qui
2000 840 2118 883 cor
2151 840 2370 883 meum
2406 840 2537 883 non
2570 826 2943 899 penetrant,
2980 825 3204 886 verbis
3238 826 3632 886 adulatoriis
3671 826 3763 885 fa-

663 941 897 982 vorem
931 930 1120 984 tuum
1154 930 1349 1001 puter
1377 921 1423 999 ι)
1456 924 1807 998 redimere,
1859 931 1927 984 et
1961 927 2032 984 tu
2065 925 2320 985 eisdem
2355 925 2666 985 laudibus
2700 927 2807 985 vel
2840 928 3141 1000 gravata,
3171 928 3276 986 vel
3304 929 3561 1002 territa,
3600 928 3765 986 mihi

675 1027 1077 1102 indignando
1129 1042 1552 1087 succenseas.
1586 1028 1670 1087 Ut
1716 1030 1937 1087 autem
1973 1044 2207 1088 verum
2261 1028 2507 1104 fatear,
2558 1030 2767 1088 multo
2818 1029 3034 1104 magis
3085 1029 3209 1089 tibi
3242 1031 3508 1106 expedit
3555 1039 3769 1091 terre-

667 1135 765 1207 ri,
819 1150 1018 1209 qua-m
1067 1132 1428 1198 delectari.
1480 1133 1636 1192 dum
1687 1133 2089 1194 omnimodis
2123 1141 2422 1209 constet,
2476 1134 2653 1210 quod
2705 1135 2848 1195 sine
2896 1135 3034 1194 vita
3072 1135 3392 1195 laudabili
3425 1135 3767 1194 laudabile

666 1253 911 1296 nomen
961 1236 1210 1296 habere
1257 1237 1473 1306 velle,
1525 1237 1909 1296 certissima
1954 1238 2295 1298 damnatio
2346 1239 2455 1298 sit.
2506 1238 2789 1298 Proinde
2839 1239 3159 1314 quoniam
3207 1239 3273 1297 in
3320 1240 3501 1298 omni
3549 1254 3764 1313 agone

670 1345 1070 1418 christiano,
1123 1346 1229 1404 vir
1259 1361 1562 1404 summae
1613 1345 2047 1420 perfectionis
2079 1346 2261 1406 dicit:
2300 1348 2427 1424 qu
2459 1365 2563 1406 me
2598 1364 2730 1406 non
2764 1346 3048 1405 arbitror
3082 1346 3674 1423 comprehendisse,
3707 1342 3758 1422 ²)

673 1456 742 1508 et
793 1449 947 1509 item
1000 1449 1324 1523 scriptum
1375 1454 1498 1508 est:
1555 1450 1717 1510 Cum
1767 1452 2348 1521 consummaverit,
2398 1454 2584 1510 homo
2625 1456 2783 1510 tunc
2828 1452 3090 1526 incipit,
3123 1443 3173 1527 ³)
3223 1452 3291 1509 et
3321 1448 3481 1523 quia
3529 1463 3764 1507 secun-

670 1551 828 1611 dum
881 1550 1232 1626 quemdam
1269 1551 1676 1625 sapientem,
1731 1551 1962 1610 laudes
1997 1551 2287 1611 bominis
2310 1600 2325 1627 ,
2380 1553 2438 1612 si
2471 1568 2671 1612 verae
2721 1559 2898 1627 sunt,
2938 1553 3297 1629 praeconia
3332 1555 3509 1625 sunt;
3548 1553 3607 1610 si
3643 1550 3768 1610 fal-

674 1674 817 1728 sae,
854 1658 1163 1716 crimina:
1201 1663 1412 1716 restat
1461 1659 1534 1716 ut
1566 1673 1757 1716 nemo
1807 1657 2118 1731 quamvis
2165 1658 2413 1718 nullius
2465 1658 2783 1718 facinoris
2818 1673 2937 1717 seu
2986 1656 3224 1731 flagitii
3272 1656 3405 1714 sibi
3450 1656 3762 1715 conscius

672 1763 780 1836 sit,
822 1761 1198 1838 superbiat,
1252 1761 1368 1819 sed
1406 1762 1644 1820 timeat
1677 1761 1959 1836 quilibet
2010 1762 2078 1820 in
2125 1761 2428 1836 profectu
2460 1763 2747 1837 positus,
2784 1760 3122 1821 desideret
3152 1764 3220 1817 et
3252 1757 3520 1817 studeat
3552 1757 3770 1832 major

672 1866 905 1926 haberi
955 1881 1154 1942 opere
1202 1881 1406 1940 quam
1449 1865 1739 1938 nomine;
1778 1881 1909 1924 non
1959 1866 2025 1923 in
2060 1880 2133 1923 se
2183 1866 2491 1937 ruinose,
2551 1865 2670 1925 sed
2720 1866 2787 1924 in
2816 1864 3095 1924 Domino
3147 1862 3359 1923 solide
3409 1863 3761 1937 glorietur,

674 1971 831 2046 quia
879 1986 1012 2029 non
1044 1970 1158 2045 qui
1210 1985 1304 2042 se,
1344 1968 1460 2027 sed
1494 1959 1693 2045 quem
1727 1969 1903 2028 Deus
1937 1968 2387 2039 commendat,
2422 1970 2535 2029 ille
2570 1968 2895 2045 probatus
2929 1971 3053 2029 est.
3085 1964 3134 2047 ⁴)
3170 1968 3329 2027 Vale
3363 1967 3432 2027 in
3466 1966 3763 2038 Christe,

677 2083 893 2136 mater
927 2076 1362 2145 venerabiliS,
1398 2075 1662 2150 meique
1697 2081 1762 2134 et
1798 2090 2172 2134 memorum
2204 2076 2302 2134 tui
2338 2082 2669 2135 memento
2706 2076 2773 2133 in
2804 2073 3225 2134 orationibus
3258 2072 3421 2131 tuis.
3527 2072 3533 2078 ’

1874 2292 2127 2366 XVII.
2159 2334 2253 2345 —
2286 2292 2572 2365 XVIII.

1443 2555 1448 2560 -
1519 2516 1909 2593 Hildeqardi
1946 2514 2302 2576 Guibertus
2340 2513 2845 2575 Gemblacensis
2881 2509 2928 2591 ⁵)

677 2720 988 2777 Guibertus
1026 2722 1218 2774 actum
1257 2717 1367 2773 iter
1406 2721 1699 2779 memorat,
1742 2732 1951 2772 novum
1989 2721 2198 2788 sperat,
2242 2717 2535 2788 variasque
2574 2716 2760 2772 mittit
2796 2714 3159 2787 quaestiones
3189 2715 3523 2779 xxxvm,
3553 2715 3644 2773 his
3669 2716 3763 2771 lit-

760 2807 896 2862 teris
924 2805 1233 2875 subjectas,
1262 2803 1476 2859 inserto
1500 2802 1765 2876 epistolio
1790 2802 2222 2858 villarensium.

1793 3028 1847 3067 a.
1888 3013 2071 3075 1178,
2096 3013 2159 3068 in
2186 3010 2642 3084 Quadi-aquinum

768 3214 1242 3275 Sanctissimae
1293 3213 1494 3272 matri
1525 3217 1593 3271 et
1639 3211 1946 3271 dominae
1981 3226 2144 3271 suae
2196 3211 2605 3286 Hildegardi,
2655 3211 3003 3271 Wibertus
3053 3211 3324 3272 filialem
3357 3227 3508 3271 cum
3542 3211 3763 3271 debita

683 3320 1054 3381 reverentia
1090 3317 1506 3377 servitutem.

772 3423 1154 3484 Autumnali
1202 3423 1529 3497 tempore,
1562 3438 1598 3479 a
1634 3420 2045 3480 beatitudine
2080 3424 2193 3479 tua
2228 3435 2611 3494 regressuS,
2649 3421 3040 3497 priusquam
3074 3421 3141 3480 in
3174 3421 3557 3480 cubiculum
3591 3419 3765 3495 geni·-

685 3529 875 3589 tricis
912 3541 1132 3598 meae,
1184 3523 1682 3583 Gemblacensis
1717 3522 2029 3582 videlicet
2076 3523 2425 3597 ecclesiae,
2480 3539 2585 3581 me
2635 3522 2978 3595 referrem,
3015 3522 3099 3582 ad
3133 3522 3504 3583 Villarense
3535 3536 3765 3582 coeno-

685 3634 891 3703 bium,
931 3626 1514 3687 reverentissimos
1559 3625 1825 3701 fratres,
1853 3625 2161 3686 dominos
2189 3642 2377 3685 meos
2397 3627 2749 3686 visitatum
2781 3626 3045 3685 diverti.
3081 3626 3206 3687 Ubi
3238 3627 3510 3703 saepius
3542 3641 3759 3686 coram

686 3733 929 3793 abbate
959 3726 1005 3807 ⁶)
1041 3735 1109 3788 et
1160 3729 1325 3803 ipsis
1363 3728 1685 3787 fratribus
1720 3729 1965 3788 relecta
2012 3726 2060 3805 ⁷)
2098 3729 2405 3804 epistola,
2459 3745 2660 3804 quam
2708 3729 2872 3787 mihi
2919 3744 3040 3803 per
3078 3728 3420 3788 dominum
3468 3728 3763 3804 Sigerum

690 3836 981 3897 nobilem
1008 3832 1226 3892 virum
1259 3831 1761 3902 transmiseras,
1790 3838 1856 3891 et
1883 3832 2117 3891 relatis
2150 3832 2526 3891 rationibus
2552 3848 2718 3907 quas
2754 3831 2915 3890 mihi
2950 3832 3296 3907 quaerenti
3330 3831 3411 3890 de
3444 3829 3677 3891 multis
3702 3832 3762 3890 in

693 3943 954 4003 tantillo
1001 3939 1324 4015 temporis
1359 3937 1681 4014 spatiolO,
1719 3954 1850 4013 quo
1884 3938 2058 4014 apud
2092 3940 2157 3998 te
2191 3938 2297 3997 die
2332 3944 2665 4013 noctuque
2697 3936 2777 3996 de
2816 3953 2936 3996 ore
2966 3942 3080 3997 tuo
3114 3930 3446 3997 inhianter
3479 3936 3764 4011 pendens

689 4062 1105 4120 manseram,
1155 4046 1223 4104 in
1272 4043 1599 4119 sapientia
1648 4057 1820 4117 quae
1869 4042 1989 4101 tibi
2040 4041 2197 4101 data
2230 4047 2355 4115 est,
2395 4041 2806 4115 reddideras,
2857 4058 3088 4100 eorum
3137 4043 3396 4102 animos
3444 4041 3762 4117 quaedam

695 4155 815 4214 abs
851 4159 914 4211 te
941 4149 1355 4221 ,sciscitandi
1389 4147 1587 4206 ardor
1636 4152 1862 4206 tantus
1898 4146 2230 4220 accendit,
2284 4151 2357 4205 ut
2391 4145 2757 4205 secundum
2790 4146 2969 4222 quod
3017 4153 3237 4206 mente
3271 4148 3518 4223 singuli
3553 4161 3767 4206 move-

692 4261 968 4330 bantur,
1021 4255 1254 4314 statim
1286 4252 1705 4326 subscriptas
1753 4250 2184 4326 quaestiones
2220 4250 2285 4308 in
2320 4265 2522 4308 unum
2558 4250 3090 4325 compingerent,
3124 4258 3193 4310 et
3228 4251 3390 4311 mihi
3421 4267 3561 4325 eas,
3596 4248 3765 4326 quod

698 4363 1094 4424 familiarem
1147 4363 1332 4418 tuum
1368 4373 1473 4415 me
1522 4356 1795 4431 scirent,
1836 4355 1957 4415 tibi
2005 4353 2417 4429 dirigendas,
2453 4360 2520 4413 et
2554 4371 2592 4413 a
2625 4355 2689 4414 te
2725 4355 3131 4429 enodandas,
3180 4371 3332 4415 cum
3382 4355 3488 4415 his
3521 4356 3770 4416 brevis-

706 4468 897 4527 simis
932 4464 1177 4525 litteris
1213 4463 1646 4537 imponerent.

776 4672 818 4731 ¹)
842 4676 992 4743 putet
1016 4668 1136 4725 cod.
1168 4698 1234 4707 —
1272 4669 1318 4729 2)
1347 4665 1495 4721 Phil.
1551 4665 1658 4728 111,
1704 4670 1786 4721 13.
1830 4696 1896 4704 ---
1933 4662 1976 4727 ⁸)
2014 4662 2190 4720 Eccli.
2284 4662 2533 4721 Bruxell.
2578 4663 2615 4720 s.
2665 4668 2785 4726 ¹52,
2831 4668 2947 4719 153.
2981 4694 3046 4703 -
3082 4663 3127 4729 ⁶)
3154 4661 3401 4731 Insignis
3429 4667 3564 4718 tunc
3602 4662 3769 4717 abbas

703 4755 922 4817 xvnl,
951 4760 1002 4809 6.
1029 4786 1094 4794 ·--
1115 4754 1159 4818 ⁴)
1191 4752 1240 4807 ΙΙ
1269 4751 1390 4808 Cor.
1424 4750 1498 4812 Χ.
1528 4756 1608 4805 18.
1641 4763 1706 4789 -·-
1733 4752 1779 4815 ⁵)
1815 4748 1896 4803 Ex
1921 4750 2045 4805 eod.
2072 4750 2192 4806 cod.
2286 4756 2407 4807 erat
2432 4751 2663 4809 Utricus
2689 4751 3075 4806 Allemannus.
3107 4782 3174 4790 --·
3197 4750 3242 4811 ⁷)
3269 4749 3460 4805 relicto
3485 4747 3607 4804 cod.
