4036 6117
651 452 784 515 598
1854 470 1906 516 s.
1968 468 2508 518 nxnnecxnnxs

719 590 791 652 X.
827 589 952 650 Sed
1005 596 1073 650 ut
1123 589 1203 649 ad
1243 607 1479 665 magna
1531 590 1678 665 ejus
1727 606 1932 666 opera
1967 593 2337 666 veniamuS,
2389 592 2635 670 quibus
2687 597 3071 652 sanctorum
3124 589 3435 651 maximis
3486 589 3735 649 merito

634 680 1001 753 confertur,
1053 696 1202 761 cum
1253 681 1314 738 ei
1366 695 1612 738 corvus
1662 680 1967 750 obaudit,
2020 696 2173 739 cum
2222 682 2369 756 eJus
2421 682 2763 741 inimicum
2800 681 2973 741 Deus
3008 680 3407 740 terribiliter
3455 678 3733 747 occidit,

627 786 828 847 quem
863 768 1287 828 misericordi
1340 769 1480 842 ipse
1532 770 1896 828 extinctum
1945 769 2147 829 deflet
2179 769 2446 843 affectu,
2499 786 2714 830 nonne
2752 772 2814 829 in
2849 770 3112 829 duobus
3161 767 3736 846 praecedentibus

624 858 808 919 Elias
860 859 1052 917 nobis
1101 874 1178 916 ex
1231 858 1503 931 virtute,
1560 859 1623 916 in
1673 859 1874 918 tertio
1909 866 2133 917 autem
2184 858 2421 918 horum
2473 859 2682 918 David
2716 875 2795 917 ex
2842 860 3089 933 pietate
3145 854 3736 933 repraesentatur-‘P

634 947 759 1007 Sed
807 947 1011 1020 Elias,
1066 948 1307 1022 inquiS,
1360 962 1509 1005 cum
1566 948 1755 1020 igneo
1805 952 1873 1007 et
1918 950 2113 1022 equis
2167 949 2377 1021 igneis
2415 950 2478 1007 in
2513 949 2771 1007 coelum
2830 954 3060 1023 raptus
3094 954 3215 1006 est.
3257 948 3454 1017 Bene,
3511 953 3586 1004 et
3621 944 3738 1002 Be·

631 1036 963 1109 nedictuS,
1000 1051 1148 1094 cum
1184 1036 1419 1110 grandi
1455 1037 1695 1095 fiducia
1729 1039 1975 1095 crectis
2016 1038 2076 1095 in
2114 1038 2322 1095 altum
2362 1038 2693 1110 manibus,
2726 1037 2889 1095 hora
2932 1036 3065 1095 fere
3100 1038 3324 1110 tertia,
3362 1052 3497 1111 qua
3545 1032 3739 1094 Chri·

635 1133 780 1185 stus
814 1125 896 1184 ad
932 1125 1314 1201 passionem
1351 1126 1593 1185 ductus
1628 1130 1751 1200 est,
1789 1131 1855 1184 et
1885 1142 2023 1201 qua
2055 1125 2345 1201 Spiritus
2380 1126 2663 1185 Sanctus
2715 1142 2917 1201 super
2961 1126 3302 1200 apostolos
3350 1121 3735 1190 descendit,

634 1231 784 1274 cum
824 1214 994 1273 inter
1045 1214 1247 1272 verba
1296 1215 1622 1275 orationis
1670 1219 2069 1289 expirasset,
2108 1215 2212 1273 vir
2263 1222 2443 1274 recto
2478 1214 2771 1274 Orientis
2809 1217 3076 1274 tramite
3111 1215 3195 1273 ab
3242 1213 3389 1289 ejus
3434 1212 3617 1271 cella
3669 1211 3735 1269 in

639 1320 930 1380 superna
979 1302 1311 1375 tendente,
1366 1305 1596 1362 multis
1630 1310 1973 1364 constrata
2023 1304 2272 1379 palliis,
2309 1308 2376 1364 et
2410 1304 2780 1363 innumeris
2814 1320 3097 1364 corusca
3133 1301 3587 1377 lampadibus,
3642 1300 3739 1357 vi-

636 1392 952 1452 dentibus
986 1392 1360 1467 discipulis,
1390 1408 1520 1451 non
1554 1393 1749 1452 modo
1778 1400 1849 1452 ut
1879 1394 1987 1451 ille
2023 1392 2300 1466 aerium,
2332 1394 2445 1452 sed
2472 1400 2540 1453 et
2575 1394 2910 1468 superiuS,
2942 1393 3004 1452 id
3033 1398 3137 1452 est
3163 1391 3557 1452 aethereum
3588 1402 3743 1448 coe-

641 1482 780 1541 lum
816 1480 1134 1540 introivit.
1188 1480 1310 1539 Sed
1362 1498 1481 1540 nec
1530 1482 1746 1557 impar
1780 1484 1906 1541 iste
1939 1482 2182 1554 Eliseo,
2222 1483 2593 1556 manubrio,
2649 1484 2942 1558 inquam,
2980 1482 3189 1540 misso
3227 1481 3441 1539 exciet
3479 1479 3739 1537 ferrum

639 1571 722 1630 de
757 1569 1100 1645 profundo.
1141 1569 1390 1629 Sensus
1437 1578 1504 1630 et
1537 1571 1742 1631 corda
1790 1572 2137 1646 perspicit,
2189 1587 2512 1647 praesens
2561 1572 2878 1631 absentes
2912 1571 3157 1645 arguit,
3195 1569 3555 1643 oleumque
3608 1583 3741 1626 non

639 1658 836 1719 modo
873 1658 986 1717 ubi
1019 1665 1188 1732 erat,
1228 1662 1482 1733 augeri,
1519 1668 1585 1719 et
1618 1660 1732 1719 ubi
1768 1678 1897 1719 non
1930 1664 2098 1733 erat,
2137 1662 2352 1720 creari
2389 1667 2457 1720 et
2489 1659 2972 1737 supereffluere
3006 1658 3185 1718 dolio
3222 1659 3563 1734 impetrat.
3612 1655 3738 1726 Qui

639 1749 841 1808 etiam
878 1746 1033 1807 dum
1072 1748 1384 1808 mulieres
1418 1749 1882 1823 delinquentes
1914 1750 2601 1809 excommunicatione
2639 1749 3026 1809 intentando
3064 1748 3246 1823 ligat,
3289 1753 3359 1806 et
3390 1752 3550 1822 post
3600 1745 3743 1803 ani-

638 1852 788 1897 mas
824 1836 1179 1911 ligatarum
1237 1838 1300 1896 in
1351 1838 1635 1897 terribili
1665 1838 1800 1913 jam
1833 1838 2086 1913 judicio
2134 1838 2249 1898 Dei
2300 1840 2554 1914 positas
2604 1838 2919 1912 absolvit;
2966 1838 3082 1913 qui
3117 1837 3342 1896 claves
3391 1836 3742 1895 coelorum

640 1942 840 1987 manu
878 1926 1142 2000 linguae
1177 1926 1372 2001 gerit,
1409 1928 1516 1986 vel
1551 1929 1775 2001 potius
1810 1943 1890 1987 cu
1896 1929 2008 2003 jus
2060 1928 2282 2003 lingua
2332 1929 2545 1987 clavis
2580 1929 2748 1987 coeli
2785 1927 2876 1987 fit:
2920 1926 3092 1986 unde
3127 1925 3236 1984 hic
3268 1941 3348 1985 ex
3398 1929 3745 2000 potestate

638 2013 880 2076 Petrus
915 2015 1312 2075 ostenditur.
1363 2015 1441 2074 Et
1475 2032 1627 2075 cum
1663 2016 2058 2076 monasterii
2092 2018 2195 2076 sui
2233 2018 2376 2076 solo
2412 2023 2607 2076 tenus
2641 2016 2945 2075 diruendi
2983 2018 3260 2074 cunctos
3312 2014 3739 2073 habitatores

641 2104 917 2163 illaesos
951 2103 1036 2162 ab
1070 2102 1378 2165 hostibus
1414 2105 1686 2164 liberari
1721 2105 1977 2165 obtinet
2016 2105 2368 2179 redimere,
2404 2106 2593 2166 Pauli
2630 2106 2842 2164 vicem
2880 2108 3083 2176 tenet,
3121 2103 3318 2176 quus
3349 2102 3512 2161 dum
3539 2101 3736 2161 navis

645 2208 868 2253 rerum
901 2193 1236 2267 jacturam
1271 2195 1568 2269 pertulit,
1608 2196 1750 2270 ipse
1798 2195 2095 2254 omnium
2149 2211 2374 2254 secum
2409 2195 2871 2270 navigantium
2906 2194 3190 2253 salutem
3229 2192 3291 2251 in
3332 2190 3745 2251 consolatio-

643 2298 793 2343 nem
830 2282 1139 2342 emeruit.
1178 2282 1379 2342 Porro
1415 2299 1567 2342 cum
1615 2285 1818 2343 etiam
1869 2290 2171 2343 mortuos
2203 2285 2597 2359 exsuscitat,
2650 2284 2858 2344 fllium
2897 2283 3155 2342 scilicet
3204 2281 3471 2350 rustici,
3510 2279 3595 2338 ad
3643 2278 3731 2353 ja·

644 2386 848 2432 nuam
884 2374 1299 2446 monasterii,
1335 2377 1404 2431 et
1440 2371 1718 2432 fratrem
1757 2372 1946 2432 ruina
1987 2373 2269 2449 parietis
2303 2390 2339 2431 a
2375 2372 2652 2432 Diabolo
2701 2373 2917 2431 eversi
2968 2371 3354 2443 contritum,
3400 2375 3469 2428 et
3508 2369 3604 2427 ita
3643 2366 3743 2425 di·

647 2461 1015 2520 laceratum
1050 2463 1123 2520 ut
1156 2477 1284 2520 non
1318 2461 1446 2520 nisi
1481 2461 1549 2521 in
1586 2477 1783 2521 sacco
1819 2462 2073 2537 portari
2106 2465 2360 2537 posset,
2408 2461 2477 2520 in
2525 2468 2764 2538 psyato
2814 2477 2936 2521 suo
2985 2460 3305 2531 delatum,
3354 2474 3491 2517 non
3541 2455 3741 2515 modo

644 2550 850 2624 vitae,
886 2549 1003 2608 sed
1038 2551 1239 2610 etiam
1275 2550 1601 2625 pristinae
1637 2550 1960 2611 soliditati
1997 2552 2315 2624 restituit,
2353 2550 2673 2626 numquid
2711 2565 2838 2609 non
2874 2549 3240 2626 praedictis
3273 2553 3569 2623 quatuor
3604 2544 3741 2603 illis

645 2638 818 2698 coeli
854 2638 1280 2711 sublimibus,
1317 2639 1432 2699 sed
1468 2643 1536 2699 et
1568 2640 1874 2713 Martin0,
1911 2647 2194 2716 patrono
2230 2656 2373 2711 sue,
2405 2655 2601 2714 quem
2637 2639 2924 2699 maxime
2950 2637 3297 2713 diligebat,
3328 2637 3533 2695 trium
3567 2648 3747 2692 mor-

647 2733 915 2788 tuorum
951 2729 1343 2787 suscitatori
1391 2729 1762 2803 magnificO,
1815 2735 1881 2787 et
1915 2729 2067 2788 aliis
2102 2729 2302 2804 hujus
2353 2729 2686 2803 potentiae
2721 2728 2886 2786 viris
2914 2727 3295 2802 Justissime
3343 2721 3744 2801 aequandus

648 2821 1002 2877 censetur?

741 2905 843 2966 XI.
895 2906 1018 2966 Sed
1064 2907 1202 2982 jam
1253 2907 1591 2968 succincte
1643 2910 1849 2970 multa
1896 2908 2453 2984 perstringamus,
2503 2913 2571 2968 et
2616 2907 2861 2983 ubique
2913 2906 3425 2982 interpositione
3473 2918 3747 2977 compa-

651 2994 1011 3070 rationum,
1065 3013 1303 3073 magna
1339 2998 1405 3057 in
1455 2997 1642 3057 brevi
1675 3003 1988 3057 contenta
2015 2992 2066 3075 ⁴)
2103 3003 2556 3066 coarctemuS,
2595 3013 2724 3073 quo
2761 2996 3029 3054 facilius
3074 2993 3485 3070 perpendere
3522 2991 3745 3067 possi-

649 3102 824 3161 mus,
863 3087 928 3145 in
962 3088 1229 3162 quantis
1265 3088 1633 3162 singu'aris
1671 3089 1810 3164 ipse
1844 3087 2212 3160 transierit,
2250 3094 2317 3148 et
2352 3088 2415 3146 in
2451 3091 2775 3162 quantum
2813 3087 2875 3144 in
2909 3086 3217 3161 pluribus
3261 3097 3566 3142 summos
3604 3082 3742 3155 pri-

652 3178 868 3235 mates
917 3177 1145 3235 curiae
1195 3177 1509 3236 coelestis
1556 3178 1624 3236 et
1669 3178 1919 3254 partita
1968 3176 2094 3236 sibi
2146 3178 2514 3251 gratiarum
2565 3175 2995 3252 perceptione
3044 3181 3110 3233 et
3143 3171 3476 3232 communi
3528 3170 3745 3229 virtu·-

654 3266 796 3324 tum
844 3266 1232 3339 operatione
1281 3267 1658 3340 contigerit.
1695 3267 1824 3326 Vas
1873 3266 2226 3326 effractum
2271 3266 2576 3325 oratione
2611 3263 2877 3338 solidat;
2915 3279 3035 3323 vas
3078 3263 3437 3337 integrum,
3475 3258 3592 3317 sed
3633 3273 3747 3334 pe·

653 3351 889 3413 stifero
941 3354 1265 3430 repletum
1304 3358 1459 3431 potu
1513 3355 1705 3430 signo
1740 3357 1962 3415 crucis
1998 3355 2271 3431 rumpit,
2308 3361 2650 3430 tamquam
2701 3352 2944 3427 lapide;
2997 3368 3116 3411 vas
3159 3350 3537 3427 projectum
3586 3362 3740 3406 cum

651 3441 824 3515 ole0,
860 3448 926 3501 et
966 3444 1031 3503 in
1066 3460 1227 3502 saxo
1262 3444 1598 3518 decidenS‚
1635 3445 1901 3519 plenum
1937 3451 2007 3503 et
2041 3444 2369 3503 incolume
2402 3443 2719 3516 custodit3
2756 3458 2877 3500 vas
2926 3441 3064 3500 vini
3100 3456 3141 3500 a
3172 3455 3379 3516 puero
3417 3437 3740 3496 mentien-

653 3536 721 3590 te
754 3530 1244 3607 absconditum,
1297 3549 1481 3593 reum
1536 3533 1898 3593 salubriter
1945 3532 2237 3592 suffundi
2287 3533 2541 3606 volens,
2593 3548 2721 3591 non
2769 3531 3031 3607 perimi,
3084 3548 3122 3590 a
3167 3532 3476 3603 serpente
3527 3524 3742 3584 teneri

651 3619 1024 3695 denuntiat;
1061 3638 1181 3680 vas
1215 3638 1498 3681 vacuum
1537 3624 1779 3697 repleri
1816 3641 1853 3682 a
1886 3622 2018 3681 Deo
2054 3622 2182 3681 olei
2218 3621 2477 3697 liquore
2514 3622 2848 3696 impetrat.
2886 3619 3237 3679 Cassinum
3283 3631 3592 3692 pergenS,
3634 3630 3744 3673 an-

653 3710 956 3785 gelorum
1011 3711 1074 3769 in
1111 3712 1321 3785 figura
1366 3712 1685 3787 juvenum
1720 3711 1966 3786 gaudet
2011 3718 2081 3770 et
2115 3711 2401 3770 struitur
2435 3711 2752 3787 alloqui0‚
2805 3723 2927 3768 nec
2960 3721 3314 3768 corvorum
3369 3706 3545 3764 inter
3576 3702 3744 3762 haec

657 3813 732 3858 se
765 3801 1310 3876 persequentium
1344 3800 1816 3876 qualicumque
1850 3801 2089 3875 stipari
2124 3816 2252 3859 non
2290 3798 2539 3859 refutat
2573 3799 2918 3874 obsequio.
2947 3797 3313 3856 Daemones
3340 3808 3544 3853 curae
3578 3806 3742 3850 suae

657 3887 955 3947 creditos
1009 3888 1403 3949 infestantes
1452 3897 1517 3948 et
1554 3891 1694 3964 ipse
1745 3907 1906 3949 suos
1955 3889 2297 3965 subjectos
2347 3889 2568 3960 habet,
2620 3892 2688 3947 et
2722 3889 3005 3947 aliorum
3054 3887 3352 3946 ostentat
3398 3881 3639 3954 oculis,
3678 3887 3745 3939 et

656 3974 835 4035 hunc
868 3977 1135 4052 quidem
1174 3980 1238 4038 in
1276 3979 1487 4038 forma
1522 3979 1877 4054 AEthiopis‚
1918 3979 2103 4038 illum
2142 3995 2302 4037 vero
2341 3979 2404 4036 in
2445 3977 2755 4037 draconis
2790 3976 3035 4051 effigie,
3089 3976 3460 4049 horumque
3493 3977 3562 4030 et
3595 3984 3745 4029 cae·

658 4073 957 4126 terorum
996 4069 1432 4143 malignorum
1471 4069 1825 4142 spirituum
1861 4071 2245 4142 comprimit
2283 4069 2590 4141 impetus,
2627 4066 3017 4141 phantasias
3059 4064 3437 4124 adnihilans
3483 4060 3741 4130 irridet,

658 4161 727 4214 et
761 4155 845 4215 ab
878 4156 1177 4216 obsessis
1225 4159 1631 4234 potestative
1664 4175 1779 4217 eos
1829 4159 2150 4217 eliminat.
2190 4157 2286 4215 Ab
2334 4156 2792 4231 elephantioso
2828 4157 3080 4230 lepram
3128 4152 3434 4224 extricat,
3475 4149 3746 4208 matuti-

657 4260 953 4320 numque
987 4247 1204 4306 reddit
1239 4249 1529 4308 colorem
1566 4248 1926 4307 maculoso
1962 4247 2324 4306 Innocuum
2361 4247 2505 4305 solo
2543 4251 2849 4320 respectu
2900 4242 3188 4318 diruptis
3222 4241 3505 4301 nexibus
3543 4238 3744 4296 rusti-

660 4350 811 4393 cum
866 4335 1157 4395 libertati
1197 4337 1518 4406 restituit,
1568 4343 1635 4396 et
1667 4337 1898 4396 eodem
1931 4343 2190 4395 terrore
2223 4336 2450 4394 vultus
2502 4335 2604 4393 sui
2643 4335 3004 4409 superbum
3046 4333 3199 4409 equi
3237 4344 3575 4390 sessorem
3615 4334 3742 4385 ter·

661 4438 776 4484 rae
824 4423 1098 4484 decutit.
1149 4425 1643 4502 Discipulorum
1691 4433 1758 4485 et
1793 4425 2245 4501 praesentium
2296 4423 2605 4498 intelligit
2637 4424 3002 4499 cogitatus,
3036 4429 3103 4481 et
3145 4420 3524 4480 absentium
3561 4432 3745 4474 erra-

659 4515 772 4573 tus
821 4512 1060 4588 spiritu
1115 4514 1490 4575 insinuante
1538 4514 1997 4592 deprehendit,
2062 4514 2493 4573 redeuntibus
2542 4513 3146 4588 transgressionem
3206 4510 3642 4584 improperat,
3678 4510 3743 4562 et

661 4601 950 4678 ignoscit
1001 4603 1384 4665 fatentibus,
1435 4605 1738 4680 Hospitis
1787 4619 2053 4681 quoque
2103 4602 2457 4662 familiaris
2505 4618 2541 4661 a
2576 4601 2852 4661 Diabolo
2900 4600 3160 4678 decepti
3210 4605 3278 4658 et
3315 4597 3603 4656 fractum
3640 4609 3740 4652 re-

662 4690 935 4767 darguit
974 4692 1325 4769 jeJ‘unium‚
1360 4696 1428 4754 et
1459 4695 1902 4754 verecundiae
1951 4691 2344 4752 suffusionis
2393 4690 2732 4762 ruborem,
2786 4690 3050 4750 futurae
3083 4685 3569 4748 emendationis
3602 4697 3742 4757 spe,

663 4780 977 4857 laevigat.
1015 4783 1364 4843 Fratribus
1390 4784 1855 4859 constitutum,
1891 4783 2220 4842 adventus
2245 4780 2392 4855 eJus
2417 4780 2590 4839 diem
2622 4780 2909 4839 sollicite
2936 4775 3530 4855 praestolantibus,
3559 4786 3749 4849 prae-

666 4871 927 4931 cedenti
964 4877 1158 4931 nocte
1197 4873 1262 4932 in
1297 4872 1538 4948 spiritu
1567 4873 1952 4944 adveniens,
1989 4874 2057 4932 et
2087 4886 2206 4930 eos
2240 4870 2608 4938 antevenit,
2645 4875 2713 4928 et
2746 4868 2827 4928 de
2855 4868 3137 4943 singulis
3164 4881 3337 4943 quae
3361 4859 3746 4925 necessaria

668 4967 920 5031 essent,
971 4961 1329 5037 diligenter
1378 4962 1672 5029 instruit,
1725 4962 2040 5037 ipsosque
2088 4959 2514 5035 postmodum
2547 4958 2630 5017 de
2677 4957 3039 5017 violatione
3071 4956 3248 5033 pacti
3301 4949 3746 5029 conquirenti-

668 5046 798 5108 bus
849 5048 912 5108 in
947 5052 1363 5126 apparitione
1413 5052 1525 5111 illa·
1560 5051 1931 5127 pollicitum
1982 5049 2525 5125 praesentialiter
2577 5045 2948 5106 reddidisse
2997 5060 3069 5104 se
3102 5044 3368 5105 astruit.
3400 5039 3453 5121 ⁴¹)

737 5190 779 5259 ¹)
807 5191 1141 5251 Continuata
1168 5196 1288 5252 cod.
1327 5229 1388 5236 -·
1414 5199 1459 5264 ²)
1490 5196 1698 5252 Vereor
1728 5212 1795 5250 ne
1821 5193 2040 5264 aliquid
2069 5192 2368 5257 exciderit,
2403 5192 2630 5247 inducta
2661 5207 2825 5263 porro
2852 5188 3115 5260 caligine.
3151 5223 3154 5226 ·
