4036 6117
1333 502 1805 551 EPISTOLARUM
1855 503 2043 550 Nova
2093 504 2340 551 semes.
3189 491 3318 552 529

286 628 668 701 eligendum
702 634 985 688 matrem
1019 642 1192 703 quae
1226 628 1443 687 vicem
1482 627 1733 688 Christi
1762 629 1934 688 hona
1971 628 2336 688 intentione
2374 627 2440 686 in
2472 627 2668 688 vobis
2703 626 2967 688 habeat.
3012 629 3235 689 Pietas
3268 628 3387 688 Dei

283 732 625 793 custodiat
656 749 800 807 voe,
836 738 912 792 ut
944 731 1026 792 ad
1066 732 1621 792 innumerabilem
1659 733 1947 808 gloriam
1991 733 2174 792 illam
2211 725 2690 816 [perveniatis]
2725 727 2770 812 ¹)
2808 750 3011 810 quam
3044 733 3227 801 Deus,
3254 735 3387 794 ele-

285 839 415 898 ctis
451 839 595 902 suis
628 839 1082 915 praeparavit.

1767 1016 1899 1076 LII.

787 1211 1063 1273 Cuidam
1096 1213 1409 1271 monacho
1436 1208 1490 1286 ²)
1528 1209 1607 1267 de
1646 1210 1863 1270 Monte
1897 1209 2070 1269 beati
2106 1209 2396 1270 Disibodi
2431 1209 2876 1286 Hildeyardis.

360 1395 582 1464 Insigni
610 1395 773 1451 laude
796 1394 1073 1451 dilectum
1100 1394 1443 1450 monachum
1471 1393 1667 1466 paucis
1693 1397 1947 1449 exornat.

377 1533 466 1593 Os
500 1535 688 1593 tuum
723 1535 1014 1593 coeleste
1049 1540 1176 1606 est,
1213 1540 1279 1592 et
1323 1538 1509 1591 mens
1544 1538 1654 1591 tua
1693 1547 1843 1591 cum
1881 1532 2055 1591 nube
2093 1532 2310 1601 floret,
2347 1531 2521 1590 unde
2560 1531 2746 1590 radix
2784 1536 2897 1590 tua
2931 1531 3276 1605 ascendat;
3313 1537 3381 1591 et

283 1638 381 1696 ita
411 1635 761 1696 Dominum
798 1638 1001 1696 Deum
1042 1643 1229 1696 tuum
1265 1636 1492 1709 adora,
1532 1653 1609 1695 ac
1645 1636 1842 1695 indue
1878 1637 2181 1710 loricam,
2212 1642 2412 1710 atque
2441 1634 2733 1694 militare
2771 1636 2945 1694 intra
2980 1635 3382 1695 bacchantia

281 1742 473 1814 vitia,
511 1741 860 1801 lasciviam
901 1740 1238 1816 fugiendO,
1275 1746 1343 1800 et
1376 1740 1731 1799 avaritiam
1775 1756 1902 1800 non
1936 1738 2418 1817 amplectendo.
2455 1737 2632 1798 Deus
2669 1746 2891 1799 autem
2930 1754 3125 1814 quem
3164 1741 3386 1798 occul-

282 1852 351 1904 te
387 1845 690 1917 invocaS,
731 1846 796 1906 in
830 1860 1056 1906 amore
1091 1861 1212 1905 suo
1249 1845 1576 1919 suscipiet
1608 1850 1692 1905 te.

1748 2038 1907 2098 LIII.

944 2233 1116 2292 Item
1150 2232 1416 2293 cuidam
1452 2235 1768 2292 monacho
1801 2232 1880 2291 de
1916 2233 2230 2292 Biscoues
2266 2230 2710 2307 Hildeyardis.

360 2421 784 2477 Inconstantem
812 2418 1123 2488 redarguit,
1152 2434 1225 2474 ne
1253 2418 1552 2474 temerario
1577 2418 1796 2474 ambitu
1825 2416 2007 2473 cadat.

373 2562 498 2633 Qui
530 2560 802 2620 decreta
835 2560 1042 2633 novit,
1081 2558 1261 2617 dicit:
1298 2558 1481 2617 Mens
1518 2561 1631 2618 tua
1667 2558 1908 2617 similis
1946 2563 2053 2617 est
2090 2557 2244 2617 flato
2282 2550 2429 2638 (sic)
2457 2557 2662 2631 venti,
2701 2572 2821 2631 per
2855 2558 3382 2633 inquietudinem

276 2666 508 2726 cordis
534 2665 655 2739 tui,
687 2664 864 2724 sicut
888 2664 985 2722 sol
1016 2662 1348 2721 interdurn
1377 2667 1676 2737 apparet,
1705 2668 1770 2720 et
1808 2659 2143 2721 interdum
2172 2660 2236 2720 in
2263 2666 2734 2734 tempestatem
2766 2661 2972 2722 vadit.
3002 2661 3124 2721 Sed
3152 2665 3386 2739 rapina

281 2771 666 2830 holocausti
717 2770 880 2830 inte
929 2784 1063 2828 non
1097 2769 1218 2842 sit,
1271 2767 1431 2843 quia
1464 2766 1642 2826 Deus
1693 2766 1858 2827 illud
1892 2766 2017 2825 tibi
2069 2766 2278 2840 dabit,
2318 2782 2466 2825 cum
2507 2767 2821 2828 voluerit.
2871 2767 3048 2828 Cave
3093 2767 3234 2847 (fol.
3273 2771 3385 2847 42)

277 2882 535 2950 autem,
565 2891 646 2934 ne
674 2882 771 2933 sis
807 2873 1133 2949 fugitivus
1169 2890 1205 2932 a
1241 2872 1462 2947 gratia
1493 2870 1637 2944 Dei,
1675 2870 1939 2948 quando
1976 2871 2123 2947 ipsa
2156 2872 2222 2929 te
2255 2870 2535 2946 perdere
2567 2888 2699 2932 non
2730 2873 2895 2932 vult.

378 3014 422 3075 f.
464 3015 571 3089 42,
612 3014 716 3075 43.
757 3012 982 3076 Abbati
1013 3006 1062 3091 ³)
1101 3012 1180 3070 de
1217 3011 1434 3072 Monte
1472 3012 1684 3070 sancti
1722 3010 2035 3071 Disibodi.
2071 3009 2318 3070 Patrol.
2356 3010 2479 3070 col.
2518 3009 2668 3070 203.

1744 3222 1897 3282 LIV.

1204 3420 1434 3481 Abbati
1469 3419 1548 3478 de
1587 3419 1803 3479 Monte
1838 3419 2053 3477 sancti
2088 3418 2381 3479 Disibodi
2412 3415 2458 3498 ⁴)

356 3615 471 3672 Cur
495 3619 552 3670 et
577 3609 859 3683 quomodo
889 3626 958 3666 ex
987 3607 1217 3664 abbatia
1243 3607 1299 3662 S.
1331 3604 1589 3661 Disibodi
1621 3602 1987 3673 Hildegardis
2010 3602 2355 3661 discesserit.

373 3751 424 3811 Ο
459 3757 650 3826 pater
700 3749 765 3808 in
798 3762 1116 3823 persona,
1169 3753 1235 3804 et
1268 3762 1306 3804 o
1343 3760 1544 3819 quam
1602 3741 1887 3803 libenter
1919 3742 2091 3817 dico,
2127 3746 2203 3803 ut
2235 3749 2429 3819 pater
2462 3744 2559 3802 sis
2608 3744 2674 3803 in
2705 3760 2930 3818 opere,
2968 3746 3119 3803 veni
3173 3747 3239 3804 in
3291 3746 3383 3805 lo-

278 3871 436 3915 cum
487 3855 702 3922 illum,
741 3852 854 3912 ubi
902 3851 1078 3910 Deus
1114 3850 1374 3924 virgam
1424 3848 1594 3906 vicis
1630 3862 1793 3905 suae
1842 3846 1964 3906 tibi
1998 3847 2202 3907 dedit.
2239 3847 2519 3919 Quidam
2562 3848 2644 3907 de
2679 3848 2877 3908 turba
2915 3848 3200 3909 fratrum
3238 3856 3381 3910 tuo-

287 3974 438 4019 rum
472 3972 677 4032 super
710 3970 838 4030 me,
875 3956 1053 4014 sicut
1084 3968 1288 4028 super
1323 3951 1761 4026 nigerrimam
1794 3965 2016 4025 avem,
2054 3955 2122 4009 et
2153 3956 2229 4010 ut
2263 3967 2467 4025 super
2502 3950 2893 4010 horribilem
2928 3951 3215 4012 bestiam
3255 3953 3383 4011 fre-

289 4064 580 4137 mebant,
610 4068 812 4139 atque
838 4077 1039 4122 arcus
1065 4076 1225 4120 suos
1251 4066 1488 4120 contra
1514 4072 1618 4116 me
1647 4056 2099 4132 intendebant,
2130 4062 2461 4133 quatenus
2489 4058 2572 4118 ab
2603 4058 2767 4132 ipsis
2788 4051 2983 4142 [non]
3013 4076 3379 4135 surgerem.

284 4168 413 4228 Sed
452 4169 517 4228 in
565 4168 851 4227 veritate
885 4166 1022 4226 scio
1044 4212 1060 4238 ,
1112 4163 1290 4240 quod
1323 4164 1499 4222 Deus
1551 4162 1617 4220 in
1651 4161 1996 4235 mysteriis
2031 4161 2176 4220 suis
2211 4177 2316 4220 me
2348 4161 2430 4220 de
2465 4162 2611 4221 loco
2648 4162 2760 4221 illo
2796 4163 3029 4237 movit,
3067 4164 3381 4238 quoniam

290 4274 358 4332 in
393 4273 620 4332 verbis
652 4277 720 4330 et
755 4272 821 4330 in
855 4267 1201 4328 miraculis
1236 4267 1451 4342 ipsius
1486 4265 1708 4324 anima
1742 4279 1888 4323 mea
1920 4264 2015 4323 ita
2052 4270 2383 4324 commota
2415 4262 2674 4339 fuisset,
2705 4266 2900 4341 quasi
2928 4272 3081 4325 ante
3118 4272 3380 4341 tempus

287 4378 619 4438 moritura
652 4381 856 4449 esset,
894 4374 951 4433 si
989 4372 1127 4432 illic
1161 4371 1709 4448 permansissem.
1746 4368 1931 4428 Nunc
1967 4368 2105 4427 illis
2140 4369 2255 4444 qui
2290 4368 2380 4427 ibi
2428 4369 2493 4428 in
2525 4368 2882 4429 devotione
2930 4385 3036 4428 me
3071 4385 3384 4445 suscepe-

366 4564 408 4629 ¹)
431 4581 611 4636 purae
637 4565 829 4617 matris
856 4561 1128 4616 absonum
1163 4573 1352 4630 apogr.
1398 4589 1463 4597 —
1497 4558 1546 4620 ⁴²)
1583 4555 1793 4610 Taedet
1881 4553 2091 4624 scripta
2121 4554 2271 4610 circa
2299 4571 2348 4611 a.
2386 4559 2544 4618 11⁴8,
2572 4571 2747 4626 quum
2789 4572 2816 4607 a
2844 4556 3040 4612 Monte
3073 4555 3129 4613 S.
3162 4556 3386 4612 Disibo-

290 4649 573 4706 excidisse
602 4663 806 4703 nomen
834 4646 1095 4703 monachi
1120 4643 1477 4700 Disibodiani
1505 4648 1792 4714 tantopere
1880 4639 1936 4693 di
1970 4639 2197 4693 transiit
2227 4639 2590 4708 Hildegardis
2618 4641 2686 4694 ad
2708 4642 2763 4697 S.
2791 4642 3132 4713 Rupertum;
3160 4658 3271 4712 qua
3298 4659 3381 4696 sa-

291 4733 694 4795 commendati,
736 4733 885 4788 inter
908 4731 1166 4802 querelas
1211 4729 1477 4784 adversus
1520 4734 1790 4787 caeteros,
1884 4725 1957 4779 tis
1996 4740 2274 4794 superque
2313 4725 2613 4779 edocemur
2650 4726 2917 4783 adversus
2944 4741 3064 4782 eam
3106 4727 3383 4781 exarsisse

287 4835 457 4891 quem
508 4818 764 4890 suspicor
808 4832 928 4872 esse
971 4814 1408 4872 dilectissimum
1455 4812 1789 4882 Hildegardi
1880 4810 2118 4878 dissidia
2156 4815 2215 4865 et
2241 4810 2584 4873 simultates:
2627 4811 2800 4865 immo
2830 4828 2939 4868 non
2978 4810 3229 4867 defuisse
3257 4811 3382 4882 piae

294 4906 649 4965 Volmarum,
674 4903 838 4973 cujus
864 4917 975 4958 una
1014 4901 1310 4956 dumtaxat
1336 4899 1574 4972 epistola
1601 4915 1631 4954 a
1657 4898 1794 4955 Gui-
1880 4896 2081 4952 matris
2100 4898 2356 4966 querelas
2373 4900 2429 4950 et
2453 4897 2719 4959 lamenta,
2739 4896 2872 4959 nisi,
2895 4896 3043 4966 quod
3067 4894 3243 4951 ferme
3264 4897 3384 4967 opi-

292 4992 455 5047 berto
479 4988 871 5048 Gemblacensi
902 4993 1120 5042 servata
1158 4985 1226 5039 ad
1266 5000 1366 5039 nos
1404 4983 1682 5056 pervenit.
1725 5013 1793 5024 —
1882 4983 2151 5044 nandum.
2172 4981 2485 5054 syinholico
2506 4981 3242 5036 autoratoriosermoneusa
3268 4982 3385 5038 sue-

289 5078 338 5141 3)
365 5077 598 5132 Scilicet
637 5077 847 5131 Cononi
872 5075 1037 5145 cujus
1075 5088 1277 5127 nomen
1320 5072 1376 5126 in
1405 5071 1526 5128 edd.
1560 5088 1672 5124 non
1712 5088 1794 5126 re·
1882 5070 1978 5125 rit.
2023 5069 2195 5124 Nemo
2236 5084 2346 5122 non
2391 5067 2540 5122 videt
2568 5081 2735 5136 quam
2766 5065 2951 5133 gravis
2977 5082 3095 5122 esse
3121 5067 3382 5142 debuerit

297 5167 520 5222 licetur.
550 5197 616 5206 -
637 5165 680 5231 ⁴)
703 5165 858 5231 Quae
882 5161 1124 5230 insignis
1144 5159 1381 5231 epistola
1405 5157 1678 5214 censenda
1708 5162 1794 5212 est
1885 5154 2179 5211 monachis
2202 5154 2423 5223 jactura
2453 5169 2519 5205 ex
2552 5150 2913 5218 Hildegardis
2944 5150 3271 5231 secessione.

471 5276 816 5334 ANALECT.
870 5272 941 5330 T.
993 5268 1153 5327 VllI.
1206 5268 1291 5326 35
