4036 6117
1426 507 1667 553 LIBER
1715 508 1922 553 viras
1971 506 2463 553 memromm.
2516 508 2571 552 Ρ.
2624 507 2687 551 v,
3407 492 3534 553 187

518 645 552 687 ι
591 628 751 689 Nam
801 643 954 688 cum
988 627 1054 688 in
1100 626 1357 687 circulo
1395 632 1746 689 creaturae
1798 627 2044 691 multas
2080 625 2575 686 sciscitationes
2608 624 2918 702 inquiriS,
2957 626 3101 702 ipsa
3144 630 3456 684 creatura
3490 624 3606 685 ho-

515 753 547 789 »
587 748 814 794 norem
847 737 915 792 et
946 730 1221 791 divitias
1256 731 1377 791 tibi
1410 730 1777 801 abstrahet,
1814 735 1882 789 et
1914 730 2099 790 velut
2132 729 2444 804 lapidem,
2500 730 2565 789 in
2599 728 2930 789 infernum
2965 728 3275 805 projiciet
3309 734 3396 802 te,
3433 744 3597 806 quo-

518 856 549 894 n
588 838 766 897 niam
815 835 944 913 ipsi
991 849 1231 895 nomen
1276 833 1396 895 Dei
1430 836 1536 895 sui
1569 834 1932 895 abstulisti.
1965 834 2150 894 Unde
2181 835 2386 895 etiam
2420 849 2652 895 omnes
2688 834 2903 893 tribus
2938 837 3159 892 terrae
3204 833 3519 908 plangent
3548 826 3595 910 ¹)

516 958 549 997 D
589 954 789 1015 super
836 945 925 1014 te,
961 938 1118 1015 quia
1164 938 1319 1001 illas
1353 939 1420 998 in
1461 937 1881 1012 blasphemia
1928 936 2218 1012 derides,
2254 952 2405 997 cum
2440 952 2557 997 eas
2593 937 2659 995 in
2693 936 2958 997 cultura
2989 935 3106 995 Dei
3140 935 3266 995 hoc
3300 935 3493 995 modo
3531 935 3597 994 in

514 1065 549 1106 ι
587 1061 881 1107 errorem
932 1044 1146 1119 duci8‚
1184 1044 1297 1104 ubi
1329 1043 1461 1105 Dco
1506 1044 1762 1104 servire
1795 1042 2135 1104 deberent.
2171 1042 2589 1119 Quapropter
2621 1041 2803 1103 nulla
2847 1042 2978 1103 alia
3011 1040 3309 1117 praemia
3344 1039 3464 1099 tibi
3498 1054 3600 1099 re-

511 1168 546 1211 »
582 1156 764 1210 stant
797 1164 999 1225 quam
1031 1148 1329 1224 praemia
1361 1145 1643 1207 Diaboli.
1685 1163 1717 1201 ι»
2280 1144 2287 1151 ·

594 1252 699 1313 11.
736 1252 985 1324 Quarta
1033 1257 1255 1312 autem
1292 1250 1510 1324 imago
1546 1249 1613 1308 in
1648 1247 1863 1309 forma
1896 1248 2187 1310 hominis
2221 1250 2608 1325 apparebat,
2660 1255 2938 1324 excepto
2973 1248 3148 1324 quod
3184 1246 3448 1322 capillis
3488 1262 3598 1306 ca-

505 1356 665 1432 pitis
698 1355 990 1428 carebat,
1028 1358 1097 1413 et
1128 1353 1306 1430 quod
1340 1353 1620 1423 barbam
1653 1355 1726 1412 ut
1758 1352 1989 1413 hircus
2024 1352 2336 1427 habebat,
2380 1359 2446 1412 et
2479 1369 2726 1429 parvas
2768 1353 3061 1428 pupillas
3096 1367 3174 1412 ac
3208 1351 3591 1426 albuginem

505 1460 853 1521 oculorum
886 1458 1114 1531 latam,
1149 1459 1216 1517 et
1256 1456 1432 1535 quod
1465 1456 1744 1515 naribus
1794 1456 1938 1516 suis
1971 1462 2246 1517 ventum
2284 1456 2549 1516 fortiter
2599 1458 2963 1517 introrsum
3007 1456 3210 1516 traxit
3242 1460 3309 1514 et
3342 1454 3588 1513 emisit.

504 1564 737 1623 Manus
765 1576 1028 1639 quoque
1059 1560 1208 1636 ejus
1237 1559 1496 1621 ferreae
1531 1558 1823 1635 fuerunt,
1859 1576 1938 1621 ac
1970 1577 2169 1620 crura
2199 1558 2250 1638 ²)
2286 1561 2673 1636 sanguinea,
2709 1566 2776 1619 et
2810 1560 3013 1636 pedes
3049 1560 3263 1635 ipsius
3292 1564 3364 1618 ut
3388 1557 3594 1633 pedes

503 1667 738 1728 leonis.
772 1665 1008 1726 Induta
1041 1670 1264 1725 autem
1299 1670 1443 1724 erat
1476 1665 1702 1725 tunica
1735 1663 2020 1725 subalbo
2052 1666 2120 1725 et
2167 1664 2488 1740 subnigro
2524 1665 2747 1725 colore
2781 1664 3192 1725 commixtim
3222 1656 3272 1743 ³)
3318 1663 3590 1736 intexta,

499 1785 673 1848 quae
706 1769 1017 1846 superius
1064 1768 1431 1829 constricta
1460 1767 1839 1843 videbatur,
1877 1767 2159 1828 inferius
2195 1774 2442 1843 autem,
2480 1769 2743 1829 scilicet
2773 1769 2953 1827 circa
2995 1783 3217 1842 crura,
3256 1766 3321 1826 in
3355 1766 3592 1841 ampli-

501 1875 732 1936 tudine
776 1874 1088 1935 distenta.
1121 1872 1201 1932 Et
1234 1887 1439 1948 super
1469 1878 1704 1947 pectus
1737 1872 1885 1947 ejus
1918 1873 2148 1939 vultus
2180 1873 2353 1948 nigri
2397 1873 2643 1933 coloris
2677 1870 3010 1947 apparuit,
3047 1870 3163 1946 qui
3196 1867 3398 1946 pedes
3432 1885 3593 1928 suos

499 1980 714 2041 eidem
748 1980 1002 2055 pectori
1056 1978 1380 2052 infixerat,
1418 1977 1537 2037 sed
1584 1979 1859 2038 dorsum
1891 1995 1970 2039 ac
2020 1979 2298 2039 caudam
2337 1996 2522 2039 suam
2577 1979 2657 2038 ad
2701 1978 3003 2038 eamdem
3054 1976 3410 2051 imaginem
3444 1991 3593 2035 ver-

502 2091 696 2147 terat.
733 2084 857 2145 Sed
906 2091 974 2145 et
1006 2099 1234 2145 coram
1263 2084 1411 2158 ipsa
1458 2084 1662 2145 arbor
1697 2085 1941 2160 stabat,
1978 2102 2151 2161 quae
2187 2086 2527 2145 radicibus
2571 2086 2712 2144 suis
2744 2085 2813 2144 in
2846 2084 3214 2159 gehennam
3250 2081 3593 2141 radicave-

507 2195 636 2264 rat,
669 2184 719 2267 ι)
752 2195 820 2249 et
852 2187 1045 2263 cujus
1079 2185 1341 2247 fructus
1372 2187 1563 2261 picea
1610 2194 1679 2248 et
1712 2188 2077 2263 sulphurea
2125 2205 2319 2264 poma
2357 2188 2644 2262 suerunt3
2697 2193 2764 2246 et
2799 2187 2969 2247 hanc
3010 2185 3320 2246 arborem
3354 2183 3587 2244 eadem

499 2293 720 2367 imago
773 2291 1287 2367 diligentissime
1338 2291 1745 2373 intuebatur,
1797 2307 1877 2351 ac
1922 2291 2004 2351 de
2055 2292 2276 2353 fructu
2328 2293 2509 2353 illius
2558 2308 2672 2351 ore
2707 2307 2828 2351 suo
2866 2292 3157 2366 rapienS,
3195 2289 3585 2350 avidissime

498 2395 887 2457 devorabat.
922 2395 1072 2470 Ipsa
1120 2410 1385 2471 quoque
1421 2395 1652 2457 multis
1701 2401 1768 2455 et
1802 2395 2241 2456 horribilibus
2290 2397 2633 2455 vermibus
2675 2395 3242 2469 circumdabatur,
3279 2394 3394 2470 qui
3429 2409 3586 2452 cau-

494 2501 603 2560 dis
637 2500 777 2561 suis
803 2499 1087 2563 multum
1120 2499 1409 2561 sonitum
1437 2504 1505 2558 et
1537 2514 1852 2574 magnum
1884 2504 2136 2559 motum
2168 2501 2235 2559 in
2268 2499 2592 2576 praefatis
2627 2499 2924 2559 tenebris
2960 2498 3315 2573 faciebant,
3353 2513 3580 2575 quem·-

497 2602 854 2665 admodum
887 2618 1040 2664 cum
1073 2602 1298 2680 pisces
1334 2601 1579 2663 ictibus
1613 2603 1976 2664 caudarum
2015 2620 2290 2664 suarum
2328 2620 2569 2680 aquam
2607 2608 3049 2665 commovent.

1952 2826 2115 2887 VIII.

1737 3018 1935 3080 Verba
1982 3022 2337 3082 Avaritiae.

585 3231 689 3294 w.
723 3231 804 3291 Et
836 3229 1066 3292 eadem
1119 3230 1339 3305 imago
1376 3229 1661 3292 dicebat:
1705 3249 1735 3289 α
1764 3231 1902 3306 Ego
1941 3232 2264 3309 insipiens
2297 3250 2430 3294 non
2462 3249 2633 3306 sum;
2672 3233 2788 3292 sed
2825 3233 3194 3309 sapientior
3235 3234 3373 3294 illis
3408 3249 3577 3308 sum,

498 3351 533 3393 x
571 3335 683 3410 qui
719 3333 801 3394 ad
849 3336 1087 3394 ventos
1121 3333 1477 3411 aspiciunt,
1515 3338 1583 3393 et
1617 3333 1732 3412 qui
1765 3333 1847 3394 de
1896 3350 2052 3400 aere
2086 3322 2310 3398 omnia
2343 3335 2472 3396 sibi
2506 3337 2892 3396 necessaria
2936 3337 3302 3412 postulant.
3339 3337 3436 3397 Ad
3473 3352 3579 3396 me

496 3452 529 3492 »
566 3436 786 3496 omnia
820 3437 1032 3510 rapio,
1083 3442 1152 3497 et
1185 3436 1252 3496 in
1286 3435 1507 3496 sinum
1542 3451 1760 3496 meum
1796 3438 2018 3498 omnia
2053 3439 2319 3513 colligo,
2362 3444 2429 3497 et
2464 3444 2712 3513 quanto
2746 3438 2898 3513 plus
2933 3445 3352 3516 contraxero,
3389 3443 3575 3501 tanto

500 3562 532 3601 ι
569 3545 721 3620 plus
772 3543 1003 3605 habeo.
1054 3545 1220 3604 Nam
1270 3545 1479 3605 multo
1529 3546 1763 3606 utilius
1812 3546 1977 3607 mihi
2026 3554 2154 3623 est,
2205 3553 2280 3607 ut
2329 3548 2476 3623 ipsa
2511 3562 2817 3623 quaeque
2856 3548 3237 3607 necessaria
3271 3546 3577 3624 habeam,

494 3666 529 3707 ι
567 3664 767 3724 quam
817 3649 970 3708 aliis
1021 3649 1412 3724 supplicem.
1451 3649 1644 3709 Nulla
1693 3651 1898 3710 etiam
1947 3651 2147 3727 culpa
2193 3657 2319 3726 est,
2368 3652 2441 3710 ut
2488 3651 2590 3710 illi
2641 3657 3051 3726 congregata
3082 3652 3407 3726 auferam,
3459 3653 3576 3729 qui

494 3770 529 3811 ι
565 3753 716 3829 plus
766 3737 969 3813 habet
1000 3767 1202 3829 quam
1251 3753 1380 3811 sibi
1415 3767 1694 3813 necesse
1743 3754 1851 3814 sit.
1890 3754 2053 3815 Cum
2089 3755 2267 3815 enim
2315 3754 2613 3815 habuero
2648 3754 2826 3830 quod
2874 3739 3052 3830 volo,
3089 3755 3342 3815 nullam
3393 3756 3580 3816 solli-

500 3872 532 3911 ι
570 3855 932 3915 citudinem
968 3854 1202 3928 habe0‚
1255 3860 1327 3914 ut
1376 3855 1459 3915 ab
1509 3856 1639 3915 alio
1690 3857 2050 3933 quicquam
2098 3858 2458 3936 requiram.
2507 3857 2587 3917 Et
2635 3873 2788 3916 cum
2835 3857 2902 3916 in
2952 3857 3104 3917 sinu
3154 3873 3300 3917 meo
3346 3857 3579 3918 videro

498 3975 530 4013 ι
567 3957 788 4017 omnia
820 3972 991 4033 quae
1037 3958 1341 4032 voluero,
1379 3974 1700 4033 prospere
1735 3960 1979 4036 impleo
2013 3978 2207 4022 omne
2242 3961 2419 4037 quod
2456 3976 2560 4020 me
2602 3960 2910 4020 delectat.
2949 3962 3112 4020 Tum
3147 3966 3216 4019 et
3249 3962 3578 4020 neminem

501 4080 532 4119 »
573 4061 798 4136 timec,
835 4061 949 4120 sed
986 4062 1051 4120 in
1085 4061 1497 4122 beatitudine
1531 4063 1711 4137 vivo,
1747 4079 1869 4123 nec
1917 4065 2182 4142 indigeo
2218 4072 2290 4125 ut
2325 4064 2858 4125 misericordiam
2910 4063 2993 4123 ab
3030 4064 3166 4124 ullo
3213 4064 3573 4140 requiram.

499 4183 531 4224 n
568 4164 731 4225 Nam
782 4165 849 4225 in
880 4164 1130 4225 duritia
1180 4171 1473 4226 astutam
1508 4167 1906 4242 sapientiam
1942 4168 2179 4243 habeo,
2217 4185 2295 4230 ac
2329 4169 2548 4228 omnia
2588 4184 2735 4227 mea
2770 4168 3064 4245 requir0,
3108 4175 3175 4228 et
3215 4169 3439 4228 nullus
3473 4183 3580 4228 me

500 4287 532 4327 >³
571 4267 879 4347 decipere
927 4274 1169 4345 potest.
1204 4269 1286 4330 Et
1318 4269 1476 4346 quid
1525 4286 1631 4329 me
1680 4271 1979 4333 nocebit?
2011 4273 2144 4334 Nec
2197 4273 2323 4348 fur,
2370 4288 2489 4333 nec
2539 4274 2711 4332 latro
2762 4289 2933 4348 sum,
2987 4273 3103 4331 sed
3153 4273 3377 4334 omnia
3411 4289 3583 4350 quae

500 4391 532 4432 ι»
568 4375 721 4436 volo
756 4374 969 4450 capi0‚
1006 4381 1071 4433 et
1105 4389 1183 4433 ea
1219 4380 1364 4436 arte
1398 4390 1546 4438 mea
1582 4375 1878 4454 acquiro,
1919 4395 1951 4434 »

1940 4586 2131 4647 VIIII.

1425 4795 1835 4872 Responsum
1877 4815 2092 4873 purae
2148 4798 2625 4876 Sufficientiae.

586 4996 688 5058 13.
723 4998 803 5058 Et
853 5000 1096 5060 iterum
1131 5000 1213 5060 de
1263 5002 1565 5078 praefata
1601 5004 1867 5064 turbida
1914 5005 2089 5066 nube
2126 5006 2351 5065 audivi
2404 5006 2557 5066 huic
2594 5008 2865 5084 imagini
2904 5026 3135 5070 vocem
3174 5008 3573 5086 responden-

568 5163 610 5231 ¹)
633 5165 854 5238 planget
880 5167 968 5224 W.
1007 5200 1069 5210 -
1094 5170 1140 5237 2)
1166 5186 1332 5225 crura
1356 5172 1475 5240 ejus
1501 5170 1589 5226 W.
1624 5203 1688 5216 —-
1715 5170 1758 5239 ³)
1785 5176 2125 5230 commixtum
2148 5173 2214 5230 Α.
2253 5206 2310 5216 --
2341 5176 2383 5242 ⁴)
2411 5178 2795 5233 radicaverant
2824 5175 2887 5231 Α.
