4036 6117
1305 530 1546 579 mssa
1597 528 1796 578 vrrae:
1851 525 2317 578 unm-tonum
3201 514 3287 573 69

288 670 317 710 ι
358 652 606 714 faciam.
648 652 811 713 Cum
848 665 964 712 cor
996 666 1217 711 meum
1251 652 1563 728 laetatur,
1615 668 1735 712 cur
1768 652 1957 712 illum
2005 650 2240 727 ligem?
2270 649 2350 709 Et
2383 665 2533 710 cum
2581 664 2789 710 venae
2823 663 3009 709 meae
3045 648 3355 725 iucundi-

276 773 306 811 ι
345 760 470 814 tate
502 755 743 831 plenae
779 758 956 829 sunt,
987 769 1108 812 cur
1140 769 1256 812 eas
1294 753 1615 813 incidam?
1638 752 1895 812 Etcum
1925 752 2107 829 loqui
2135 752 2346 811 sciam
2371 744 2444 830 ¹),
2475 766 2597 810 cur
2624 750 2915 810 taceam‘?
2939 749 3101 810 Nam
3131 752 3348 812 omnis

274 876 303 915 ι
343 863 553 917 motus
588 857 893 934 corporis
924 856 1054 918 mei
1089 857 1276 917 salus
1308 873 1456 918 mea
1490 859 1616 932 est,
1653 864 1720 917 et
1752 854 2085 932 quomodo
2120 860 2349 915 creata
2383 870 2566 928 sum,
2605 856 2705 913 sic
2740 853 2931 914 facie.
2966 851 3049 913 Et
3083 869 3205 912 cur
3237 867 3344 914 me

275 981 304 1016 ι
343 961 403 1019 in
434 961 613 1020 aliud
651 967 979 1021 mutarem
1013 977 1215 1036 quam
1251 961 1317 1021 in
1352 961 1514 1021 illud
1558 960 1736 1038 quod
1772 960 1955 1020 sum‘?
1998 961 2447 1035 Unaquaeque
2480 964 2788 1017 creatura
2838 956 3202 1016 secundum
3234 972 3349 1016 na-

274 1084 303 1119 »
340 1070 549 1123 turam
607 1079 796 1125 suam
847 1065 1115 1140 crescit,
1166 1070 1234 1124 et
1283 1065 1646 1126 secundum
1697 1064 1825 1125 hoc
1873 1064 2049 1141 quod
2093 1063 2224 1123 sibi
2257 1063 2588 1139 congruit,
2627 1063 2724 1123 sic
2775 1061 2957 1136 facit;
2996 1061 3088 1120 ita
3122 1065 3189 1122 et
3222 1074 3345 1136 ego

277 1185 304 1220 »
346 1166 603 1228 faciam.
645 1187 678 1226 )

1703 1269 1911 1334 XIIII.

1345 1485 1758 1560 Responsum
1815 1484 2255 1544 discretionis.

347 1689 448 1748 22.
498 1687 579 1750 Et
614 1690 858 1750 iterum
905 1688 988 1750 de
1020 1688 1319 1766 praefata
1356 1689 1623 1750 turbida
1671 1690 1843 1750 nube
1878 1690 2106 1751 audivi
2152 1705 2384 1750 vocem
2422 1690 2575 1749 huic
2627 1688 2897 1764 imagini
2944 1666 3339 1763 responsum

266 1789 545 1853 dantem:
580 1812 613 1851 α
643 1792 696 1853 Ο
723 1794 1128 1869 speculatrix
1157 1794 1574 1871 insidiarum,
1603 1811 1721 1872 per
1754 1795 2037 1855 insidias
2072 1800 2223 1855 tuas
2255 1795 2476 1854 omnia
2501 1809 2673 1870 quae
2708 1794 2771 1853 in
2805 1790 3258 1852 rationalitate
3287 1788 3339 1866 ²)

265 1913 292 1950 ›
330 1896 608 1956 honesta
656 1904 831 1973 sunt,
870 1898 1158 1973 mordes,
1195 1899 1353 1975 quia
1387 1899 1628 1959 catulis
1661 1898 2034 1958 bestiarum
2067 1899 2182 1974 qui
2225 1897 2477 1957 nullam
2512 1897 3035 1957 moderationem
3069 1894 3337 1966 habent,

265 2018 291 2056 ι
327 1999 754 2077 assimilariS‚
790 2006 857 2060 et
891 2008 964 2062 ut
1012 2001 1423 2062 immundum
1458 2003 1702 2062 animal
1739 2001 1926 2063 faciS.
1963 2002 2196 2062 Omnia
2244 2002 2420 2061 enim
2454 2017 2623 2078 quae
2659 2002 2725 2061 in
2769 2000 3187 2059 institutione
3219 1996 3336 2056 Dei

264 2120 291 2157 ι
326 2108 501 2176 sunt,
541 2103 672 2163 sibi
708 2104 991 2164 invicem
1027 2122 1421 2181 responsum
1456 2106 1632 2167 dant.
1669 2105 1911 2166 Stellae
1938 2107 2116 2166 enim
2148 2105 2228 2165 de
2264 2106 2410 2165 luce
2437 2107 2632 2165 lunae
2665 2109 3046 2178 coruscant,
3075 2109 3142 2163 et
3176 2103 3335 2161 luna

262 2224 289 2261 ›
322 2206 400 2265 de
427 2208 580 2283 igne
608 2209 774 2268 solis
802 2211 1001 2284 lucet,
1031 2215 1098 2269 et
1123 2210 1346 2269 omnia
1374 2210 1743 2286 majoribus
1773 2211 1916 2270 suis
1945 2211 2216 2270 subdita
2244 2212 2421 2282 sunt,
2451 2225 2571 2268 nec
2598 2207 2869 2268 modum
2894 2223 3092 2267 suum
3119 2212 3341 2266 trans-

261 2324 288 2361 ι
321 2309 735 2382 grediuntur.
765 2313 860 2371 Tu
894 2318 1118 2372 autem
1146 2329 1266 2372 nec
1292 2312 1524 2387 Deum,
1554 2328 1674 2371 nec
1708 2320 2092 2374 creaturam
2116 2314 2262 2389 ejus
2299 2312 2599 2388 inspicis,
2631 2311 2747 2370 sed
2781 2312 2958 2371 sicut
2984 2324 3196 2369 vacua
3221 2323 3338 2367 va·-

263 2429 290 2466 )
324 2413 499 2487 gina,
536 2429 710 2489 quae
744 2432 782 2474 a
814 2420 1012 2475 vento
1045 2423 1375 2490 movetur,
1414 2416 1513 2474 sic
1548 2415 1821 2476 incedis,
1856 2417 1991 2490 Ego
2028 2421 2251 2476 autem
2285 2417 2353 2475 in
2386 2416 2625 2474 itinere
2657 2414 2852 2474 lunae
2887 2428 2965 2472 ac
3000 2412 3066 2470 in
3100 2411 3336 2470 itinere

165 2515 168 2516 ’
262 2534 289 2571 ›
324 2517 489 2576 solis
523 2518 816 2594 ambu10,
847 2535 924 2580 ac
954 2535 1217 2581 omnem
1254 2520 1743 2581 institutionem
1774 2520 1891 2581 Dei
1929 2520 2236 2597 inspicio,
2275 2525 2342 2580 et
2376 2536 2529 2579 cum
2562 2518 2669 2578 his
2704 2519 2771 2579 in
2797 2516 3101 2577 honestis
3131 2515 3339 2575 mori-

259 2636 287 2677 )
321 2620 442 2680 hus
481 2635 741 2696 cresco,
778 2625 843 2681 et
876 2637 956 2683 ea
1006 2622 1074 2681 in
1108 2621 1436 2683 charitate
1470 2623 1754 2698 pleniter
1784 2623 2154 2684 dinumero.
2192 2623 2357 2684 Nam
2391 2623 2459 2682 in
2489 2620 2739 2699 palatio
2784 2619 2984 2695 Regis
3020 2619 3333 2695 princeps
3368 2671 3371 2674 ,

258 2736 286 2777 )
320 2736 492 2796 sum,
545 2727 614 2781 et
661 2724 883 2783 omnia
929 2731 1193 2785 secreta
1240 2725 1386 2801 ejus
1420 2733 1833 2802 perscrutor,
1883 2743 2005 2786 nec
2055 2726 2192 2786 ulla
2238 2726 2302 2786 in
2351 2725 2458 2785 his
2506 2738 2720 2785 vacua
2759 2722 3046 2796 dimitto,
3099 2719 3216 2780 sed
3252 2735 3335 2781 ea

257 2841 284 2878 ›
317 2824 831 2900 comprehendO,
868 2832 935 2886 et
968 2843 1048 2887 ea
1077 2827 1305 2903 dilig0‚
1344 2845 1422 2888 ac
1455 2845 1605 2891 cum
1639 2831 1740 2890 eis
1774 2836 1846 2890 ut
1880 2830 2110 2891 radius
2153 2829 2319 2889 solis
2360 2829 2570 2888 luceo.
2608 2827 2703 2886 Tu
2737 2828 2959 2887 autem
2985 2827 3329 2885 laceratus

258 2945 285 2982 ι
320 2927 597 2988 morbus
628 2922 679 3007 ³)
715 2932 782 2989 et
813 2929 1102 2989 cadaver
1133 2934 1463 2992 vermium
1496 2951 1592 2994 eS.
1637 2952 1668 2992 ι)

329 3030 430 3092 23.
493 3030 743 3093 Octava
773 3039 999 3094 autem
1033 3034 1252 3112 imago
1289 3037 1456 3097 turri
1494 3038 2022 3114 assimilabatur,
2053 3054 2226 3116 quae
2263 3039 2330 3100 in
2367 3037 2807 3116 supremitate
2842 3051 2965 3096 sua
3001 3030 3336 3094 testitudi-

253 3151 387 3195 nem
419 3135 742 3211 habebat,
772 3138 840 3198 in
866 3153 998 3214 qua
1028 3141 1165 3199 tres
1193 3139 1525 3202 fenestrae
1555 3149 1768 3218 erant,
1799 3144 1925 3204 sub
1951 3145 2197 3221 quibus
2223 3144 2353 3205 duo
2381 3143 2658 3204 brachia
2691 3139 2980 3201 hominis
3007 3151 3336 3213 apparue-

259 3248 419 3316 runt,
454 3257 750 3317 quorum
774 3257 1012 3303 manus
1045 3260 1249 3321 super
1280 3246 1581 3306 eamdem
1608 3248 2068 3309 testitudinem
2103 3248 2648 3309 extendebantur.
2673 3246 2754 3306 Et
2786 3244 3019 3304 eadem
3054 3238 3331 3301 brachia

260 3347 543 3407 tenebris
600 3347 795 3424 quasi
852 3348 1135 3409 manicis
1189 3350 1609 3427 velabantur,
1667 3355 1734 3412 et
1791 3369 2029 3413 manus
2085 3369 2317 3413 eorum
2365 3352 2603 3425 nudae,
2664 3348 2779 3408 sed
2829 3354 3050 3407 tamen
3100 3345 3329 3419 igneae

262 3451 535 3515 fuerunt.

1727 3564 1854 3623 XV.

1249 3770 1449 3831 Verba
1488 3773 1887 3850 perditionis
1936 3776 2339 3833 animarum.

335 3977 437 4037 24.
477 3977 563 4038 Et
594 3976 780 4039 dixit:
820 3998 853 4037 α
893 3979 1074 4050 Quae
1105 3980 1345 4040 merita
1375 3987 1443 4040 et
1477 3998 1678 4058 quam
1711 3982 2088 4043 mercedem
2122 3982 2415 4043 habebo?
2445 3983 2691 4057 Ignem.
2727 3980 2889 4041 Nam
2937 3994 3061 4054 ego
3091 3983 3160 4037 et
3191 3992 3332 4038 ma·

260 4096 287 4133 ›
322 4080 485 4141 teria
519 4079 604 4140 de
636 4097 769 4159 qua
802 4083 998 4156 exivi,
1037 4082 1217 4143 aliud
1251 4085 1583 4147 nolumus,
1616 4086 1753 4163 Ego
1778 4087 1956 4147 enim
1991 4088 2215 4147 omnia
2249 4087 2470 4148 lucida
2506 4086 2712 4161 fugio,
2740 4100 2819 4145 ac
2850 4081 3071 4143 omnia
3106 4079 3326 4140 lucida

261 4198 289 4237 ι
319 4199 520 4259 opera
555 4186 747 4261 sequi
782 4202 1044 4261 recuso,
1079 4190 1146 4248 et
1176 4191 1398 4249 omnia
1446 4197 1835 4251 ornamenta
1869 4191 2244 4252 lucidorum
2290 4192 2469 4266 nolo,
2504 4191 2661 4268 quia
2694 4186 3044 4265 spoliatrix
3074 4184 3329 4245 anima·-

261 4303 288 4340 1
321 4303 461 4347 rum
512 4305 684 4349 sum.
721 4291 884 4351 Nam
919 4290 1046 4351 hoc
1092 4309 1261 4370 opus
1294 4309 1517 4355 meum
1563 4301 1689 4370 est,
1728 4296 2044 4372 quoniam
2094 4297 2207 4357 ille
2243 4296 2340 4354 sic
2373 4295 2518 4355 vult
2562 4294 2643 4354 de
2675 4309 2806 4369 quo
2841 4293 2987 4351 orta
3035 4304 3206 4361 sum,
3246 4303 3325 4345 ac-

265 4406 290 4443 »
324 4391 703 4452 maledictio
741 4394 855 4453 illa
888 4410 1060 4469 sum,
1097 4412 1297 4470 quam
1336 4397 1510 4456 idem
1547 4398 1720 4459 fecit.
1765 4418 1794 4455 »

1714 4605 1869 4666 XVI.

1144 4813 1553 4890 Responsum
1604 4817 1982 4874 salvationis
2032 4818 2433 4876 animarum.

338 5015 439 5076 25.
487 5015 568 5077 Et
601 5017 845 5080 iterum
877 5019 957 5082 de
991 5022 1333 5097 praedicta
1367 5025 1540 5086 nube
1577 5025 1841 5085 turbida
1886 5025 2113 5086 audivi
2160 5043 2395 5090 vocem
2428 5028 2584 5089 huic
2629 5026 2898 5101 imagini
2934 5035 3326 5098 responsum

323 5158 487 5225 1)3ο.·ἰο
512 5166 577 5224 Α.
610 5201 678 5211 -
702 5174 748 5239 ²)
775 5191 915 5244 quae
941 5180 1319 5237 rationalitate
1345 5181 1434 5236 W.
1470 5213 1535 5221 —
1561 5181 1604 5248 ³)
1634 5183 1903 5240 laceratus
1931 5184 2166 5240 moribus
2192 5184 2257 5240 A.
