4036 6117
737 450 870 512 548
1885 468 1936 510 s.
1991 465 2545 512 111LnssGAnnxs

663 584 783 645 Dei
821 586 979 659 vidi,
1017 593 1082 645 et
1122 594 1401 645 mortem
1439 585 1849 644 conculcavi.
1886 584 2102 660 Opera
2136 592 2361 645 autem
2395 585 2816 646 obedientiae
2852 601 3043 645 mons
3079 588 3257 661 sunt,
3293 592 3361 645 et
3392 586 3765 647 benivolen-

665 690 761 747 tia
797 689 995 749 vallis
1029 704 1180 748 cum
1218 689 1520 750 floribus.
1558 690 1666 746 cui
1705 687 1935 747 tribuli
1971 694 2039 747 et
2073 690 2304 764 spinae
2342 690 2407 748 in
2439 688 2673 748 multis
2710 688 3228 764 tempestatibus
3275 689 3601 748 vitiorum
3636 705 3767 749 sae-

663 808 748 867 pe
781 797 1164 851 accurrunt.
1216 792 1294 851 Et
1325 792 1393 851 in
1428 791 1623 850 domo
1673 791 1900 850 cordis
1936 793 2056 865 tui,
2096 808 2133 851 o
2169 793 2390 857 homo,
2444 791 2634 851 sedet
2681 791 2897 865 miles,
2951 792 3214 851 scilicet
3261 792 3672 863 obedientia,
3704 801 3762 852 et

665 897 1097 970 vernaculuS‚
1138 897 1399 956 scilicet
1434 896 1774 971 superbia,
1812 902 1881 954 et
1913 896 1996 955 ad
2025 896 2300 971 januam
2334 897 2579 956 mentis
2606 902 2761 955 tuae
2801 895 3099 955 charitas
3125 902 3195 955 et
3227 895 3613 955 obedientia
3640 896 3768 971 pul·

662 1012 835 1079 sant,
874 1005 967 1065 ita
1017 1003 1194 1081 quod
1229 1019 1360 1062 non
1394 1005 1608 1062 totum
1662 1001 1872 1061 facias
1907 1002 2084 1078 quod
2121 1003 2186 1061 in
2236 1002 2690 1078 possibilitate
2736 1003 2851 1061 tua
2886 1000 3133 1060 malum
3172 999 3401 1060 babes.
3437 1001 3630 1059 Nunc
3661 1018 3765 1058 au-

663 1114 796 1168 tem
831 1108 1142 1167 discerne
1191 1105 1368 1183 quod
1404 1105 1599 1165 miles
1641 1106 2071 1166 vernaculum
2123 1112 2416 1182 superet,
2454 1121 2535 1165 ne
2570 1104 2999 1182 pulchritudo
3043 1104 3465 1163 obedientiae
3500 1104 3631 1165 sub
3664 1120 3767 1179 pe-

660 1214 860 1274 dibus
895 1212 1234 1273 vernaculi
1266 1211 1511 1288 jaceat,
1549 1211 1708 1287 quia
1744 1211 2061 1287 superbia
2109 1211 2293 1272 dicit:
2330 1211 2753 1287 Impossibile
2800 1217 2907 1270 est
2941 1209 3207 1269 vincula
3242 1210 3356 1269 illa
3405 1208 3758 1285 disrumpi,

658 1318 904 1394 quibus
954 1316 1259 1376 homines
1294 1317 1448 1391 ligo.
1488 1315 1609 1376 Cui
1644 1321 1716 1375 tu
1768 1316 2119 1391 responde,
2156 1316 2559 1377 charitatem
2592 1315 2873 1376 audiens
2922 1314 3045 1375 tibi
3077 1314 3431 1374 dicentem:
3472 1314 3550 1373 In
3585 1314 3763 1373 coelo

666 1425 927 1498 integra
975 1420 1141 1495 sedi,
1178 1428 1246 1480 et
1294 1426 1542 1480 terram
1579 1419 1887 1480 osculata
1936 1437 2109 1496 sum,
2146 1424 2214 1483 et
2246 1422 2565 1496 superbia
2612 1425 2845 1479 contra
2881 1434 2987 1478 me
3014 1418 3291 1495 juravit,
3327 1424 3536 1493 atque
3573 1431 3765 1493 super

664 1529 888 1589 sidera
924 1530 1155 1589 volare
1193 1530 1424 1603 voluit;
1464 1528 1581 1587 sed
1615 1544 1766 1587 eam
1802 1527 1867 1587 in
1902 1528 2221 1602 abyssum
2257 1528 2532 1604 projeci.
2567 1528 2754 1587 Nunc
2788 1532 3014 1587 autem
3040 1525 3481 1585 vernaculum
3510 1539 3765 1583 mecum

662 1634 1004 1708 conculca,
1056 1640 1123 1694 et
1157 1635 1222 1694 in
1272 1649 1376 1694 me
1411 1634 1770 1707 charitate,
1821 1651 1859 1694 o
1896 1634 2014 1709 fili,
2054 1640 2183 1709 sta,
2221 1640 2289 1694 et
2324 1634 2774 1694 humilitatem
2826 1635 3013 1694 velut
3042 1634 3383 1694 dominam
3419 1633 3488 1692 in
3520 1632 3767 1709 ample·

661 1739 856 1798 xione
891 1738 1086 1812 habe,
1122 1746 1191 1798 et
1224 1754 1562 1815 nunquam
1599 1738 2061 1814 confunderiS,
2097 1754 2219 1799 nec
2254 1744 2472 1799 morte
2507 1739 2845 1800 morieris.

2114 1934 2327 1994 XCIV.

1392 2129 1732 2191 Sororibus
1781 2131 1860 2188 de
1905 2129 2487 2191 Wehterswinkele
2537 2124 3051 2216 [Hildeqardis]

737 2316 958 2373 florida
987 2317 1203 2373 monita
1228 2332 1299 2372 ex
1324 2315 1559 2373 Cantico
1584 2315 1938 2373 canticorum
1964 2314 2238 2389 decerpit.

757 2462 830 2520 In
865 2476 1024 2520 vera
1055 2459 1318 2520 visione
1353 2460 1644 2520 viventis
1678 2460 1950 2520 luminis
1984 2459 2156 2520 dico:
2194 2460 2245 2521 Ο
2277 2460 2454 2521 filiae
2488 2462 2934 2536 Hierusalem,
2970 2462 3166 2523 vobis
3208 2463 3561 2537 annuntio,
3598 2460 3765 2539 quod

665 2583 796 2625 non
845 2582 1011 2626 ausa
1062 2582 1209 2626 sum
1263 2566 1444 2626 aliud
1493 2567 1718 2626 dicere
1765 2581 1964 2642 quam
2014 2565 2192 2642 quod
2239 2566 2562 2628 Dominus
2611 2568 2774 2643 mibi
2825 2569 3215 2638 ostenderit.
3267 2567 3392 2628 Sed
3442 2574 3675 2630 tamen
3709 2570 3767 2629 in

665 2669 1185 2745 congregatione
1234 2676 1464 2730 vestra
1512 2670 1708 2730 video
1765 2671 2143 2730 claritatem
2195 2671 2460 2732 timoris
2516 2678 2586 2733 et
2633 2674 2886 2733 amoris
2920 2673 3061 2748 Dei,
3113 2673 3292 2733 sicut
3337 2672 3600 2732 dictum
3648 2680 3766 2733 est:

668 2776 845 2847 Quae
879 2781 972 2833 est
1007 2778 1159 2847 ista,
1188 2794 1357 2852 quae
1392 2778 1687 2836 ascendit
1711 2797 1836 2854 per
1861 2779 2223 2853 desertum,
2253 2780 2417 2839 sicut
2462 2780 2723 2856 viv-qula
2752 2782 2933 2858 fumi
2959 2788 3021 2840 et
3049 2800 3135 2841 ex
3160 2780 3569 2842 aromatibus
3597 2801 3769 2860 mm*-

661 2883 819 2940 rliae
845 2885 906 2939 et
961 2882 1197 2940 thuris.
1233 2873 1280 2958 ¹)
1315 2880 1397 2939 Et
1432 2879 1581 2939 ideo
1629 2880 1852 2941 anima
1902 2897 2049 2941 mea
2084 2882 2166 2941 de
2215 2884 2715 2945 commansione
2763 2891 2990 2946 vestra
3036 2886 3307 2962 gaudet,
3348 2887 3550 2962 quasi
3587 2886 3766 2946 vobi-

663 2999 850 3042 scum
886 2984 1033 3042 sim.
1088 2983 1271 3044 Nunc
1304 2999 1465 3061 ergo
1514 2984 1596 3045 de
1648 3000 1750 3043 me
1797 2992 1865 3044 et
1911 2986 1993 3045 de
2043 2986 2394 3047 sororibus
2445 2987 2613 3047 meis
2663 3004 2908 3064 sponso
2958 2997 3028 3049 et
3074 2990 3487 3049 consolatori
3540 2994 3765 3049 vestro

661 3089 1000 3158 nunciate,
1024 3094 1095 3148 ut
1122 3105 1244 3149 nos
1273 3089 1475 3149 simul
1505 3089 1570 3148 in
1599 3089 1819 3148 locum
1848 3089 2036 3150 illum
2065 3107 2573 3168 congregemur,
2595 3094 2708 3155 ubi
2727 3097 2937 3156 hiems
2964 3097 3260 3171 transiit,
3282 3103 3344 3155 et
3372 3093 3586 3155 imber
3612 3094 3764 3155 abiit

659 3201 720 3250 et
756 3195 1046 3265 recessit;
1064 3194 1255 3271 flores
1280 3199 1768 3270 apparuerunt,
1804 3196 2038 3255 vineae
2062 3197 2371 3274 florentes
2403 3198 2665 3258 odorem
2692 3200 3045 3274 dederunt,
3076 3208 3141 3260 et
3173 3218 3296 3260 vooe
3330 3203 3629 3260 turturis
3653 3219 3763 3260 au·

660 3299 803 3357 dita
833 3303 957 3367 est,
991 3293 1043 3375 ²)
1080 3304 1415 3373 quatenus
1452 3304 1633 3357 terra
1667 3304 1901 3358 nostra
1936 3299 2052 3359 fiat
2084 3299 2323 3360 hortus
2358 3303 2653 3363 omnium
2706 3310 3108 3379 aromatum,
3145 3310 3213 3364 et
3252 3311 3327 3364 ut
3359 3304 3763 3380 colligamur

667 3403 728 3459 in
762 3417 1058 3459 amorem
1094 3401 1536 3477 amplexionis
1583 3402 1960 3463 dulcedinis
2009 3404 2363 3465 charitatis
2412 3407 2711 3483 ejusdem
2750 3409 2980 3483 sponsi
3016 3409 3252 3469 nostri.
3297 3407 3420 3469 Sed
3456 3415 3528 3469 et
3566 3416 3662 3482 tu,
3696 3407 3765 3468 fl-

664 3506 751 3562 lia
800 3502 940 3577 Dei,
980 3519 1151 3579 quae
1185 3520 1436 3580 poenas
1472 3504 1669 3580 liujus
1705 3506 1960 3565 saeculi
1997 3506 2252 3584 fugisti,
2304 3512 2371 3569 et
2403 3510 2598 3571 flores
2635 3512 2702 3571 in
2749 3512 3063 3588 paradiso
3112 3514 3434 3590 colligere
3482 3513 3759 3587 venisti,

661 3623 832 3666 nunc
868 3622 1227 3680 persevera
1263 3607 1531 3667 fortiter
1565 3608 1631 3667 in
1663 3613 2172 3684 perseverantia
2205 3613 2534 3675 bonorum
2570 3632 2867 3691 operum.
2904 3619 3134 3679 Amen.

2110 3821 2292 3882 XCV.

1358 4029 1635 4088 Cuidam
1668 4037 2011 4090 matronae
2046 4031 2127 4090 de
2177 4032 2503 4092 Buurzun
2536 4026 3048 4118 [Hildeqoerdis]

724 4230 872 4298 Quid
901 4229 1180 4299 agendum
1209 4229 1360 4286 inter
1385 4230 1527 4286 duos
1552 4232 1822 4304 conjuges
1849 4232 1959 4288 sibi
1988 4233 2258 4289 molestos
2285 4239 2343 4290 et
2370 4233 2647 4298 infideles.
2674 4236 2964 4309 expendit.

739 4373 830 4433 De
866 4373 1131 4431 vivente
1169 4374 1316 4433 luce
1352 4373 1517 4433 haec
1550 4374 1720 4434 dico:
1757 4374 1849 4434 De
1884 4359 2236 4436 costa'viri
2276 4376 2434 4438 fecit
2466 4378 2640 4441 Deus
2677 4380 2957 4442 formam
3011 4382 3341 4454 mulieriS,
3378 4389 3446 4443 et
3481 4383 3621 4445 illis
3656 4391 3753 4445 ta-

649 4480 776 4538 lem
806 4479 998 4538 fidem
1027 4479 1232 4553 dedit,
1264 4481 1440 4540 sicut
1467 4481 1691 4541 anima
1723 4488 1790 4541 et
1823 4499 2071 4558 corpus
2100 4486 2465 4545 secundum
2498 4486 2615 4546 Dei
2643 4490 3190 4551 constitutionem
3222 4491 3470 4552 babere
3504 4493 3752 4554 debue-

647 4588 823 4642 runt.
875 4582 1268 4658 Quicunque
1320 4587 1544 4644 autem
1596 4584 1794 4645 homo
1843 4586 1925 4645 de
1975 4604 2098 4646 sua
2147 4588 2430 4648 materia
2479 4606 2550 4649 se
2601 4593 2868 4666 avertit,
2906 4600 2974 4655 et
3021 4594 3225 4654 aliam
3271 4595 3450 4655 viam
3502 4596 3749 4656 incedit

647 4705 766 4765 per
798 4688 1338 4762 conjunctionem
1390 4689 1718 4763 mulieris,
1757 4693 1891 4750 tam
1938 4692 2346 4753 criminosus
2379 4699 2507 4769 cst,
2546 4697 2720 4756 sicut
2754 4698 2961 4758 Adam
3002 4698 3128 4758 suit
3163 4699 3227 4759 in
3262 4701 3752 4777 transgressio-

650 4812 728 4852 ne
763 4795 1278 4869 praeceptorum
1326 4792 1442 4852 Dei
1477 4810 1598 4869 per
1633 4796 1988 4855 consilium
2039 4798 2346 4858 mulieris
2381 4805 2447 4858 et
2482 4803 2839 4876 serpentis;
2892 4810 2958 4862 et
2991 4804 3311 4879 expulsus
3343 4811 3451 4865 est
3482 4823 3522 4866 a
3575 4805 3746 4866 facie

647 4899 785 4972 Dei,
825 4897 1002 4957 sicut
1051 4897 1284 4971 Adam,
1320 4897 1531 4956 donec
1585 4900 1808 4959 veniat
1857 4907 2123 4988 tempus
2172 4904 2346 4979 quod
2385 4905 2451 4964 in
2485 4906 2893 4980 poenitentia
2942 4908 3224 4969 lavetur.
3261 4908 3537 4981 Quando
3585 4926 3747 4969 vero

724 5116 762 5180 ¹)
791 5115 1009 5172 Baruch
1041 5116 1140 5179 lv,
1171 5121 1260 5180 36;
1294 5118 1364 5181 V,
1396 5122 1446 5173 5.
1484 5151 1545 5158 -
1568 5122 1612 5182 2)
1644 5118 1804 5175 Cant.
1840 5120 1944 5184 ΙΙΙ.
1976 5126 2027 5176 6.
