4036 6117
791 454 877 519 10
1945 477 1998 523 s.
2051 470 2590 524 HILDEGARmS

807 593 977 656 8.1n
1008 592 1332 671 praefatis
1365 600 1590 655 autem
1625 595 1920 655 tenebris
1964 596 2471 656 innumerabilis
2521 595 2717 655 turba
2766 595 3183 671 perditarum
3231 596 3605 657 animarum
3657 588 3814 672 suit,

718 716 890 776 quae
923 717 962 760 a
995 716 1157 761 sono
1194 700 1464 760 illorum
1514 699 1580 759 in
1626 700 1875 760 Austro
1922 701 2306 760 canentium
2353 699 2877 775 declinaverant,
2929 699 3195 777 quando
3245 702 3659 762 consortium
3702 716 3820 762 eo·-

719 819 868 862 rum
900 804 1237 880 nolebant:
1275 820 1563 880 quorum
1595 803 1727 864 dux
1763 803 2079 864 seductor
2110 804 2491 881 appellatus
2522 809 2651 879 est,
2689 805 2847 880 quia
2882 821 3086 881 opera
3119 805 3266 881 ejus
3301 806 3514 866 secuti
3532 801 3577 886 ¹)
3628 811 3815 878 sunt,

718 909 877 984 quia
912 908 1182 970 Christo
1218 924 1609 986 percussuS,
1648 909 1826 969 ultra
1859 909 2223 985 quicquam
2256 925 2388 969 non
2418 908 2652 968 valuit.
2686 908 2768 969 Et
2799 908 2924 970 hae
2951 925 3181 970 omnes
3214 910 3624 971 lamentabili
3649 925 3824 971 voce

601 1090 605 1094 .
709 1012 1116 1088 clamabant,
1152 1012 1474 1073 dicentes:
1529 1032 1561 1071 α
1600 1013 1757 1087 Vae,
1807 1028 1934 1073 vae
1981 1013 2231 1074 noxiali
2278 1018 2347 1073 et
2395 1012 2730 1073 horrendo
2779 1013 2992 1090 operi,
3043 1014 3223 1090 quod
3255 1016 3464 1076 vitam
3499 1014 3693 1092 fugit,
3747 1020 3820 1075 et

718 1132 751 1171 »
789 1113 968 1190 quod
1003 1114 1070 1174 in
1102 1114 1295 1175 nobis
1330 1114 1412 1175 ad
1448 1120 1733 1175 mortem
1766 1114 2074 1176 tetendit!
2120 1134 2153 1173 »

802 1218 867 1279 9.
901 1218 1149 1279 Deinde
1178 1218 1318 1279 vidi
1352 1219 1595 1279 nubem
1628 1219 1714 1279 ab
1746 1220 2075 1296 Aquilone
2106 1219 2510 1295 venientem,
2545 1235 2718 1296 quae
2752 1235 2826 1280 se
2862 1220 2946 1281 ad
2978 1221 3250 1282 easdem
3284 1221 3597 1282 tenebras
3642 1219 3818 1281 dila·-

712 1323 908 1399 tavit,
943 1329 1010 1384 et
1042 1339 1216 1400 quae
1249 1323 1333 1383 ab
1365 1323 1547 1384 omni
1594 1322 1838 1400 gaudio
1871 1329 1939 1383 et
1972 1324 2057 1384 ab
2092 1324 2272 1383 omni
2323 1322 2646 1384 felicitate
2679 1324 2869 1385 arida
2905 1324 3054 1402 fuit,
3104 1327 3264 1403 quia
3297 1327 3503 1387 etiam
3547 1341 3670 1386 nec
3706 1326 3815 1386 sol

716 1428 901 1489 illam
935 1428 1178 1504 tetigit,
1213 1443 1335 1488 nec
1369 1444 1442 1488 se
1476 1428 1574 1487 illi
1607 1426 1920 1488 ostendit.
1957 1429 2113 1505 Ipsa
2146 1434 2372 1487 autem
2405 1428 2853 1504 malignorum
2888 1430 3250 1506 spirituum
3283 1431 3478 1508 plena
3513 1428 3661 1506 fuit,
3689 1429 3816 1508 qui

710 1538 778 1596 in
810 1551 889 1596 ea
923 1535 1048 1596 hac
1080 1541 1146 1596 et
1186 1536 1339 1595 illac
1374 1535 1816 1611 vagabantur,
1850 1540 1916 1594 et
1950 1534 2333 1595 hominibus
2367 1535 2651 1595 insidias
2684 1535 3265 1611 machinabantur,
3319 1552 3398 1596 ac
3445 1537 3560 1613 qui
3608 1549 3809 1613 prae-

714 1638 969 1698 dictum
995 1638 1214 1698 virum
1248 1638 1754 1698 erubescebant.
1781 1638 1861 1698 Et
1887 1637 2114 1697 audivi
2149 1639 2497 1715 antiquum
2524 1645 2905 1715 serpentem
2941 1641 3115 1700 intra
3143 1656 3216 1699 se
3242 1639 3597 1701 dicentem:
3637 1659 3669 1698 α
3701 1638 3816 1700 Vi·-

708 1764 741 1803 »
781 1761 891 1805 res
941 1743 1356 1804 fortitudinis
1404 1759 1592 1803 meae
1640 1743 1721 1803 ad
1769 1743 2274 1820 propugnacula
2320 1743 2779 1821 praeparabo,
2829 1749 2897 1804 et
2944 1751 3179 1804 contra
3230 1745 3539 1804 inimicos
3588 1758 3808 1819 meos,

711 1869 744 1908 »
782 1855 1108 1927 quantum
1138 1865 1439 1926 possum,
1474 1848 1805 1925 pugnabo.
1843 1866 1875 1906 »
1911 1849 1993 1909 Et
2029 1849 2130 1908 sic
2164 1865 2440 1925 spumas
2475 1849 2841 1909 multarum
2877 1848 3455 1908 immunditiarum
3480 1863 3631 1907 cum
3666 1862 3813 1907 om-

708 1957 907 2018 nibus
941 1956 1129 2016 vitiis
1164 1956 1247 2016 ab
1282 1971 1397 2015 ore
1430 1971 1552 2015 suo
1587 1955 1760 2014 inter
1793 1953 2097 2014 homines
2130 1955 2382 2030 emisit,
2434 1970 2513 2014 ac
2545 1952 2906 2030 plurimam
2957 1954 3340 2014 irrisionem
3386 1953 3487 2011 eis
3521 1951 3808 2026 inflavit,

706 2066 775 2122 et
804 2061 991 2121 dixit:
1032 2080 1064 2119 α
1103 2059 1307 2120 Vachl
1353 2060 1505 2120 illos
1539 2060 1654 2136 qui
1687 2075 1808 2136 per
1840 2059 2063 2119 lucida
2097 2075 2302 2137 opera
2336 2075 2410 2119 se
2445 2060 2624 2119 soles
2658 2060 3026 2133 nominant,
3077 2074 3201 2135 ego
3244 2058 3543 2119 noxiales
3575 2063 3643 2117 et
3689 2073 3811 2117 no·-

709 2180 741 2220 »
779 2168 1055 2223 cturnos
1088 2178 1168 2221 ac
1202 2162 1562 2222 horribiles
1600 2163 1666 2221 in
1700 2163 1996 2223 tenebris
2033 2160 2296 2223 faciam.
2329 2180 2361 2220 x·
2399 2162 2480 2222 Et
2515 2161 2931 2222 teterrimam
2966 2161 3279 2221 nebulam
3312 2160 3592 2236 afflavit,
3626 2176 3805 2237 quae

705 2273 916 2329 totam
950 2274 1223 2343 terram,
1260 2266 1445 2327 velut
1477 2266 1885 2342 nigerrimus
1921 2265 2146 2326 fumus
2184 2267 2428 2342 tetigit,
2457 2282 2537 2326 ex
2570 2282 2701 2342 quo
2737 2266 2943 2326 etiam
2977 2266 3306 2327 maximus
3343 2265 3606 2341 rugitus
3634 2265 3810 2326 into·

703 2373 873 2447 nuit,
911 2372 1161 2432 dicens:
1202 2391 1233 2428 α
1270 2371 1508 2430 Nullus
1540 2369 1739 2430 homo
1767 2370 1973 2430 alium
2004 2370 2215 2429 Deum
2247 2369 2505 2446 adoret,
2532 2371 2663 2430 nisi
2693 2386 2895 2447 quem
2927 2371 3110 2430 videt
3133 2376 3202 2431 et
3234 2370 3601 2446 cognoscit.
3628 2370 3803 2443 Quid

711 2492 743 2532 »
779 2479 888 2534 est
918 2473 1069 2549 hoc,
1104 2473 1281 2550 quod
1317 2473 1515 2533 homo
1548 2474 1711 2534 colit
1741 2473 1920 2551 quod
1953 2491 2085 2534 non
2118 2474 2495 2550 cognoscit?
2533 2493 2565 2533 »
2604 2475 2678 2536 In
2709 2474 2942 2534 eadem
2976 2481 3201 2534 autem
3240 2475 3483 2534 nebula
3526 2474 3802 2535 diversa

703 2593 949 2655 genera
983 2579 1304 2640 vitiorum
1339 2562 1924 2653 imaginibus'suis
1956 2577 2117 2639 vidi.
2152 2578 2246 2639 Ex
2277 2580 2524 2656 quibus
2558 2584 2818 2656 septem
2851 2578 2919 2639 in
2953 2579 3129 2639 hunc
3177 2578 3445 2639 modum
3495 2577 3803 2639 conside-

706 2684 957 2745 rabam.

2232 2886 2278 2949 1.

1844 3093 2047 3159 Verba
2093 3101 2336 3158 amoris
2386 3098 2655 3158 saeculi.

791 3301 898 3368 10.
925 3300 1147 3367 Prima
1177 3306 1395 3382 imago
1425 3300 1707 3367 formam
1734 3304 2026 3365 hominis
2051 3310 2119 3365 et
2145 3304 2561 3380 nigredinem
2586 3303 2920 3381 aethiopis
2949 3304 3260 3382 habebat,
3280 3312 3348 3367 et
3372 3307 3549 3368 nuda
3577 3313 3793 3385 stans,

700 3412 996 3473 brachiis
1029 3428 1107 3471 ac
1140 3412 1453 3471 cruribus
1487 3411 1632 3471 suis
1665 3410 1978 3470 arborem
2013 3409 2139 3469 sub
2175 3410 2383 3468 ramis
2416 3408 2564 3484 ejus
2592 3408 3148 3486 circumdederat,
3178 3412 3246 3471 in
3277 3428 3409 3487 qua
3435 3414 3658 3472 omnia
3683 3428 3800 3489 ge-

699 3530 861 3576 nera
894 3515 1190 3575 omniurn
1224 3515 1462 3573 florum
1495 3518 1953 3573 excreverant.
1986 3512 2069 3572 Et
2103 3512 2413 3572 manibus
2447 3511 2591 3571 suis
2625 3512 2824 3572 flores
2859 3512 3011 3572 illos
3044 3513 3125 3572 ad
3162 3529 3235 3574 se
3267 3514 3560 3590 collegit,
3595 3520 3663 3574 et
3694 3515 3799 3576 di-

698 3620 825 3680 xit:
879 3639 911 3678 «
949 3618 1184 3679 Omnia
1232 3632 1436 3692 regna
1468 3616 1694 3675 mundi
1731 3632 1884 3675 cum
1917 3615 2195 3676 floribus
2242 3622 2309 3674 et
2342 3616 2756 3675 ornamentis
2804 3615 2950 3675 suis
2997 3621 3210 3676 teneo.
3259 3617 3340 3677 Et
3386 3633 3596 3693 quare
3643 3634 3795 3677 are-

700 3744 732 3784 »
771 3740 980 3798 scam,
1017 3738 1169 3782 cum
1201 3737 1467 3782 omnem
1496 3720 1911 3781 viriditatem
1946 3720 2262 3781 habeam?
2303 3720 2437 3781 Cur
2467 3721 2664 3797 quasi
2699 3720 2768 3780 in
2798 3721 2993 3781 senili
3028 3727 3246 3783 aetate
3280 3724 3600 3800 viverem,
3635 3740 3795 3785 cum

701 3848 733 3888 »
773 3831 840 3890 in
864 3832 1215 3908 juventute
1248 3830 1556 3891 floream?
1588 3831 1805 3902 Quare
1837 3829 2194 3907 pulchrum
2224 3831 2449 3890 visum
2463 3827 2515 3909 ²)
2554 3820 2902 3891 oculorum
2951 3831 3018 3890 in
3064 3833 3391 3892 coecitate
3438 3832 3795 3896 ducerem?

699 3956 731 3994 »
769 3937 956 4010 Quod
988 3939 1046 3997 si
1082 3937 1207 3997 hoc
1244 3935 1558 4010 facerem,
1594 3936 2089 3996 erubescerem.
2127 3935 2431 4007 Quandiu
2462 3934 3030 4010 pulchritudinem
3063 3935 3263 4014 hujus
3299 3938 3552 3998 saeculi
3586 3937 3795 4000 habe-

703 4059 734 4097 »
776 4056 846 4100 re
880 4046 1140 4118 potero,
1191 4055 1341 4099 eam
1389 4039 1675 4099 libenter
1708 4039 1967 4099 tenebo.
2001 4040 2152 4100 Alia
2182 4040 2324 4099 vita
2358 4039 2522 4098 mihi
2556 4039 2782 4114 ignota
2814 4046 2944 4116 est,
2991 4039 3074 4099 de
3120 4058 3254 4117 qua
3287 4047 3510 4101 tamen
3556 4043 3793 4104 nescio

701 4163 732 4202 »
770 4160 938 4220 quas
975 4143 1423 4204 fabulationes
1457 4142 1675 4203 audio.
1713 4160 1748 4200 n
1786 4142 1967 4215 Quae
1999 4157 2153 4202 cum
2190 4141 2497 4217 dixisset,
2525 4142 2869 4219 praedicta
2903 4142 3104 4203 arbor
3129 4144 3455 4204 radicitus
3479 4144 3682 4221 aruit,
3719 4151 3793 4205 et

698 4244 764 4308 in
794 4247 1175 4324 praedictas
1210 4246 1524 4307 tenebras
1555 4246 1837 4322 corruit,
1874 4261 1953 4307 ac
1984 4245 2221 4306 eadem
2254 4246 2472 4322 imago
2507 4261 2661 4306 cum
2695 4246 2809 4306 illa
2841 4246 3105 4307 cecidit.

2200 4452 2278 4515 11.

1688 4665 2100 4742 Responsum
2148 4663 2390 4724 amoris
2439 4661 2755 4725 coelestis.

782 4873 887 4935 11.
921 4873 1001 4933 Et
1033 4872 1115 4933 de
1148 4872 1452 4949 praefata
1487 4872 1755 4932 turbida
1786 4872 1962 4931 nube
1997 4871 2227 4932 audivi
2273 4886 2510 4931 vocem
2544 4871 2699 4931 huic
2735 4872 3006 4949 imagini
3041 4875 3570 4951 respondentem:
3612 4896 3644 4936 α
3684 4876 3786 4941 Τιι

692 4996 724 5035 »
766 4980 830 5038 in
864 4994 1103 5052 magna
1137 4978 1427 5038 stultitia
1474 4993 1572 5050 eS,
1625 4976 1803 5053 quod
1840 4977 1907 5036 in
1942 4975 2174 5038 favilla
2221 4977 2471 5036 cineris
2505 4978 2715 5036 vitam
2750 4977 2996 5038 habere
3029 4982 3254 5056 cupis,
3301 4997 3425 5040 nec
3457 4984 3667 5043 vitam
3703 4984 3785 5042 il·-

768 5128 810 5192 ι)
838 5133 1045 5184 secutae
1067 5126 1137 5186 A.
1167 5126 1258 5181 W.
2207 5128 2220 5192 1
2281 5128 2328 5193 2)
2357 5130 2553 5183 vitium
2578 5130 2644 5186 Α.
