4036 6117
1731 513 2189 564 Epls'roLAE.
3288 505 3418 565 342³

405 646 488 696 'ne
523 652 668 697 cum
720 620 1043 698 Dominus
1093 640 1322 698 vester
1355 637 1634 713 venerit,
1686 639 2099 699 conscientia
2148 640 2375 699 vestra
2425 639 2697 700 accuset
2746 658 2888 712 νος,
2927 639 3087 719 quia
3140 649 3501 719 praecepta

409 742 616 815 ipsius
665 742 1156 816 destruxeritis»,
1210 743 1522 819 quoniam
1565 744 1622 801 in
1677 749 1914 818 magna
1958 744 2314 803 dilectione
2366 742 2576 804 habiti
2613 747 2803 820 estiS,
2856 763 3004 806 cum
3042 751 3317 822 propter
3363 747 3494 806 cri-

405 848 581 906 mina
614 853 840 907 vestra
877 848 1191 906 innocens
1225 848 1451 922 Agnus
1488 847 1550 905 in
1584 848 1881 907 torcular
1913 849 2136 906 crucis
2170 848 2432 923 positus
2466 852 2589 909 est.

491 950 692 1026 Ergo,
729 968 766 1010 o
803 951 918 1010 filii
954 951 1164 1026 chari,
1203 956 1477 1026 propter
1508 950 2017 1010 dilectissimam
2072 950 2537 1011 formationem
2574 959 2868 1013 vestram
2913 954 3158 1028 audite,
3198 961 3263 1013 et
3300 954 3491 1013 intel-

401 1051 587 1125 ligite
638 1068 760 1111 me.
822 1053 945 1111 Sed
995 1056 1082 1127 et,
1136 1070 1173 1112 o
1225 1055 1442 1126 turba,
1497 1054 1655 1130 quid
1708 1055 1980 1128 insanis,
2042 1071 2213 1130 quae
2263 1071 2382 1131 per
2431 1056 2683 1115 rabiem
2737 1056 2984 1117 furoris
3035 1058 3129 1117 tui
3182 1073 3286 1117 me
3336 1074 3493 1118 con-

407 1155 684 1214 temnis?
717 1156 882 1226 Quid
922 1156 1087 1216 facis
1122 1156 1187 1216 in
1222 1160 1356 1216 tam
1392 1158 1776 1217 criminosis
1810 1158 2206 1217 criminibus
2256 1174 2373 1234 per
2406 1158 2931 1218 destructionem
2966 1160 3213 1234 carnis,
3269 1162 3341 1219 ut
3376 1158 3491 1220 ho-

408 1261 652 1318 minem
706 1260 995 1318 similem
1047 1260 1165 1319 tibi
1217 1259 1520 1320 occidas?
1570 1262 1707 1319 Hoc
1757 1261 2004 1320 malum
2056 1260 2437 1320 aestimatio
2493 1262 2691 1337 primi
2742 1262 2985 1338 perditi
3036 1262 3256 1336 angeli
3309 1263 3491 1321 inve-

403 1364 521 1437 nit,
574 1365 686 1438 qui
742 1379 844 1422 me
893 1363 1243 1423 destruere
1290 1365 1526 1439 voluit;
1580 1365 1692 1423 sed
1732 1364 1858 1422 hoc
1906 1381 2037 1423 non
2082 1365 2302 1440 potuit
2350 1381 2522 1438 esse,
2576 1365 2747 1441 quod
2802 1366 2917 1425 ille
2953 1366 3051 1425 sic
3102 1381 3297 1441 posse
3346 1365 3491 1424 fieri

402 1466 820 1526 aestimabat.
874 1466 998 1525 Sed
1034 1467 1190 1542 quia
1225 1467 1430 1527 Adam
1470 1483 1572 1526 me
1608 1469 1923 1541 cognovit
1956 1473 2024 1527 et
2058 1469 2330 1541 amavit,
2367 1470 2434 1528 et
2467 1473 2821 1544 praecepta
2857 1484 3004 1527 mea
3039 1469 3105 1528 in
3141 1467 3485 1528 voluntate

404 1583 526 1626 sua
559 1569 903 1627 osculatus
939 1576 1064 1639 est,
1112 1585 1188 1628 ea
1224 1570 1435 1629 voluit
1469 1574 1855 1643 observare,
1907 1571 2038 1629 nisi
2073 1571 2248 1646 quod
2281 1570 2599 1629 Diabolus
2647 1586 2799 1629 eum
2837 1571 2914 1629 ad
2970 1571 3487 1630 inobedientiam

405 1674 727 1748 perduxit.
765 1674 914 1732 Ideo
949 1676 1246 1750 oportuit
1281 1680 1351 1733 ut
1387 1675 1572 1734 illum
1607 1674 1688 1733 de
1723 1690 1933 1750 poena
1968 1676 2208 1734 mortis
2243 1675 2622 1749 liberarem,
2659 1675 2973 1752 quoniam
3008 1676 3341 1749 pessimus
3377 1674 3491 1732 de-

403 1784 630 1851 ceptor
663 1792 815 1836 eum
851 1778 1226 1853 deceperat.

488 1880 647 1939 Nam
701 1881 873 1940 idem
909 1881 1229 1941 Diabolus
1281 1883 1346 1941 in
1395 1884 1701 1943 omnibus
1753 1883 1858 1942 his
1893 1883 2148 1942 nullum
2182 1884 2427 1943 bonum
2464 1884 2799 1959 gustavit}
2826 1883 2939 1942 sed
2988 1885 3052 1942 in
3088 1899 3409 1959 perverso
3434 1876 3483 1944 'l

400 1987 547 2046 visu
605 1989 958 2063 superbiae
1015 1988 1096 2046 ad
1154 1989 1547 2064 Aquilonem
1606 1989 1898 2065 aspexit,
1966 1988 2123 2064 quia
2180 1990 2245 2048 in
2302 1990 2613 2049 omnibus
2686 1989 2838 2048 aliis
2904 1989 3229 2048 lateribus
3288 2001 3487 2062 supe-

400 2094 650 2152 riorum
709 2094 1221 2168 dispositionum
1281 2109 1385 2152 me
1442 2095 1739 2153 exterius
1795 2093 2192 2169 inspicienS,
2252 2109 2402 2153 cum
2464 2094 2912 2169 indignatione
2969 2093 3318 2153 dubitabat
3378 2107 3486 2151 me

401 2214 552 2256 esso
600 2199 668 2256 in
716 2198 1061 2273 Aquilone,
1115 2197 1428 2273 quoniam
1481 2197 1570 2257 ibi
1621 2199 2024 2272 potestatem
2076 2213 2291 2257 meam
2327 2199 2521 2273 quasi
2571 2199 2742 2257 alam
2793 2198 2855 2256 in
2908 2197 3172 2256 turbine
3222 2197 3490 2255 obtexe-

402 2316 565 2359 rarn:
606 2300 728 2358 hoc
776 2301 1348 2376 praesignificanS,
1405 2300 1581 2376 quod
1617 2300 1846 2359 eadem
1900 2305 2199 2376 potestas
2249 2317 2394 2360 mea
2430 2301 2660 2361 debuit
2710 2301 2956 2359 malum
3008 2299 3187 2358 istud
3238 2299 3483 2374 dejice-

407 2419 498 2478 re,
550 2403 727 2480 quod
766 2404 874 2462 ille
921 2405 1263 2480 cogitabat
1309 2405 1651 2480 perficere:
1705 2405 1804 2463 sic
1850 2410 1916 2463 et
1955 2404 2126 2463 idem
2163 2405 2228 2464 in
2276 2404 2402 2464 hac
2450 2420 2770 2480 perversa
2821 2405 3163 2463 voluntate
3200 2422 3322 2463 sua
3369 2404 3482 2462 de·

394 2506 612 2580 jectns
647 2509 764 2565 est.
803 2506 982 2565 Tunc
1019 2513 1115 2577 tu,
1152 2524 1190 2567 o
1229 2508 1473 2567 malum
1514 2506 1880 2581 homicidii,
1919 2509 2353 2583 pertinaciter
2386 2505 2786 2580 efferbuisti,
2824 2507 2940 2566 illo
2977 2508 3395 2567 consiliante.

490 2611 652 2668 Cum
686 2610 1003 2670 Diabolus
1049 2611 1380 2671 hominem
1432 2617 1731 2670 creatum
1770 2611 1959 2685 vidit,
2014 2612 2236 2686 coepit
2284 2612 2667 2670 excribrare
2717 2626 2910 2670 omne
2961 2612 3209 2670 malum
3261 2627 3479 2674 suum:

400 2712 649 2771 homini
704 2713 939 2771 blande
992 2710 1505 2773 inobedientiam
1556 2714 1752 2788 quasi
1788 2729 1907 2789 per
1955 2713 2334 2789 opinionem
2377 2715 2739 2789 persuasit,
2792 2714 3107 2788 quoniam
3143 2730 3272 2772 non
3323 2714 3494 2772 vidit

403 2816 466 2873 in
500 2814 615 2875 illo
667 2819 916 2875 tantam
954 2818 1280 2877 malitiam
1331 2824 1648 2893 quantam
1687 2818 1749 2876 in
1789 2833 1880 2877 se:
1935 2818 2110 2877 unde
2158 2817 2377 2893 coepit
2426 2818 2611 2876 illum
2663 2816 2894 2876 dolose
2928 2823 3225 2893 tangere,
3276 2823 3343 2876 ct
3378 2818 3496 2876 du-

398 2933 547 2976 cere
582 2920 774 2994 quasi
814 2920 893 2979 ad
932 2921 1160 2980 utilem
1197 2920 1540 2996 honorem,
1578 2923 1650 2981 ut
1684 2922 1812 2996 ipsi
1848 2922 2279 2980 consentiret.
2316 2921 2396 2981 Et
2432 2922 2531 2979 sic
2564 2920 2761 2979 homo
2808 2923 3149 2981 consensit
3197 2921 3495 2981 DiabolO.

398 3024 577 3083 Tunc
627 3023 944 3086 Diabolus
993 3027 1269 3102 gavisus
1313 3032 1415 3086 est
1465 3027 1527 3085 in
1589 3027 1994 3101 semetips0,
2034 3025 2209 3102 quod
2263 3024 2597 3085 hominem
2649 3032 3118 3103 superaverat,
3170 3027 3327 3103 quia
3379 3026 3495 3085 ho-

402 3144 507 3186 mo
544 3128 699 3189 fecit
733 3130 908 3206 quod
946 3131 1054 3189 ille
1090 3132 1320 3191 voluit.
1356 3130 1479 3189 Sed
1526 3132 1589 3190 in
1625 3131 1889 3189 homine
1928 3136 2183 3189 tanturn
2222 3131 2469 3189 malum
2521 3146 2647 3189 non
2682 3136 2828 3189 erat
2862 3135 3184 3205 quantum
3238 3130 3301 3188 in
3337 3130 3486 3188 Dia-

400 3231 571 3305 bolO,
623 3236 937 3309 quoniam
969 3234 1290 3294 Diabolus
1337 3234 1471 3292 Deo
1510 3235 1772 3303 invidit,
1821 3242 1889 3293 et
1921 3251 2075 3293 eum
2108 3235 2459 3293 destruere
2507 3235 2743 3305 voluit,
2797 3239 2863 3292 et
2897 3234 3080 3292 nullo
3129 3234 3487 3293 consilian-

401 3336 487 3408 te,
525 3336 773 3394 malum
811 3337 1117 3413 incoepit.
1149 3338 1358 3398 Homo
1395 3344 1618 3396 autem
1652 3344 2084 3413 praeceptum
2110 3337 2225 3395 Dei
2263 3335 2543 3407 audivit,
2582 3335 2695 3395 sed
2732 3341 2991 3395 tantum
3019 3337 3264 3395 similis
3299 3331 3498 3420 [Deo]

398 3456 548 3499 esse
583 3443 986 3518 concupivit,
1022 3446 1088 3502 et
1124 3443 1346 3502 fallaci
1379 3442 1732 3517 deceptore
1766 3441 2185 3514 consiliante,
2222 3440 2355 3500 Deo
2390 3457 2517 3500 non
2553 3439 2868 3499 obedivit.

489 3546 725 3605 Postea
759 3546 993 3606 videns
1040 3547 1358 3608 Diabolus
1407 3547 1732 3621 originale
1780 3546 2027 3605 bonum
2058 3543 2109 3621 ²)
2160 3544 2335 3620 quod
2373 3545 2438 3603 in
2472 3545 2632 3604 Abel
2684 3544 2845 3603 oriri
2883 3544 3125 3619 coepit,
3156 3546 3270 3620 qui
3308 3546 3493 3604 boni-

399 3656 604 3713 tatem
638 3667 848 3711 meam
886 3652 950 3710 in
998 3654 1313 3726 operibus
1363 3653 1504 3711 suis
1538 3652 1858 3727 gustavit,
1912 3652 2161 3709 acriter
2194 3651 2260 3709 in
2294 3651 2657 3725 semetipso
2708 3650 3076 3724 infremuit,
3130 3654 3197 3711 et
3236 3652 3494 3711 homini

397 3757 827 3816 homicidium
870 3757 1228 3832 persuasit,
1262 3750 1312 3833 ³)
1352 3759 1420 3816 ut
1457 3756 1652 3814 homo
1709 3755 2043 3814 hominem
2076 3755 2472 3828 destrueret,
2525 3755 2702 3815 sicut
2726 3756 2793 3814 et
2828 3754 2939 3813 ille
2989 3770 3091 3814 me
3133 3753 3485 3814 destruere

405 3864 638 3937 voluit,
678 3863 853 3938 quod
888 3878 1041 3921 esse
1088 3878 1214 3921 non
1248 3863 1489 3938 potuit,
1541 3862 1700 3936 quia
1737 3859 2197 3919 fortitudinem
2246 3876 2462 3920 meam
2499 3861 2722 3920 nullus
2770 3876 3090 3936 superare
3125 3864 3368 3936 potest.
3421 3862 3499 3921 Et

411 3969 523 4041 ita,
584 3968 904 4028 suadente
951 3966 1252 4041 DiabolO,
1316 3966 1491 4026 facto
1551 3965 1935 4039 homicidio,
1985 3964 2305 4025 Diabolus
2363 3966 2640 4040 gavisus
2692 3965 2754 4023 in
2805 3964 3166 4039 semetipso
3206 3964 3490 4023 dicebat:

489 4071 726 4132 Wach!
777 4070 1111 4130 hominem
1147 4069 1228 4128 de
1262 4068 1579 4127 Paradiso
1618 4084 1762 4127 mea
1802 4068 2188 4127 fortitudine
2221 4068 2408 4143 ejeci.
2444 4066 2682 4125 Wachl
2725 4066 2926 4125 etiam
2964 4080 3137 4124 nunc
3165 4063 3499 4124 hominem

404 4177 465 4235 in
517 4182 697 4236 terra
748 4176 908 4234 mihi
958 4174 1176 4233 denuo
1229 4173 1486 4231 servire
1539 4171 1732 4230 facio,
1785 4172 1948 4230 Nam
2002 4173 2520 4231 instrumentum
2559 4170 2885 4229 Altissimi
2938 4169 3021 4228 ab
3069 4170 3203 4227 alio
3254 4169 3502 4227 instru-

400 4291 618 4343 mento
654 4282 782 4341 sibi
834 4280 1037 4339 simili
1078 4280 1140 4338 in
1191 4277 1552 4337 homicidio
1600 4278 1952 4337 dividitur.
2005 4277 2139 4350 Ego
2179 4275 2355 4334 enim
2394 4276 2817 4335 Altissimum
2856 4290 3175 4349 superare
3225 4291 3349 4333 non
3386 4290 3501 4333 va-

399 4390 513 4462 lui,
550 4388 861 4462 quoniam
897 4400 1019 4445 nec
1052 4385 1397 4456 verticem,
1450 4398 1571 4441 nec
1607 4381 2141 4457 postremitatem
2195 4381 2257 4439 in
2293 4396 2371 4439 eo
2407 4380 2566 4450 vidi,
2621 4378 2736 4437 sed
2777 4394 2950 4438 nunc
2986 4378 3197 4438 habeo
3250 4379 3495 4438 instru-

403 4498 620 4550 menta
658 4490 862 4561 illius,
913 4503 1082 4563 quae
1117 4501 1380 4546 omnem
1429 4487 1837 4545 voluntatem
1892 4499 2110 4542 meam
2147 4482 2420 4555 faciunt,
2475 4489 2609 4539 tam
2647 4496 2719 4539 se
2767 4482 3050 4540 invicem
3100 4481 3485 4553 occidend0‚

395 4611 594 4671 quarn
645 4576 1047 4670 persiciendo
1081 4606 1345 4651 omnem
1397 4592 1723 4666 reliquam
1758 4588 2263 4665 persuasionem
2320 4601 2553 4645 meam.
2608 4584 2659 4644 O
2694 4602 2897 4661 quam
2948 4599 3253 4659 magnam
3294 4592 3478 4659 pote-

397 4702 640 4759 statem
692 4699 756 4757 in
807 4697 954 4755 istis
1005 4696 1239 4756 habeo!
1295 4696 1452 4771 quia
1502 4694 1678 4771 quod
1727 4710 1850 4769 ego
1903 4693 1964 4752 in
2016 4690 2369 4751 altitudine
2418 4690 2589 4749 coeli
2645 4688 2868 4748 facere
2920 4704 3052 4747 non
3103 4690 3314 4765 potui,
3371 4688 3495 4747 hoc

397 4807 704 4862 creatura
743 4800 874 4859 ista
912 4800 978 4857 in
1026 4799 1156 4857 alia
1192 4799 1320 4858 sibi
1358 4799 1587 4871 simili,
1639 4813 1744 4857 me
1796 4796 2177 4871 instigante,
2220 4793 2399 4853 facit.
2450 4793 2530 4852 Et
2565 4793 2720 4869 plus
2772 4798 3094 4868 operatur
3143 4808 3341 4867 quam
3377 4806 3499 4866 ego

399 4912 712 4981 operatus
749 4921 920 4978 sum,
974 4905 1288 4980 quoniam
1325 4903 1502 4979 quod
1550 4919 1673 4978 ego
1707 4902 1912 4973 volui,
1965 4906 2033 4958 et
2064 4916 2194 4958 non
2229 4899 2440 4975 potui,
2495 4897 2619 4957 hoc
2660 4898 2791 4957 ista
2849 4896 3030 4967 facit,
3086 4911 3238 4954 cum
3289 4895 3502 4954 altera

477 5106 596 5167 'lin
614 5126 919 5180 perversum
937 5107 1028 5161 W.
1057 5107 1351 5177 Respicere
1382 5107 1602 5161 videtur
1627 5106 1897 5161 visionem
1994 5121 2145 5165 num,
2177 5104 2261 5157 vel
2285 5105 2504 5163 donum.
2528 5101 2624 5163 W,
2654 5100 2790 5154 adeo
2820 5098 3003 5171 prima
3045 5098 3233 5153 littera
3274 5095 3501 5167 compli.

404 5194 542 5259 alibi
574 5195 750 5264 magis
778 5210 947 5265 quam
980 5193 1036 5248 in
1065 5193 1169 5248 hoc
1199 5194 1319 5248 loco
1353 5193 1604 5247 relatam.
1639 5223 1701 5231 —-
1727 5194 1773 5256 2)
1816 5192 1904 5246 bo-
1994 5198 2174 5247 catur.
2209 5224 2272 5231 --
2301 5191 2343 5256 ³)
2370 5191 2677 5263 persuadit,
2720 5188 2800 5242 sic
2840 5187 2928 5241 W.
