4036 6117
1280 896 2401 1024 PROOEMIUM

1800 1428 1856 1498 I.

370 1712 681 1784 Sanctae
716 1718 787 1783 et
819 1734 1133 1783 summae
1165 1709 1621 1804 Hildegardis
1654 1709 1937 1781 tandem
1976 1709 2316 1781 habemus
2362 1708 2714 1803 integrum
2767 1730 2961 1802 opus,
3019 1705 3089 1775 in
3130 1714 3270 1776 tres
3309 1704 3389 1774 li-

272 1838 441 1911 bros
498 1839 848 1927 divisum,
902 1838 1025 1934 qui
1078 1839 1169 1910 ab
1222 1838 1375 1934 ipsa
1428 1838 1594 1909 dicti
1662 1845 1826 1908 sunt
1876 1838 2139 1909 Scivias
2189 1861 2402 1928 unus,
2460 1837 2643 1908 alter
2707 1835 2898 1908 Vitae
2956 1836 3382 1922 meritorum,

273 1966 534 2039 tertius
565 1967 974 2040 Divinorum
1008 1989 1302 2058 operum,
1340 1988 1636 2060 quorum
1673 1964 1940 2037 medius
1973 1988 2163 2037 nunc
2198 1964 2499 2061 primam
2534 1965 2606 2036 in
2643 1966 2866 2036 lucem
2906 1965 3161 2035 editur.

373 2100 486 2170 Ac
520 2097 762 2171 mirari
797 2097 984 2169 subit
1018 2120 1142 2168 cur
1179 2096 1353 2168 adeo
1388 2095 1590 2167 tardo
1625 2094 1983 2167 molimine
2017 2096 2089 2167 in
2128 2096 2430 2167 medium
2470 2095 2807 2191 prodierit
2841 2094 3023 2166 tanti
3060 2093 3386 2184 nominiS,

274 2234 565 2320 tamque
599 2224 917 2297 diuturni
954 2222 1213 2295 laboris
1247 2221 1374 2292 illa
1408 2244 1622 2316 quam
1655 2222 1885 2294 dicere
1919 2223 2029 2294 fas
2064 2231 2168 2295 est
2209 2225 2576 2315 Triloqiam
2619 2221 2952 2294 fatidicae
3002 2222 3208 2331 yatiS,
3263 2247 3388 2317 per

280 2362 461 2427 totos
493 2355 884 2452 stupendae
917 2353 1109 2424 vitae
1160 2374 1385 2423 annos
1417 2351 1874 2445 elaboratam,
1930 2353 2220 2425 summis
2271 2353 2444 2425 viris
2479 2377 2562 2425 ac
2597 2352 2810 2448 primi
2858 2351 3171 2424 subsellii
3227 2378 3385 2448 pro-

284 2482 514 2554 batam
554 2483 928 2578 magistri8‚
984 2489 1210 2554 ortam
1265 2481 1338 2552 in
1372 2480 1652 2553 saeculo
1703 2482 2076 2577 grandium
2114 2507 2402 2580 operum
2438 2492 2505 2556 et
2542 2483 2983 2578 ingeniorum
3034 2482 3382 2555 feracissi-

274 2634 407 2701 mo,
445 2611 660 2684 immo
695 2611 950 2708 plausu
983 2618 1351 2706 exceptam
1389 2610 1791 2706 apostolico.

368 2738 602 2811 Obvia
637 2747 787 2812 erat
818 2740 891 2811 in
927 2739 1229 2835 publicis
1278 2739 1723 2811 bibliothecis
1758 2740 1969 2812 series
2002 2742 2215 2813 trium
2252 2741 2591 2815 librorum
2630 2741 3104 2836 integerrima.
3162 2742 3378 2813 Haud

278 2894 572 2964 magnae
608 2870 811 2942 molis
845 2869 1206 2941 volumina
1242 2876 1466 2959 erant,
1504 2892 1645 2940 non
1679 2869 1888 2940 seme]
1929 2869 2002 2941 in
2037 2894 2258 2941 unum
2310 2879 2575 2943 tomum
2606 2877 2868 2961 coacta,
2898 2893 3109 2966 saepe
3162 2870 3386 2940 eidem

275 2997 535 3070 inserta
566 2998 790 3071 codici
824 3022 915 3071 ex
951 3022 1090 3095 quo
1123 2997 1385 3095 scripta
1423 2997 1713 3069 minoris
1747 2998 2084 3072 momenti
2135 2999 2508 3096 diligenter
2555 3007 2845 3096 accepta
2880 3008 3065 3073 sunt.
3103 2999 3382 3072 Nihilo-

274 3127 502 3198 minus
528 3128 680 3223 jam
715 3153 758 3200 a
792 3129 1113 3224 plurimis
1165 3128 1403 3200 lustris
1454 3127 1824 3201 fervebant
1875 3129 2121 3225 praela
2156 3137 2518 3226 typorum,
2572 3130 2823 3227 opellis
2875 3131 3081 3203 toties
3125 3130 3380 3201 redun-

276 3259 540 3350 dantia,
594 3285 810 3355 quum
865 3285 1052 3333 anno
1094 3263 1301 3349 1513,
1345 3285 1506 3357 pars
1536 3262 1767 3358 prima
1816 3286 1937 3334 seu
1970 3263 2230 3336 Scim'as
2273 3262 2509 3352 (aliter
2552 3265 2710 3336 scito
2745 3264 2889 3334 vias
2921 3262 3235 3353 Domini)
3292 3246 3384 3331 ab

274 3386 720 3462 incunabulis
754 3390 1131 3463 oriebatur.
1186 3390 1486 3463 Saecula
1538 3414 1745 3486 porro
1781 3398 1936 3487 post
1975 3392 2113 3464 duo
2149 3399 2217 3464 et
2251 3392 2434 3488 quod
2471 3391 2804 3481 excurrit,
2861 3413 2924 3461 a.
2970 3391 3177 3478 1761,
3237 3389 3374 3459 Do-

277 3517 528 3589 minico
567 3517 796 3590 Mansi
831 3520 1241 3591 occurrebat
1276 3519 1527 3590 ultima
1564 3542 1728 3613 pars
1759 3519 2171 3593 Divinarum
2204 3543 2498 3612 operum,
2555 3543 2765 3615 quam
2806 3520 2874 3590 in
2923 3519 3202 3591 Baluzii
3245 3518 3408 3589 Mi-
3500 3608 3517 3627 .

270 3645 615 3717 scellanea
652 3647 966 3718 inseruit.
1021 3646 1450 3718 Intermedia
1491 3671 1651 3741 pars
1691 3647 2011 3742 neglecta
2040 3648 2347 3743 jacebat3
2403 3648 2649 3719 hiabat
2683 3647 2932 3718 misere
2965 3646 3219 3718 mutila
3272 3647 3378 3715 in-

269 3796 441 3865 gens
476 3773 763 3861 fabrica,
819 3774 889 3845 in
945 3775 1099 3871 ipsa
1149 3799 1487 3870 compage
1541 3776 1938 3872 interrupta
1990 3784 2060 3848 et
2113 3777 2455 3872 pendenS,
2505 3777 2724 3848 donec
2777 3776 3155 3848 adderetur
3203 3776 3382 3847 liber

278 3901 475 3973 Vitae
505 3906 911 3994 meritorum,
953 3904 1070 3998 qui
1112 3928 1299 3975 nunc
1334 3904 1704 4000 profertur,
1743 3906 2037 3977 caeteris
2070 3906 2365 3978 fortasse
2399 3906 2890 4002 praestantior.

362 4028 627 4126 Elapso
682 4031 870 4103 enim
922 4032 1145 4105 altero
1181 4032 1481 4119 saecum,
1537 4040 1703 4103 ante
1754 4033 1881 4104 hos
1931 4033 2410 4129 quadraginta
2444 4058 2688 4122 annoe,
2737 4032 2906 4104 mihi
2963 4032 3096 4104 iter
3147 4031 3384 4124 Belgi-

267 4175 437 4224 cnm
486 4157 744 4250 agenti,
806 4165 876 4229 et
925 4153 1252 4229 invisenti
1309 4157 1552 4229 ruinas
1603 4156 2086 4231 Termundum
2120 4159 2504 4232 translatas
2552 4159 2897 4253 superbae
2948 4157 3116 4228 olim
3169 4157 3386 4228 abba·

262 4284 417 4355 tiae
468 4285 1081 4380 Afflighemiensis,
1120 4286 1285 4357 dum
1321 4309 1603 4382 sparsas
1654 4285 1839 4359 inter
1891 4288 2041 4383 ejus
2092 4288 2538 4360 membranas
2589 4294 2659 4359 et
2710 4285 3025 4382 direptas
3077 4285 3379 4370 tabulaS,

266 4412 470 4483 hand
494 4415 640 4486 sine
669 4437 1000 4501 moerore,
1040 4414 1439 4505 rusticarer,
1476 4414 1839 4509 insperata
1881 4416 2168 4488 fortuna
2201 4416 2357 4508 fuit,
2415 4415 2722 4487 incidere
2764 4415 2835 4485 in
2891 4413 3233 4510 optimum
3272 4437 3385 4486 co-

261 4544 521 4636 dicem,
573 4554 863 4618 sanctae
896 4544 1354 4640 Hildegardis
1406 4568 1581 4616 aevo
1635 4543 1780 4617 fere
1833 4547 2225 4642 aequalem,
2281 4547 2403 4642 qui
2455 4554 2602 4617 tum
2668 4544 2860 4617 Vitae
2911 4544 3170 4628 merita,
3230 4551 3381 4613 tum

260 4674 552 4745 Cantica
582 4674 769 4747 notis
815 4675 1098 4747 musicis
1148 4681 1401 4745 ornata
1453 4675 1879 4747 continebat.
1935 4677 2255 4748 Favente
2306 4676 2605 4748 fratrum
2659 4674 3078 4770 optimorum
3128 4671 3379 4742 huma-

253 4802 517 4893 nitate,
568 4803 791 4875 codex
826 4802 1173 4875 Solesmos
1205 4826 1425 4897 usque
1462 4802 1805 4898 exulavit,
1844 4805 2132 4900 ejusque
2168 4804 2681 4902 apographum,
2719 4801 3098 4895 diligenter
3140 4793 3388 4871 rescri-

256 4939 483 5026 ptum
513 4940 578 5003 et
603 4932 960 5027 collatum,
997 4940 1156 5028 post
1191 4956 1536 5004 annorum
1580 4939 1735 5004 octo
1774 4932 2015 5025 lustra,
2057 4932 2289 5004 adhuc
2325 4933 2393 5003 in
2432 4930 2706 5002 schedis
2741 4930 2912 5001 mois
2945 4915 3383 5024 sepeliretur,

251 5059 401 5130 nisi
468 5062 785 5132 tenebras
837 5060 1140 5155 rupisset
1190 5058 1575 5131 saecularis
1626 5059 1994 5152 festivitaS,
2045 5085 2279 5157 *nuper
2331 5059 2612 5131 nomine
2664 5057 2889 5129 sancti
2927 5055 3392 5127 patriarchae

254 5188 634 5260 Benedicti
691 5192 760 5262 in
814 5193 982 5264 orbe
1019 5193 1402 5264 monastico
1440 5193 1817 5264 celebrata.

402 5335 774 5408 Ammon
829 5338 909 5410 T.
970 5339 1157 5410 VIII
1220 5342 1247 5409 l
