4036 6117
1334 526 1572 573 mmm
1626 525 1827 571 v1’rAE
1881 521 2348 569 MERrroRUM
3235 504 3318 561 53

290 656 550 724 verunt,
603 649 662 709 si
712 647 1052 708 cruciatus
1099 662 1335 707 eorum
1381 644 1873 717 abhorruerint,
1928 641 2239 701 studeant
2292 644 2361 698 ut
2411 638 2673 713 seipsos
2715 652 2837 712 pro
2871 635 3127 694 eisdem
3160 649 3390 692 exces-

294 755 479 814 sibus
530 754 705 829 suiS,
756 753 914 811 dum
963 751 1180 811 adhuc
1215 751 1281 809 in
1316 750 1585 809 saeculo
1620 749 1877 821 vivunt,
1915 746 2215 822 puniant,
2254 759 2336 802 nc
2367 741 2739 801 deteriores
2773 756 3023 816 poenas
3059 740 3125 797 in
3161 737 3386 797 futuro

289 859 686 917 sustineant.
726 857 847 929 Qui
883 856 1059 915 enim
1096 855 1265 913 iram
1302 854 1362 913 in
1398 853 1550 912 odio
1585 858 1653 911 et
1687 852 1752 911 in
1787 848 2268 910 consuetudine
2306 847 2436 905 sibi
2470 845 2889 922 praeferunt,
2942 843 3000 901 si
3042 840 3387 918 praefatos

284 962 616 1035 malignos
671 960 976 1037 spirituS,
1034 959 1204 1018 iram
1239 958 1370 1016 sibi
1406 961 1863 1032 suggerenteS,
1915 952 1997 1012 de
2033 969 2104 1012 se
2153 951 2499 1027 repellere,
2535 954 2602 1007 et
2635 964 2885 1024 poenas
2918 946 3068 1022 ejus
3098 943 3385 1006 evadere

284 1065 688 1140 studuerint,
732 1065 954 1124 cilicio
990 1069 1055 1122 et
1086 1062 1484 1123 verberibus
1520 1076 1592 1119 se
1627 1058 1950 1133 affligant,
1987 1072 2067 1116 ac
2099 1056 2292 1132 plena
2321 1053 2574 1130 jejunia
2609 1052 2955 1127 arripiant.

1742 1265 1923 1326 CVII.

1455 1480 1548 1539 De
1590 1477 2007 1554 poenitentia
2050 1477 2212 1534 irae.

362 1685 520 1747 125.
555 1686 623 1746 Si
655 1702 818 1747 vero
856 1687 1025 1746 iram
1059 1686 1312 1762 absque
1349 1687 1522 1746 malo
1557 1686 1710 1745 odio
1746 1686 1814 1745 in
1847 1700 1921 1744 se
1955 1683 2432 1754 accenderunt,
2469 1687 2536 1741 et
2571 1679 2695 1739 hoc
2728 1676 3069 1750 corrigere
3115 1672 3371 1742 volunt,

276 1791 575 1850 cilicium
624 1797 692 1851 et
740 1791 1002 1865 flagella
1052 1792 1195 1850 sive
1238 1790 1491 1866 jejunia
1541 1788 1905 1849 secundum
1956 1788 2225 1847 modum
2273 1785 2589 1862 ponderis
2637 1780 3023 1843 eorumdem
3070 1778 3378 1852 peccato-

274 1911 419 1953 rum
454 1896 590 1955 sibi
630 1897 1001 1973 imponant,
1038 1901 1105 1955 et
1139 1894 1506 1955 secundum
1539 1894 1808 1955 modum
1842 1909 2042 1970 quem
2075 1892 2158 1952 ab
2193 1891 2571 1951 animarum
2607 1904 2885 1949 suarum
2919 1888 3180 1946 rectore
3227 1892 3381 1955 per-

282 2000 605 2075 ceperint.

1717 2208 1932 2269 CVIII.

1412 2418 1526 2477 Ira
1566 2420 1933 2496 pessimum
1979 2419 2238 2476 vitium.

353 2620 509 2684 126.
562 2624 671 2684 Ira
718 2624 895 2686 enim
944 2625 1315 2702 pessimum
1361 2627 1603 2686 vitium
1652 2632 1779 2702 est,
1831 2631 1898 2686 et
1945 2625 2142 2702 quasi
2191 2640 2309 2684 cor
2338 2622 2601 2684 Diaboli
2635 2628 2763 2698 est,
2808 2626 2876 2682 et
2912 2619 3268 2698 aliquando
3306 2617 3372 2679 in

272 2741 631 2788 cavernam
666 2729 926 2789 colubri
958 2744 1031 2788 se
1065 2730 1445 2806 abscondit,
1481 2738 1550 2791 et
1582 2733 1649 2791 in
1684 2731 2166 2791 consuetudine
2202 2730 2531 2788 minarum
2566 2743 2842 2788 suarum
2890 2726 3227 2786 hominem
3277 2724 3373 2782 in-

269 2832 468 2906 vadit,
513 2831 631 2890 ubi
666 2848 939 2892 sensum
975 2850 1171 2893 suum
1204 2835 1449 2910 perdit,
1486 2841 1552 2895 et
1586 2835 2119 2895 benedictionem
2152 2834 2459 2894 Abrahae
2496 2830 2689 2907 fugit,
2725 2832 2839 2906 qui
2876 2831 2943 2890 in
2973 2828 3372 2890 benevolen-

268 2937 390 2995 tiae
424 2936 747 2995 omnibus
780 2939 1161 3013 praeceptis
1193 2938 1310 2998 Dei
1346 2939 1677 3014 obedivit,
1715 2946 2124 3016 quapropter
2157 2938 2444 3014 plurima
2480 2952 2642 3011 gens
2679 2935 2745 2995 in
2786 2933 3248 2995 benedictione
3284 2930 3371 2991 ab

266 3056 337 3101 eo
382 3040 749 3117 processit.
785 3041 1154 3103 Iracundus
1202 3045 1380 3105 enim
1412 3045 1612 3105 homo
1650 3061 1843 3105 omne
1875 3045 2256 3104 virtuosum
2288 3058 2570 3120 granum
2601 3036 2648 3121 ¹)
2685 3040 3004 3116 corrodit,
3039 3044 3108 3100 et
3143 3036 3369 3100 omnia

271 3144 721 3218 germinantia
756 3146 1039 3223 mordet,
1078 3164 1157 3207 ac
1189 3150 1566 3208 contumaci
1620 3148 1752 3208 furi
1800 3150 2045 3209 similis
2080 3154 2207 3223 est,
2258 3155 2326 3207 et
2376 3153 2651 3224 propter
2697 3147 2919 3206 omnia
2967 3145 3140 3205 dona
3172 3141 3369 3218 digiti

264 3247 372 3307 Dei
406 3250 479 3308 in
516 3247 852 3308 hominem
887 3250 1165 3311 frendet.
1202 3252 1338 3311 Iste
1371 3253 1549 3312 enirn
1583 3252 1722 3312 iras
1755 3258 1824 3312 et
1856 3254 2036 3327 liteS‚
2072 3253 2187 3313 ubi
2217 3250 2269 3331 ²)
2306 3252 2577 3328 poterit,
2617 3251 2949 3325 imitatur,
2988 3254 3055 3308 et
3087 3264 3220 3307 non
3255 3262 3362 3305 so-

267 3353 394 3412 lum
442 3353 517 3412 in
551 3354 837 3430 incestu,
874 3354 993 3414 sed
1029 3356 1095 3414 in
1128 3357 1308 3416 omni
1342 3357 1920 3433 praevaricatione
1953 3358 2123 3431 legis
2156 3356 2274 3417 Dei
2309 3357 2686 3432 portionem
2721 3370 2914 3414 suam
2947 3353 3154 3430 ponit.
3191 3349 3360 3410 Nam

270 3455 360 3516 ira
391 3457 606 3516 draco
642 3457 753 3517 ille
785 3464 914 3532 est,
950 3460 1064 3535 qui
1103 3461 1326 3520 omnia
1359 3463 1715 3536 comburit,
1752 3478 2177 3538 quocumque
2208 3461 2416 3535 vadit3
2450 3466 2518 3520 et
2554 3460 2661 3520 sur
2703 3460 2815 3519 ille
2841 3464 2967 3534 est,
2997 3457 3113 3534 qui
3140 3455 3366 3515 omnia

270 3558 552 3634 furatur,
590 3565 657 3620 et
704 3562 881 3637 rapit
928 3579 1391 3641 quaecumque
1435 3565 1646 3626 furari
1678 3573 1745 3626 et
1780 3582 2015 3642 rapere
2050 3567 2314 3643 poterit.
2350 3565 2424 3625 In
2459 3566 2558 3625 ira
2590 3564 2769 3624 enim
2803 3562 3072 3639 sapiens
3109 3562 3176 3621 in
3209 3559 3370 3620 insi-

266 3663 510 3738 pientia
567 3664 843 3739 insanit,
894 3672 962 3725 et
994 3668 1258 3743 patiens
1291 3669 1359 3728 in
1393 3669 1809 3746 impatientia
1842 3670 2204 3745 contendit,
2242 3687 2320 3730 ac
2354 3670 2739 3730 moderatus
2774 3669 2841 3727 in
2867 3663 3364 3727 immoderatio-

267 3782 341 3825 ne
385 3767 600 3828 vadit.
652 3768 759 3828 Ira
806 3786 1073 3847 quoque
1123 3773 1499 3832 amaritudo
1551 3775 1665 3834 illa
1712 3781 1840 3851 est,
1891 3791 2063 3851 quae
2111 3776 2481 3836 bonitatem
2528 3780 2595 3833 et
2644 3773 3050 3833 suavitatem
3098 3772 3166 3831 in
3213 3771 3361 3844 lege

267 3875 327 3927 et
358 3871 422 3929 in
451 3873 840 3948 praeceptis
874 3872 992 3933 Dei
1039 3876 1311 3950 evomit;
1346 3882 1414 3936 ct
1448 3876 1782 3937 homicida
1832 3879 1944 3939 ille
1976 3886 2104 3953 est,
2139 3872 2189 3958 ⁸)
2225 3879 2341 3956 qui
2374 3895 2619 3954 corpus
2653 3884 2721 3937 et
2768 3877 3061 3936 animam
3093 3873 3358 3949 dividit,

264 3989 375 4033 nec
419 3990 546 4035 eos
596 3976 798 4036 simul
844 3993 998 4037 esse
1044 3980 1318 4054 patitur.
1371 3980 1524 4057 Ipsa
1572 3983 1779 4042 etiam
1828 3983 1992 4043 illud
2040 3983 2283 4043 durum
2332 3990 2399 4042 et
2465 3982 2892 4059 importabile
2942 3996 3178 4040 saxum
3224 3985 3353 4054 est,

267 4079 433 4154 quod
481 4096 685 4139 omne
733 4081 978 4141 bonum
1025 4089 1093 4142 et
1138 4100 1403 4145 ornnem
1444 4085 1781 4160 ⁴iustitiam
1837 4092 2183 4148 conterere
2243 4087 2605 4163 contendit3
2658 4086 2829 4146 unde
2877 4092 2944 4146 et
2986 4087 3053 4145 in
3102 4083 3361 4145 inferno

265 4183 475 4256 portio
510 4183 663 4258 ejus
697 4189 823 4258 est,
874 4187 1190 4261 quoniam
1224 4189 1544 4249 coelestia
1591 4205 2014 4252 commovere
2062 4191 2421 4252 desiderat.
2457 4191 2640 4252 Unde
2686 4206 2894 4267 quum
2921 4185 2970 4269 ⁴)
3023 4189 3361 4249 hominem

265 4287 705 4361 superaverit,
764 4304 918 4348 eum
973 4296 1161 4350 extra
1218 4308 1291 4351 se
1338 4291 1552 4390 ducit,
1605 4310 1682 4353 ac
1732 4295 1798 4354 in
1846 4300 2104 4356 tantam
2151 4297 2512 4355 amentiam
2559 4295 2826 4369 evertit,
2877 4294 3055 4371 quod
3103 4308 3226 4352 nec
3274 4291 3356 4351 de

267 4390 572 4462 terrenis,
610 4405 731 4448 nec
765 4390 845 4450 de
880 4393 1287 4454 coelestibus
1337 4397 1611 4471 cogitat,
1665 4414 1815 4457 cum
1865 4399 2054 4458 illum
2104 4400 2218 4475 qui
2267 4398 2349 4458 ad
2401 4399 2758 4474 imaginem
2802 4397 2921 4457 Dei
2960 4398 3177 4458 factus
3226 4403 3353 4469 est,

267 4493 526 4552 omnino
561 4496 850 4555 conterit
900 4501 967 4556 et
1000 4497 1310 4574 dissipat,
1363 4500 1542 4576 quod
1590 4501 1780 4560 nefas
1829 4503 2174 4562 cruciatus
2209 4503 2538 4563 maximos
2587 4503 2718 4563 sibi
2752 4502 3152 4563 accumulat.
3188 4500 3359 4570 Qua-

266 4603 536 4673 propter
585 4597 891 4659 homines
943 4601 1009 4660 in
1058 4603 1532 4680 qualicumque
1580 4605 1939 4666 homicidio
1986 4607 2568 4682 praevaricatores
2610 4607 2917 4682 justitiae
2966 4607 3356 4677 existenteS,

268 4714 546 4776 corpora
578 4718 726 4774 sua,
764 4704 1009 4778 quibus
1059 4705 1224 4765 haec
1272 4709 1602 4768 acerrima
1652 4710 1918 4784 piacula
1965 4712 2485 4788 commiserunt,
2551 4711 2721 4772 diris
2777 4709 3193 4772 cruciatibus
3238 4723 3358 4784 pu-

264 4805 459 4880 niant,
514 4810 849 4882 quatenus
885 4811 1142 4869 animos
1192 4828 1351 4871 suos
1386 4831 1424 4871 a
1472 4813 1838 4888 praedictis
1871 4816 2107 4891 poenis
2155 4816 2463 4892 eripiant.

336 5004 377 5071 ¹)
400 5023 629 5079 arama·
651 5007 722 5065 A·
747 5040 815 5051 —
840 5011 887 5079 ²)
906 5012 1227 5086 ubicumque
1243 5015 1311 5070 A.
1341 5046 1411 5057 -
1430 5014 1475 5084 ³)
1501 5015 1774 5074 homicida
1799 5016 1905 5074 ma
1925 5018 2022 5076 me
2039 5018 2220 5075 estw.
2241 5049 2311 5060 -
2330 5017 2508 5084 ⁴›0um
2528 5022 2672 5076 enim
2692 5020 2957 5076 nerninem
2974 5016 3046 5078 Α.
3061 5030 3172 5071 om.
3191 5013 3348 5067 unae.
3423 5076 3428 5081 ,
