4036 6117
1223 543 1454 590 mni-:n
1505 543 1702 588 vt‘rAE
1752 542 2231 587 msmronum.
2286 541 2341 583 P.
2395 537 2501 584 111.
3206 519 3332 580 129

293 660 594 723 deducit.
631 663 815 723 Unde
863 664 931 723 et
977 636 1738 724 calibineo‘indumento
1791 662 2109 737 induitur,
2163 662 2321 738 quia
2364 660 2651 736 justitia,
2703 674 2874 735 quae
2913 658 3104 719 sortis
3153 663 3218 719 et
3251 676 3403 719 con-

222 771 234 779 ’
295 773 488 828 stans
524 769 590 828 in
621 768 897 844 iudiciis
930 769 1073 828 suis
1106 774 1234 842 est,
1272 769 1456 828 velut
1488 769 1962 828 vestimentum
1998 767 2213 843 ipsius
2245 766 2497 840 existit,
2550 764 2866 841 quoniam
2914 780 2993 823 ea
3026 780 3195 840 quae
3230 764 3400 840 diju-

293 872 503 946 dicat,
539 890 674 933 non
707 873 838 932 alio
877 873 1071 932 modo
1105 888 1307 950 quam
1343 873 1707 932 secundum
1743 873 1866 932 hoc
1893 872 2070 948 quod
2100 872 2359 946 justum
2391 875 2516 945 est,
2545 869 2887 945 dijudicat.
2916 869 2997 928 Et
3027 868 3203 945 quod
3230 868 3397 928 haec

293 976 664 1036 adversum
699 976 1001 1052 praefata
1050 977 1214 1037 vitia
1250 978 1517 1051 clamat,
1570 976 1694 1036 hoc
1729 982 1834 1036 est
1867 976 2044 1051 quod
2089 977 2271 1034 zelus
2320 974 2580 1034 Domini
2627 973 2995 1033 diabolicas
3045 972 3394 1033 illusiones

294 1079 763 1153 praefatorum
813 1082 1134 1142 vitiorum
1185 1081 1548 1156 redarguit,
1601 1088 1668 1140 et
1716 1097 1832 1140 eas
1862 1077 1908 1160 ¹)
1945 1080 2214 1140 omnino
2252 1080 2557 1153 conterit,
2595 1077 2910 1153 quoniam
2944 1077 3174 1136 eadem
3208 1077 3397 1152 vitia,

295 1185 605 1261 ejusdem
640 1186 898 1262 antiqui
933 1186 1274 1262 Serpentis
1307 1186 1593 1260 viscera,
1630 1191 1698 1244 et
1724 1186 2001 1245 omissio
2040 1185 2415 1260 iniquitatis
2450 1182 2662 1258 ipsius
2688 1181 3063 1255 existentia,
3105 1180 3400 1241 mortife-

296 1303 415 1347 ras
445 1285 497 1367 ²)
536 1288 822 1363 sagittas
858 1287 1241 1348 hominibus
1277 1287 1573 1363 infigunt.
1609 1288 1790 1359 Quae
1823 1296 2047 1347 tamen
2078 1303 2198 1363 per
2230 1287 2627 1361 martyrium
2660 1284 2812 1345 Filii
2845 1283 2961 1343 Dei
2997 1282 3402 1343 confunden-

298 1397 439 1466 tur,
471 1406 548 1450 ac
576 1407 699 1467 per
732 1397 1071 1453 aeternam
1103 1391 1536 1452 Divinitatem
1570 1394 2017 1468 conterentur,
2057 1393 2148 1451 ita
2182 1390 2359 1468 quod
2394 1390 2659 1449 omnino
2691 1388 3025 1466 peribunt;
3063 1387 3175 1447 ubi
3211 1404 3395 1448 mors

301 1497 374 1554 in
408 1500 756 1556 aeternum
789 1497 1200 1571 destruetur,
1240 1511 1393 1556 cum
1423 1495 1601 1556 Deus
1633 1502 2035 1574 potestatem
2073 1512 2265 1556 suam
2298 1495 2560 1572 aperire
2591 1493 2999 1568 dignabitur,
3036 1492 3143 1552 cui
3177 1492 3401 1553 nullus

299 1599 628 1659 resistere
662 1601 929 1676 poterit,
964 1602 1150 1661 velut
1179 1602 1382 1660 etiam
1415 1600 1536 1660 Job
1572 1604 1861 1661 testatur
1893 1600 2141 1660 dicens:

1764 1823 1942 1887 XLV.

1460 2021 1660 2080 Verba
1709 2020 1821 2081 Job
1868 2022 1948 2080 de
1997 2022 2241 2081 eodem.

394 2227 502 2287 56.
545 2227 743 2303 DeuS,
782 2226 967 2301 cujus
1000 2231 1309 2288 resistere
1343 2232 1483 2288 irae
1517 2245 1708 2288 nemo
1735 2234 1973 2305 potest,
2020 2235 2082 2287 et
2132 2228 2247 2287 sub
2278 2246 2403 2304 quo
2436 2234 2802 2288 curvantur
2844 2230 2956 2305 qui
2995 2232 3267 2304 portant
3302 2245 3403 2285 or-

307 2328 472 2389 bem.
505 2324 558 2408 3)
596 2331 803 2407 Cujus
837 2346 1076 2391 sensus
1110 2331 1264 2391 talis
1296 2338 1421 2392 est.
1456 2331 1631 2390 Deus
1664 2331 1778 2407 qui
1811 2332 2033 2390 omnia
2069 2330 2346 2406 creavit,
2389 2336 2457 2391 et
2491 2331 2555 2390 in
2588 2330 2780 2406 cujus
2814 2335 3145 2406 potestate
3178 2330 3400 2388 omnia

304 2439 482 2507 sunt,
525 2436 681 2494 talis
714 2440 780 2495 et
815 2439 1040 2494 tantus
1076 2436 1140 2494 in
1178 2435 1566 2495 fortitudine
1587 2435 1994 2511 judiciorum
2031 2451 2308 2495 suorum
2332 2440 2459 2508 est,
2497 2434 2674 2510 quod
2708 2449 2828 2492 nec
2864 2433 2930 2492 in
2956 2432 3236 2508 angeliS,
3274 2447 3397 2491 nec

305 2536 372 2595 in
405 2536 791 2598 hominibus
839 2539 978 2598 ulla
1028 2537 1348 2598 fortitudo
1399 2539 1755 2613 invenitur,
1808 2555 1978 2615 quae
2013 2540 2332 2599 resistere
2366 2537 2840 2596 examinationi
2891 2537 3105 2613 ipsius
3152 2537 3397 2610 valeat,

303 2659 458 2702 cum
490 2642 858 2703 vindictam
893 2659 1084 2704 suam
1118 2650 1351 2704 contra
1384 2644 1848 2719 delinquentes
1877 2643 2062 2719 justo
2111 2643 2362 2719 judicio
2411 2642 2724 2701 denudat.
2772 2641 2937 2701 Nam
2972 2640 3074 2701 ira
3118 2639 3237 2700 Dei
3271 2640 3398 2701 hoc

303 2749 522 2807 solum
556 2753 684 2822 est,
736 2747 914 2825 quod
963 2750 1110 2824 ipsa
1160 2749 1335 2807 malo
1385 2748 1761 2824 iniquitatis
1813 2763 2079 2824 semper
2127 2749 2473 2824 repugnat,
2524 2753 2592 2807 et
2640 2746 2815 2823 quod
2864 2745 3397 2823 conjunctionem

300 2865 453 2910 oum
488 2852 668 2911 malo
701 2868 830 2911 non
879 2851 1102 2926 habet,
1156 2852 1272 2912 sed
1308 2852 1484 2928 quod
1535 2853 1697 2912 illud
1746 2852 2042 2928 perfecte
2081 2853 2469 2929 prosternit,
2520 2851 3083 2928 quemadmodum
3132 2851 3296 2911 illud
3332 2852 3398 2911 in

302 2960 540 3034 angelo
588 2965 655 3018 et
706 2959 772 3018 in
819 2959 1084 3018 homine
1132 2959 1617 3034 prosternebat.
1676 2958 1852 3018 Deus
1902 2959 2079 3017 enim
2129 2957 2253 3017 hoc
2301 2957 2495 3017 modo
2539 2956 2790 3034 judicia
2838 2973 2963 3017 sua
3010 2956 3391 3031 constituit,

303 3063 478 3139 quod
530 3062 870 3140 iniquitati
906 3062 1236 3138 justitiam
1272 3078 1349 3121 ac
1383 3062 1926 3138 delinquentibus
1955 3057 2004 3141 ⁴)
2043 3061 2529 3136 correptionem
2564 3061 2895 3136 proponit;
2933 3057 3108 3136 quod
3144 3058 3234 3119 ibi
3268 3065 3393 3133 est,

305 3167 415 3227 ubi
450 3170 766 3241 peccator
812 3182 933 3242 per
963 3166 1437 3243 poenitentiam
1468 3166 1900 3241 Justificatur,
1954 3166 2214 3226 scilicet
2253 3181 2403 3224 cum
2439 3164 2834 3241 poenitendo
2870 3179 2942 3223 se
2978 3164 3193 3239 ipsum
3229 3162 3399 3238 diju-

305 3271 505 3345 dicat,
533 3275 602 3329 et
627 3286 780 3330 cum
807 3272 875 3330 in
899 3286 1097 3330 cruce
1121 3265 1168 3350 ⁵)
1204 3270 1656 3345 poenitentiae
1689 3286 1760 3329 se
1795 3270 2001 3346 ponit,
2039 3275 2106 3328 et
2139 3285 2292 3328 cum
2326 3269 2623 3328 lacrimis
2650 3284 2723 3327 se
2755 3269 3084 3341 vulnerat,
3120 3272 3397 3342 peccata

308 3391 426 3434 sua
458 3375 596 3434 Deo
630 3390 750 3451 per
781 3374 1196 3434 sacerdotem
1230 3374 1624 3449 confitend03
1662 3374 1819 3449 quia
1855 3389 2158 3433 summus
2194 3372 2530 3446 sacerdos,
2567 3371 2880 3430 videlicet
2912 3370 3029 3429 Dei
3059 3370 3292 3443 Filius,
3330 3368 3398 3428 in

305 3492 571 3538 crucem
608 3494 681 3537 se
727 3479 992 3553 obtulit,
1031 3479 1141 3539 ubi
1192 3480 1404 3539 multa
1438 3484 1716 3555 peccata
1751 3478 2091 3537 hominum
2127 3492 2247 3554 per
2278 3475 2566 3536 effusum
2611 3475 2999 3551 sanguinem
3036 3489 3231 3534 suum
3281 3472 3397 3532 ab·

309 3580 560 3640 stersit.
596 3579 732 3639 Deo
765 3592 1052 3657 namque
1101 3575 1416 3640 resistere
1452 3582 1517 3639 in
1551 3579 1676 3640 hac
1713 3580 2152 3640 similitudine
2198 3580 2425 3639 nullus
2457 3579 2725 3654 poterit,
2763 3579 3077 3655 quoniam
3112 3578 3257 3653 ipse
3290 3594 3397 3636 so-

307 3686 409 3744 lus
441 3684 622 3745 Deus
648 3692 716 3745 et
752 3686 937 3745 solus
957 3686 1179 3762 justus
1209 3685 1411 3762 judex
1435 3692 1562 3762 est,
1598 3688 1820 3746 omnia
1841 3687 2024 3763 juste
2049 3687 2451 3762 dijudicanS,
2472 3692 2539 3746 et
2566 3686 2788 3746 omnia
2820 3686 2988 3746 bene
3013 3685 3395 3762 disponens,

305 3790 691 3865 Praeceptis
724 3791 898 3849 enim
939 3790 1156 3866 ipsius
1191 3790 1529 3868 subjugati
1566 3797 1744 3867 sunt,
1782 3792 1895 3867 qui
1934 3791 2103 3851 hanc
2136 3792 2453 3852 virtutem
2488 3792 2571 3850 ab
2607 3791 2749 3865 ipso
2785 3789 3051 3864 habent,
3090 3790 3265 3866 quod
3302 3789 3392 3849 fe-

312 3899 466 3951 runt
497 3892 754 3964 orbem,
793 3892 1053 3951 scilicet
1087 3892 1412 3951 circulum
1441 3894 1629 3952 illum
1656 3894 1721 3952 in
1754 3909 1885 3969 quo
1919 3894 2207 3954 mundus
2241 3894 2577 3968 subsistit,
2608 3891 2786 3969 quod
2811 3897 2878 3950 et
2903 3892 3268 3952 secundum
3300 3892 3397 3952 di-

305 3997 743 4071 spositionem
768 4002 835 4056 et
862 3995 1226 4056 secundum
1253 3997 1801 4057 constitutionem
1833 3997 1950 4057 Dei
1986 3998 2257 4058 faciunt.
2298 3999 2380 4057 Hi
2414 4003 2636 4057 autem
2673 4001 2829 4056 sunt
2863 3996 2964 4055 sol
2996 4001 3064 4054 et
3097 3994 3276 4069 luna,
3313 4013 3391 4055 ac

306 4100 546 4177 reliqui
580 4102 909 4176 planetae,
947 4104 1015 4161 et
1048 4102 1281 4161 stellae
1317 4118 1467 4161 cum
1500 4103 1786 4162 caeteris
1821 4103 2178 4178 sideribus,
2231 4105 2344 4179 qui
2397 4104 2462 4161 in
2512 4102 2769 4162 ardenti
2810 4102 2876 4160 vi
2923 4118 3046 4161 sua
3076 4098 3123 4180 ⁶)
3175 4108 3392 4162 rotam

303 4205 485 4264 orbis
523 4205 878 4280 sustinent,
914 4211 982 4265 et
1030 4207 1144 4282 qui
1178 4222 1389 4282 aquas
1438 4206 1566 4265 sibi
1602 4206 1969 4279 attrahunt,
2006 4214 2073 4266 et
2109 4208 2260 4267 illas
2294 4207 2550 4280 bibunt,
2595 4223 2676 4265 ne
2725 4206 2791 4264 in
2839 4205 3077 4266 ardore
3116 4203 3164 4285 ⁷)
3217 4207 3395 4282 ipso-

311 4325 454 4368 rum
489 4308 667 4368 idem
701 4310 885 4369 orbis
933 4317 1219 4385 arescat3
1258 4310 1373 4369 sed
1423 4317 1489 4369 et
1521 4310 1751 4369 eodem
1804 4310 1999 4370 modo
2047 4326 2168 4385 per
2216 4326 2456 4387 aquam
2509 4310 2701 4369 lucet.
2745 4309 2867 4369 Isti
2916 4326 3182 4386 quoque
3218 4310 3392 4387 judi-

302 4414 424 4471 ciis
473 4411 592 4471 Dei
649 4412 1034 4490 frequenter
1083 4413 1522 4488 famulantur,
1577 4415 1734 4489 quia
1785 4415 1850 4473 in
1902 4413 2226 4474 famulatu
2278 4430 2398 4474 suo
2447 4430 2596 4473 cum
2648 4414 3030 4474 hominibus
3082 4422 3274 4492 sunt,
3327 4423 3395 4477 et

303 4521 493 4577 actus
524 4530 756 4576 eorum
793 4517 1108 4591 sentiunt,
1143 4532 1264 4576 nec
1298 4519 1494 4577 aliter
1530 4518 1782 4577 faciunt
1815 4534 2015 4594 quam
2049 4519 2227 4595 quod
2260 4520 2358 4577 eis
2389 4519 2817 4594 praecipitur.
2848 4517 3027 4578 Haec
3060 4533 3219 4579 vero
3254 4536 3394 4579 om-

302 4625 408 4681 nia
442 4640 481 4681 a
515 4634 777 4681 summo
813 4623 1130 4682 Creatore
1180 4624 1278 4682 sic
1311 4624 1616 4683 ordinata
1659 4626 1835 4699 sunt,
1872 4626 1988 4700 qui
2022 4625 2243 4684 omnia
2277 4622 2542 4685 ordinat
2573 4631 2640 4684 et
2671 4625 2989 4701 disponit,
3028 4625 3392 4687 secundum

304 4727 474 4803 quod
509 4726 871 4802 unicuique
906 4724 1070 4786 bene
1103 4727 1409 4786 ordinata
1436 4734 1502 4787 et
1535 4729 1699 4788 bene
1725 4729 2017 4788 discreta
2052 4729 2407 4804 dispositio
2435 4730 2772 4803 competit.
2800 4729 2922 4801 Qui
2956 4736 3181 4790 autem
3214 4732 3394 4791 vitae

306 4831 709 4890 desiderium
745 4829 967 4905 habet,
1001 4832 1065 4890 in
1095 4831 1207 4892 illo
1242 4832 1447 4892 verba
1476 4833 1638 4892 haec
1674 4834 2020 4910 percipiat,
2060 4850 2139 4893 ac
2171 4849 2248 4893 ea
2286 4835 2350 4892 in
2373 4830 2423 4912 ⁸)
2457 4835 2733 4893 interius
2761 4835 3139 4895 cubiculum
3167 4836 3392 4895 cordis

309 4937 407 4994 sui
444 4935 781 4994 recondat.

378 5118 420 5181 ¹)
441 5117 618 5180 easA,
644 5118 734 5173 W.
761 5134 831 5173 an
851 5122 1089 5186 eaP—2)
1111 5124 1394 5195 mortifera
1415 5122 1515 5178 iid.
1537 5108 1804 5189 -³)Joti.
1900 5123 1990 5178 W.
2036 5154 2104 5163 —
2137 5124 2182 5188 θ)
2210 5126 2271 5178 in
2294 5125 2515 5178 ardente
2552 5126 2674 5178 visu
2700 5122 2766 5177 A.
2797 5153 2864 5161 —
2896 5123 2939 5187 ⁷)
2966 5139 3031 5176 ne
3067 5122 3264 5176 ardore
3290 5118 3380 5174 W.

313 5203 409 5265 IX,
454 5208 535 5260 ¹3.
585 5233 655 5243 --
692 5202 736 5269 ⁴)
776 5204 1176 5277 deliquentibus
1210 5205 1275 5262 Α.
1321 5241 1385 5249 -
1426 5212 1467 5277 ⁵)
1508 5214 1567 5265 in
1605 5227 1808 5265 crucem
1899 5210 2012 5275 ἢεί
2038 5227 2101 5264 ea
2128 5212 2362 5264 interius
2385 5208 2449 5263 A.

487 5313 834 5371 ANALECT.
887 5313 955 5371 Τ.
1009 5314 1168 5373 VIII.
1221 5315 1262 5373 9
