4036 6117
707 384 844 450 366,
1856 407 1908 452 s.
1970 409 2533 458 ninnscARnrs

1996 695 2207 768 VIII.

742 958 821 1018 Et
853 975 999 1036 ego,
1037 960 1442 1034 paupercula
1480 960 1714 1035 forma,
1766 962 1828 1021 in
1863 959 2153 1035 pondere
2185 965 2413 1037 gravis
2447 964 2893 1038 aegritudinis
2938 964 3133 1024 valde
3165 965 3533 1040 gravabor,
3592 966 3754 1040 quia

650 1064 938 1142 Spiritus
988 1065 1251 1126 Domini
1288 1083 1391 1126 me
1425 1068 1848 1142 constrinxit,
1885 1074 1952 1128 et
1989 1070 2062 1128 ut
2110 1067 2376 1128 filiabus
2411 1070 2543 1128 loci
2578 1071 2778 1130 istius
2810 1071 3019 1132 verba
3054 1072 3185 1132 ista
3216 1072 3547 1146 dicerem,
3588 1070 3755 1130 mihi

650 1170 1013 1248 praecepit:

747 1292 780 1330 c
807 1272 975 1344 Num
1003 1274 1402 1335 existimatis
1427 1275 1603 1351 quod
1629 1292 1749 1351 pro
1776 1276 2083 1337 convivio
2111 1277 2414 1338 ciborum
2439 1283 2506 1337 et
2534 1284 2836 1352 potuum,
2865 1282 2932 1338 et
2956 1294 3075 1354 per
3100 1280 3451 1339 lasciviam
3482 1294 3753 1337 morum

655 1395 933 1456 regnum
961 1378 1080 1440 Dei
1112 1382 1492 1456 accipiatis?
1523 1383 1684 1442 Non.
1738 1382 2036 1456 Regnum
2072 1384 2247 1442 enirn
2280 1383 2397 1443 Dei
2431 1400 2550 1459 per
2594 1386 3111 1445 macerationem
3152 1386 3454 1461 corporis
3493 1391 3571 1443 et
3604 1399 3757 1442 con-

656 1484 996 1544 tritionem
1033 1487 1274 1546 mentis
1307 1487 1676 1560 accipietis,

746 1587 1038 1648 Mensam
1088 1591 1332 1665 quippe
1364 1606 1603 1664 meam,
1657 1607 1804 1650 cum
1846 1590 2105 1666 fulgore
2147 1607 2433 1653 coronae
2467 1607 2676 1667 meae,
2729 1608 2958 1654 coram
2990 1592 3191 1653 vobis
3218 1593 3479 1667 paravi,
3540 1596 3620 1649 ut
3653 1604 3753 1648 re-

655 1690 767 1767 gia
813 1693 1119 1752 convivia
1175 1709 1503 1767 supernae
1553 1694 1991 1755 haereditatis
2043 1711 2244 1771 super
2292 1696 2473 1756 illam
2523 1695 2860 1770 efferam,
2912 1700 2978 1754 et
3034 1710 3311 1769 manna,
3363 1701 3432 1754 et
3487 1692 3749 1753 bestias

657 1794 1008 1871 silvarum,
1045 1801 1113 1855 et
1145 1798 1449 1857 volatilia
1480 1801 1547 1858 et
1580 1799 2061 1874 malagranata.

749 1897 872 1958 Sed
901 1892 1039 1982 :hoc
1072 1917 1200 1961 non
1229 1901 1472 1963 facitis,
1501 1903 1662 1962 Nam
1701 1902 1765 1962 in
1799 1905 2009 1964 altera
2046 1907 2258 1979 parte,
2295 1903 2554 1966 affertis
2604 1903 2767 1964 mihi
2816 1904 3147 1981 quosdam
3186 1904 3583 1964 saeculares
3618 1917 3752 1961 mo-

660 2021 771 2067 res
820 2006 1314 2068 observationis
1364 2009 1602 2084 legalis
1650 2010 2068 2085 disciplinae,
2122 2011 2192 2073 in
2232 2011 2442 2070 altera
2493 2018 2739 2086 autem,
2789 2011 3208 2087 disciplinam
3263 2011 3429 2086 legis
3481 2022 3748 2078 eorum,

661 2110 779 2186 qui
812 2110 937 2171 sub
986 2111 1294 2188 conjugio
1337 2112 1552 2187 juncti
1592 2117 1770 2187 sunt,
1822 2129 1994 2189 quae
2029 2131 2067 2172 a
2099 2114 2295 2173 vobis
2326 2130 2458 2172 non
2491 2129 2769 2189 quaero,
2821 2115 2978 2190 quia
3012 2128 3143 2173 non
3190 2111 3459 2173 hortum
3514 2112 3746 2179 istum,

661 2215 780 2274 sed
817 2216 883 2274 in
914 2216 1178 2275 vineam
1210 2232 1429 2279 meam
1462 2217 1744 2277 electam
1777 2234 1900 2277 vos
1933 2218 2127 2294 elcgi.

748 2320 828 2380 Et
876 2336 998 2396 ego
1054 2336 1174 2397 per
1220 2327 1371 2382 octo
1419 2337 1627 2382 annos
1674 2316 1719 2398 ¹)
1772 2321 1936 2381 haec
1983 2322 2309 2398 patiebar;
2363 2322 2478 2382 sed
2526 2338 2646 2398 per
2693 2324 2988 2399 quinque
3038 2337 3246 2383 annos
3295 2321 3419 2380 sub
3468 2316 3754 2378 silentio.

662 2426 866 2499 tacui;
917 2441 1036 2502 per
1070 2432 1209 2486 tres
1250 2432 1473 2486 autem
1506 2442 1713 2486 annos
1764 2426 1944 2487 intus
1976 2433 2045 2487 et
2080 2426 2246 2487 foris
2295 2427 2444 2488 illos
2480 2427 2834 2503 flagellavi,
2885 2427 3102 2503 quiin
3145 2425 3404 2500 fulgore
3454 2434 3746 2484 coronae

663 2544 852 2590 meae
890 2529 1376 2591 inhonorabant
1410 2547 1534 2591 me.
1573 2549 1604 2590 »
1645 2532 1824 2603 Quae
1857 2533 2078 2591 omnia
2112 2533 2211 2592 sic
2243 2532 2673 2608 intelligenda
2706 2539 2881 2594 sunt.

753 2632 984 2693 Nullus
1019 2633 1311 2694 fidelium
1361 2637 1697 2695 existimet
1730 2652 1849 2712 per
1898 2636 2251 2711 ingluriem
2285 2639 2563 2711 ventris,
2616 2643 2682 2696 et
2716 2653 2837 2713 per
2884 2636 3275 2697 effusionem
3324 2636 3747 2709 voluptatum

662 2751 937 2796 suarum
994 2752 1348 2811 supernam
1407 2739 1691 2813 gloriam
1746 2740 2049 2814 adipisci;
2102 2741 2418 2815 quoniam
2473 2741 2588 2816 qui
2638 2740 2820 2799 illam
2887 2740 3133 2800 habere
3188 2740 3606 2811 desiderant,
3658 2739 3746 2794 at-

661 2819 1116 2902 tenuationem
1150 2842 1450 2918 corporis
1484 2843 2206 2918 et·pusillanimitatem
2239 2843 2460 2903 cordis
2499 2844 2563 2903 in
2595 2844 2767 2904 bona
2791 2843 3157 2917 voluntate,
3193 2849 3262 2902 et
3296 2858 3425 2904 non
3460 2843 3529 2900 in
3566 2852 3745 2900 acer·

665 2945 752 3008 ba
787 2946 1222 3023 malignitate,
1261 2949 1607 3024 arripiant.

756 3049 980 3110 Mensa
1010 3046 1061 3131 ²)
1097 3052 1343 3127 quippe
1375 3067 1544 3128 mea,
1606 3068 1757 3112 cum
1808 3051 2067 3129 fulgore
2100 3068 2386 3113 coronae
2423 3069 2608 3113 meae
2656 3069 2882 3113 coram
2916 3051 3109 3112 vobis
3142 3057 3401 3128 parata,
3451 3052 3528 3113 ut
3563 3047 3742 3124 regia

667 3154 994 3215 convivia.
1027 3171 1229 3230 super
1277 3156 1459 3216 illam
1508 3154 1833 3233 afferatiS,
1885 3159 2161 3233 angelos
2211 3158 2386 3230 illos,
2423 3173 2572 3216 cum
2610 3157 2867 3232 fulgore
2902 3172 3209 3231 coronae,
3249 3156 3511 3215 scilicet
3549 3154 3743 3214 mira-

668 3256 977 3317 culorum
1006 3258 1147 3334 Dei,
1198 3277 1368 3336 quae
1404 3261 1470 3320 in
1504 3262 1736 3321 multis
1787 3263 2133 3323 miraculis
2165 3262 2547 3322 hominibus
2581 3261 2934 3336 refulgent,
2990 3262 3083 3321 ita
3116 3261 3294 3338 quod
3329 3261 3397 3321 in
3442 3262 3545 3322 eis
3587 3257 3740 3321 mul-

667 3373 740 3429 ta
786 3369 1134 3441 mirentur,
1185 3388 1355 3447 quae
1403 3372 1596 3432 beate
1646 3372 2028 3432 viventibus
2078 3371 2158 3431 ad
2208 3370 2691 3431 beatitudinem
2735 3373 2971 3445 parata
3020 3376 3198 3444 sunt,
3248 3369 3580 3445 designat:
3633 3364 3737 3443 qui

670 3473 1186 3549 diligentissima
1218 3479 1285 3536 et
1333 3478 1759 3536 sanctissima
1789 3490 1997 3559 „opera
2048 3476 2389 3535 hominum
2424 3475 2715 3549 illorum,
2751 3474 2866 3551 qui
2899 3490 3017 3539 eos
3059 3475 3126 3534 in
3158 3475 3461 3550 angelico
3510 3473 3739 3535 ordine

675 3577 1046 3654 imitantur,
1086 3580 1386 3640 Creatori
1423 3596 1543 3639 suo
1578 3579 1885 3640 offerunt.

765 3685 997 3760 Angeli
1040 3684 1214 3744 enim
1266 3684 1588 3760 reliquias
1638 3699 1913 3758 operum
1963 3684 2413 3744 saecularium
2462 3682 2831 3753 hominum,
2883 3684 2998 3759 qui
3048 3682 3413 3745 secundum
3460 3680 3750 3743 carnalia

672 3788 1009 3850 desideria
1057 3789 1313 3864 vivunt,
1363 3788 1498 3849 Deo
1545 3807 1676 3850 non
1722 3789 2033 3863 offerunt3
2088 3789 2201 3849 sed
2253 3788 2488 3847 horum
2533 3789 2648 3863 qui
2683 3788 2980 3848 carnalia
3013 3787 3355 3849 desideria.
3384 3786 3751 3862 relinquen·

677 3902 803 3971 teS,
839 3912 1124 3973 corpora
1173 3912 1296 3955 sua
1328 3902 1602 3971 propter
1648 3895 1856 3954 Deum
1888 3895 1970 3954 ad
2007 3901 2256 3955 terram
2303 3901 2761 3970 prosternunt,
2813 3899 2879 3953 et
2914 3894 3225 3954 laudibus
3256 3893 3397 3968 Dei,
3435 3894 3613 3953 sicut
3649 3905 3752 3950 an-

679 4005 834 4082 geli,
872 4022 1138 4083 semper
1186 4006 1524 4067 insistunt.

767 4112 1000 4171 Manna
1035 4118 1256 4172 autem
1306 4111 1752 4171 obedientiam
1803 4110 2112 4183 ostendit,
2166 4124 2366 4184 quam
2399 4108 2573 4166 Deus
2624 4107 2873 4168 homini
2925 4109 3267 4184 imposuit,
3321 4112 3393 4169 ut
3423 4109 3558 4170 Deo
3608 4107 3753 4168 obe-

680 4217 845 4291 diat,
896 4223 963 4276 et
1013 4224 1083 4277 ut
1130 4217 1450 4293 praelatis
1500 4218 1669 4286 suiS‚
1722 4216 1836 4290 qui
1882 4208 1931 4293 ³)
1985 4231 2021 4274 a
2069 4213 2201 4273 Deo
2238 4214 2366 4273 sibi
2416 4217 2903 4288 proponuntur,
2957 4212 3267 4274 subditus
3303 4215 3412 4286 sit,
3463 4221 3532 4275 et
3565 4224 3751 4290 quam

677 4322 964 4383 caeteris
1012 4322 1214 4382 etiam
1263 4323 1593 4381 creaturis
1644 4320 1875 4394 infixit,
1928 4320 2257 4395 quatenus
2306 4318 2585 4378 utilitati
2630 4318 2919 4379 hominis
2956 4320 3340 4381 inserviant.
3378 4320 3554 4379 Deus
3589 4316 3750 4377 enim

682 4425 1018 4486 hominem
1056 4425 1232 4499 fecit,
1283 4442 1406 4486 nec
1448 4426 1643 4485 homo
1693 4425 1992 4500 seipsum
2040 4423 2322 4492 creavit,
2373 4424 2441 4482 et
2487 4422 2572 4481 ob
2622 4421 2748 4481 hoc
2797 4424 3126 4499 spiritalis
3173 4424 3484 4500 populuS,
3537 4426 3610 4482 ut
3654 4432 3753 4478 an-

681 4527 844 4602 geli,
893 4542 1013 4602 per
1045 4527 1491 4587 obedientiam
1538 4527 1672 4587 Deo
1707 4528 1962 4587 servire
1995 4526 2256 4585 debent:
2308 4541 2504 4601 quem
2540 4525 2806 4585 Lucifer
2837 4527 3179 4604 dispersit,
3230 4532 3296 4587 et
3344 4526 3595 4587 homini
3632 4524 3754 4582 ino-

686 4638 1090 4700 bedientiam
1124 4638 1625 4699 demonstravit.

762 4897 804 4965 ¹)
830 4897 939 4954 Sex
978 4904 1036 4954 et
1061 4899 1252 4955 decem
1292 4915 1466 4955 annos
1500 4916 1789 4972 pressurae
1827 4916 1891 4955 eo
1917 4901 2039 4955 loco
2075 4913 2188 4953 me·
2279 4910 2307 4948 a
2346 4893 2655 4965 longinqua
2694 4909 2827 4951 voce
2881 4896 3131 4967 designat
3185 4906 3547 4965 suspensam,
3596 4889 3752 4946 immo

689 4990 876 5042 morat
910 4984 1296 5055 Hildegardis,
1337 4984 1448 5041 nisi
1490 4985 1682 5057 potius
1713 4985 1902 5042 omnia
1930 4985 2046 5042 sint
2072 5002 2189 5060 my-
2283 4995 2460 5050 usque
2485 4980 2554 5034 ad
2580 4979 2849 5035 ultimum
2879 4985 3155 5052 punctum
3181 4981 3438 5051 offerunt,
3466 4977 3756 5050 producen-

692 5072 838 5130 stico
866 5088 1029 5128 sensu
1072 5070 1456 5141 intelligenda.
1508 5104 1568 5112 --
1605 5074 1650 5139 2)
1692 5078 1817 5128 nota
1862 5072 2171 5144 periodum,
2281 5072 2426 5127 dam.
2456 5104 2511 5111 —
2546 5071 2590 5139 ³)
2622 5088 2762 5143 quae
2786 5072 2919 5127 adeo
2944 5070 3019 5124 W
3047 5069 3106 5124 in
3134 5081 3323 5139 apogr.
