4036 6117
1706 530 2144 576 Emsronass
3267 514 3390 574 331

387 648 848 708 Gemblacensi
898 648 1206 719 ecclesia,
1258 663 1378 721 pro
1414 648 1630 706 salute
1679 654 1794 709 tua
1825 650 1959 709 Deo
2011 649 2490 725 supplicanteS,
2543 651 2610 707 et
2644 647 2768 706 hoc
2821 648 3037 723 ipsum
3086 647 3389 705 vicissim
3426 663 3464 703 a

387 760 450 809 te
486 767 603 824 pro
656 751 820 826 ipsis
855 751 997 809 fieri
1046 749 1494 809 obsecrantes,
1547 750 1773 811 Saluto
1810 756 1872 812 te
1922 752 2449 828 praecordialius
2497 767 2643 825 ego,
2698 752 2810 825 qui
2848 750 3015 810 hanc
3053 750 3173 810 tibi
3223 749 3463 822 scripsi

382 856 762 930 epistolam,
813 860 880 914 et
914 855 1106 914 multi
1141 854 1255 914 alii
1292 869 1574 930 mecum,
1626 862 1693 915 et
1729 857 1857 930 ipsi
1906 858 2283 917 orationum
2335 863 2599 916 tuarum
2637 856 2957 931 suffragia
3008 863 3461 932 exposcentes,

388 958 544 1017 Vale
580 959 643 1017 in
680 958 970 1031 ChristO,
1005 956 1281 1016 Domina
1316 956 1480 1017 mihi
1514 973 1779 1033 semper
1811 960 2229 1019 charissima.

1885 1170 1960 1229 11.

1135 1367 1552 1444 Hildeqardis
1601 1368 1680 1425 de
1730 1368 1916 1426 modo
1965 1370 2360 1427 visitationis
2410 1388 2586 1428 suae.
2638 1364 2681 1445 ¹)

386 1553 664 1611 Guiberto
704 1555 1004 1626 respondet
1043 1554 1431 1624 Hildegardis,
1470 1570 1534 1609 ac
1560 1553 1833 1626 premisso
1870 1555 2078 1609 humili
2108 1556 2194 1610 sui
2227 1555 2405 1626 ipsius
2433 1561 2713 1625 respectu.
2743 1560 2800 1608 et
2826 1552 3176 1608 considerata
3216 1552 3467 1608 hominis

463 1640 680 1696 lubriea
720 1639 1056 1710 fragilitate.
1094 1640 1303 1715 repetit
1340 1640 1412 1695 ab
1453 1639 1697 1696 infantia
1737 1640 1938 1697 seriem
1980 1646 2311 1712 perpetuam
2353 1640 2671 1703 visionum.
2716 1640 3055 1709 modumque
3093 1644 3151 1695 et
3189 1639 3465 1695 rationem

463 1729 823 1784 revelationis
850 1746 948 1785 seu
975 1732 1309 1785 visitationis
1332 1746 1464 1784 suae
1488 1727 1746 1800 exponit,
1785 1733 1842 1783 et
1868 1743 1980 1799 quo
2008 1743 2283 1792 sermone,
2314 1729 2468 1799 quali
2498 1728 2732 1784 memori
2763 1728 3081 1789 intellectu.
3109 1727 3264 1797 quali
3294 1725 3467 1782 etiam

463 1834 589 1874 cum
617 1818 954 1873 infirmitate
981 1834 1040 1873 se
1067 1817 1293 1880 habeat,
1322 1815 1800 1872 comminiscitur.

1786 1978 1852 2033 Α.
1908 1984 2061 2034 1171.

478 2147 656 2206 Haec
707 2146 910 2206 verba
942 2162 1071 2205 non
1121 2164 1157 2205 a
1194 2161 1319 2221 me,
1374 2162 1493 2206 nec
1544 2144 1626 2204 ab
1661 2145 1791 2204 alio
1843 2144 2108 2205 homine
2155 2146 2325 2205 dico:
2379 2147 2496 2205 sed
2532 2151 2604 2204 ut
2638 2162 2718 2204 ea
2770 2145 2833 2203 in
2870 2160 3158 2221 superna
3211 2142 3466 2201 visione

389 2252 642 2326 accepi,
694 2249 980 2326 profero,
1017 2250 1068 2309 O
1118 2265 1312 2310 serve
1356 2249 1495 2323 Dei,
1548 2264 1668 2324 per
1716 2250 2065 2323 speculum
2114 2249 2287 2324 fidei,
2341 2250 2407 2308 in
2440 2266 2573 2325 qua
2605 2248 2812 2307 Deum
2861 2247 3320 2322 cognoscendo
3375 2246 3469 2304 in-

393 2356 633 2429 tendiS,
668 2361 758 2429 et,
809 2370 846 2413 o
880 2354 974 2413 fili
1003 2354 1143 2427 Dei,
1194 2369 1313 2429 per
1365 2351 1827 2411 formationem
1864 2351 2177 2427 hominiS,
2217 2353 2280 2411 in
2314 2368 2510 2429 quem
2560 2351 2734 2411 Deus
2784 2351 3107 2410 miracula
3157 2365 3281 2411 sua
3312 2367 3467 2410 con-

389 2462 609 2521 stituit
642 2467 709 2521 et
741 2461 1052 2537 signavit;
1091 2462 1247 2537 quia
1286 2461 1463 2520 sicut
1497 2460 1843 2536 speculum
1878 2461 1942 2518 in
1976 2476 2107 2535 quo
2143 2461 2607 2537 quodcumque
2645 2460 2973 2533 videntur,
3013 2459 3158 2517 vasi
3193 2474 3312 2518 suo
3352 2460 3470 2518 im-

386 2567 672 2640 ponitur,
727 2568 816 2626 ita
866 2567 1212 2627 rationalis
1262 2568 1483 2627 anima
1533 2566 1798 2641 corpori
1846 2568 2031 2625 velut
2081 2566 2264 2625 fictili
2311 2567 2454 2626 vasi
2507 2566 2910 2640 immittitur3
2963 2571 3293 2642 quatenus
3352 2582 3471 2641 per

386 2673 596 2746 ipsam
653 2688 896 2748 corpus
946 2674 1226 2735 videndo
1286 2676 1583 2749 regatur,
1643 2680 1710 2733 et
1759 2680 1830 2732 ut
1879 2676 2099 2733 anima
2147 2688 2264 2747 per
2323 2673 2516 2732 fidem
2564 2673 2881 2731 eoelestia
2930 2671 3461 2745 contempletur,

383 2776 536 2835 audi
572 2776 747 2852 quod
786 2777 1167 2837 indeficiens
1200 2778 1425 2839 lumen
1450 2777 1632 2836 dicit:

495 2880 701 2941 Homo
736 2882 1048 2941 coeles-tis
1083 2887 1146 2941 et
1202 2883 1542 2941 terrestris
1577 2891 1699 2941 est:
1751 2897 1869 2955 per
1917 2882 2161 2942 bonam
2210 2882 2477 2957 quidem
2529 2881 2878 2939 scientiam
2929 2881 3281 2940 rationalis
3333 2880 3471 2940 ani-

388 3000 554 3060 mae,
590 2985 925 3061 coelestis;
978 2991 1045 3044 et
1077 3001 1197 3062 per
1230 2986 1502 3055 malam,
1557 2984 1817 3062 fragilis
1851 2992 1916 3044 et
1953 2985 2372 3060 tenebrosus3
2424 2992 2490 3044 et
2524 2990 2771 3062 quanto
2820 3000 2891 3043 se
2929 2984 2991 3042 in
3025 2983 3196 3044 bono
3233 2999 3473 3058 cogno-

387 3091 537 3163 scit,
591 3097 772 3151 tanto
807 3093 1096 3167 amplius
1145 3091 1351 3150 Deum
1400 3092 1638 3167 diligit.
1676 3092 1840 3151 Nam
1891 3092 1945 3150 si
1984 3093 2243 3151 vultum
2294 3108 2487 3151 suum
2525 3092 2588 3150 in
2634 3092 2904 3167 speculo
2956 3090 3368 3150 sordidatum
3406 3096 3470 3148 et

393 3195 665 3267 pulvere
716 3212 1024 3271 sparsum
1076 3196 1435 3272 aspexerit,
1488 3197 1805 3255 mundare
1837 3201 1905 3256 et
1951 3200 2213 3270 tergere
2264 3196 2505 3255 studet:
2561 3197 2651 3255 ita
2694 3197 2894 3255 etiam
2951 3196 3008 3253 si
3044 3211 3116 3253 se
3160 3210 3470 3268 peccasse

388 3300 455 3358 et
482 3299 786 3359 varietati
815 3299 1187 3358 vanitatum
1215 3315 1287 3358 se
1317 3299 1708 3375 implicitum
1737 3315 1887 3358 esse
1916 3300 2337 3371 intellexerit,
2360 3302 2602 3374 gemat3
2627 3299 2936 3374 quoniam
2969 3300 3033 3357 in
3060 3299 3232 3358 bona
3260 3299 3471 3357 scien-

389 3404 481 3463 tia
515 3420 587 3462 se
621 3404 948 3481 pollutum
986 3405 1134 3479 scit,
1189 3406 1255 3463 et
1289 3419 1439 3463 cum
1474 3404 1825 3479 psalmista
1858 3404 2152 3478 plangat,
2205 3403 2454 3462 dicens:
2489 3403 2663 3462 Filia
2713 3402 3048 3462 Babilonis
3099 3405 3366 3477 misera,
3418 3399 3467 3478 ²)

389 3507 612 3567 beatus
647 3511 760 3586 qui
791 3507 1109 3568 retribuet
1145 3507 1259 3568 tibi
1291 3508 1794 3568 retributionem
1826 3515 2033 3582 tuam,
2070 3527 2267 3584 quam
2302 3507 2669 3567 retribuisti
2702 3506 2901 3566 nobis
2943 3508 3190 3565 Beatus
3224 3510 3337 3584 qui
3380 3513 3471 3566 te-

395 3612 568 3672 nebit
604 3621 665 3672 et
701 3613 933 3672 allidet
965 3614 1276 3689 parvulos
1310 3619 1452 3672 tuos
1488 3615 1572 3672 ad
1599 3618 1886 3690 pet-ram.
1924 3607 1972 3691 ³)

479 3716 662 3787 Quod
718 3724 855 3776 est:
915 3716 1216 3777 Humana
1273 3717 1814 3793 concupiscentia
1872 3733 1989 3792 per
2049 3733 2354 3792 spumam
2420 3719 2754 3792 serpentis
2810 3725 2917 3783 est
2971 3719 3285 3785 contusa„
3322 3720 3471 3795 Ipsa

390 3820 592 3878 etiam
640 3836 892 3896 pauper
925 3828 992 3880 et
1039 3836 1246 3897 egena
1289 3829 1415 3889 est,
1467 3823 1782 3898 quoniam
1833 3824 1898 3881 in
1947 3823 2364 3902 speculativa
2415 3824 2692 3883 scientia
2744 3823 3110 3884 honorifica
3159 3825 3469 3901 opinione

393 3926 596 3982 caret:
649 3924 929 3996 scilicet,
981 3927 1157 4000 quod
1205 3926 1487 3999 gloriam
1537 3932 1849 3986 aeternae
1897 3928 2100 3999 vitae,
2149 3943 2346 4001 quam
2400 3942 2518 4001 per
2552 3927 2791 3986 bonam
2835 3926 3180 3986 scientiam
3217 3931 3467 4002 gustat,

393 4029 557 4087 adeo
591 4029 970 4104 quaerendo
1005 4045 1134 4088 non
1168 4029 1524 4091 desiderat.
1578 4031 1822 4090 Beatus
1858 4038 2079 4090 autem
2121 4032 2230 4090 ille
2265 4037 2389 4105 est,
2428 4031 2541 4106 qui
2576 4031 2828 4090 tenebit
2864 4030 3013 4102 hoc,
3051 4030 3227 4106 quod
3263 4049 3300 4090 a
3333 4031 3465 4090 Deo

390 4134 582 4209 vivit,
634 4139 700 4193 et
735 4134 923 4210 cujus
973 4135 1253 4193 scientia
1301 4149 1451 4193 eum
1487 4135 1705 4206 docet,
1758 4137 1916 4211 quia
1947 4135 2124 4194 Deus
2160 4152 2308 4195 cum
2345 4136 2674 4194 creaverit
2723 4141 2789 4193 et
2826 4136 3204 4210 redemerit;
3257 4142 3322 4194 et
3357 4137 3471 4212 qui

394 4242 668 4312 propter
719 4238 1181 4297 liberationem
1231 4238 1427 4307 hanc,
1464 4255 1594 4314 qua
1627 4239 1802 4298 Deus
1836 4239 2057 4314 ipsum
2094 4240 2429 4313 liberavit,
2469 4254 2729 4297 omnem
2773 4240 3017 4298 malam
3051 4241 3480 4299 consuetudi-

395 4359 544 4402 nem
595 4345 1021 4419 peccatorum
1073 4359 1348 4406 suorum
1383 4345 1689 4419 conterit,
1741 4350 1807 4403 et
1841 4359 2104 4404 omnem
2142 4345 2482 4404 miseriam
2531 4350 2597 4402 et
2631 4349 3119 4418 paupertatem,
3172 4361 3373 4419 quam
3410 4346 3474 4403 in

396 4448 800 4507 coelestibus
834 4448 1091 4506 divitiis
1120 4447 1339 4521 habet,
1371 4464 1575 4523 supra
1608 4454 1866 4523 petram
1903 4448 2112 4518 illam,
2149 4464 2320 4524 quae
2356 4448 2844 4506 firmamentum
2878 4447 3313 4507 beatitudinis
3346 4455 3473 4518 est,

398 4550 684 4626 projicit.
717 4550 876 4608 Nam
913 4566 1063 4608 cum
1092 4550 1289 4610 homo
1339 4551 1735 4614 lutulentam
1758 4548 1806 4629 ⁴)
1842 4552 2257 4626 putredinem
2296 4566 2367 4609 se
2402 4550 2649 4610 habere
2684 4550 2834 4623 scit,
2871 4556 2938 4609 et
2970 4566 3391 4627 nequaquam
3441 4571 3478 4612 a

399 4657 599 4728 gustu
649 4660 1075 4729 peccatorum
1132 4671 1204 4714 se
1254 4656 1595 4715 continere
1638 4656 1839 4730 valet,
1891 4657 2292 4729 nigerrimae
2342 4673 2501 4714 aves
2542 4650 2589 4724 ⁵)
2641 4670 2793 4713 eum
2845 4660 3057 4714 totum
3108 4656 3474 4730 sordidant;

400 4759 514 4818 sed
567 4760 722 4818 tunc
773 4759 913 4833 ipse
946 4774 1066 4834 per
1116 4760 1510 4820 rationalem
1562 4761 1872 4834 animam,
1924 4777 2125 4836 quam
2176 4777 2295 4819 nec
2331 4761 2532 4833 videt,
2586 4776 2704 4818 nec
2748 4761 3113 4835 cognoscit,
3169 4762 3234 4820 in
3266 4761 3470 4822 Deum

476 4927 517 4992 ¹)
554 4929 734 4999 Epist.
777 4933 880 4983 2⁴0
920 4928 978 4984 in
1017 4928 1191 4985 Catal.
1235 4930 1392 4987 codd.
1438 4933 1528 4986 W.
1575 4963 1641 4971 —
1676 4932 1721 4997 2)
1764 4932 1893 4987 Huc
1983 4949 2103 5003 cap.
2154 4931 2228 4986 ll.
2294 4931 2392 4986 lib.
2446 4931 2519 4987 11.
2567 4929 2783 4998 Dialog.
2846 4931 2901 4986 S.
2956 4932 3210 5001 Gregorii
3266 4933 3471 4988 Patrol.

406 5030 583 5084 usque
611 5015 699 5071 W.
743 5016 927 5071 locum
969 5016 1329 5086 integriorem
1373 5017 1616 5088 requirit
1654 5033 1893 5088 sequens
1983 5017 2163 5072 XLV!
2202 5019 2306 5073 col.
2356 5022 2473 5074 132:
2524 5040 2545 5065 ι
2591 5017 2860 5072 Tentator
2897 5017 3103 5078 adsuit.
3148 5032 3272 5071 nam
3314 5017 3471 5087 nigra

405 5103 861 5161 commentarius„
902 5136 966 5145 ·-—
994 5105 1155 5171 ³)1‘s.
1197 5104 1457 5168 CXXXl,
1486 5109 1536 5159 8.
1569 5108 1618 5160 9.
1662 5136 1730 5145 -
1756 5105 1798 5168 ⁴)
1827 5106 1893 5160 li-
1987 5120 2265 5177 parvaque
2303 5102 2457 5167 avis,
2495 5119 2640 5174 quae
2681 5104 2840 5172 volgo
2880 5103 3087 5158 merola
3127 5101 3473 5166 nominatur,

407 5190 680 5248 talentum:
727 5192 814 5246 W.
853 5223 913 5231 ——
952 5193 992 5257 ⁵)
1035 5189 1071 5246 f.
1118 5189 1349 5263 respicit
1391 5190 1562 5245 vitam
1592 5191 1646 5246 S.
1691 5190 1891 5246 Bened.
1987 5191 2134 5246 circa
2163 5191 2284 5262 rjus
2314 5188 2509 5245 faciem
2545 5191 2778 5245 volitare
2808 5189 3010 5261 coepit.
3056 5212 3074 5235 ι
