4036 6117
1201 513 1437 561 mat-:n
1485 512 1686 561 vrrAE
1732 507 2221 560 Mssmronmr.
2274 515 2330 558 r.
2382 512 2471 557 ιν.
3181 497 3314 557 165

296 630 492 694 odore
527 631 856 693 virtutum
887 648 1006 709 per
1037 632 1280 693 bonam
1316 633 1667 693 scientiam
1704 631 1808 691 fac
1840 648 1944 691 me
1981 632 2156 691 idem
2191 632 2405 690 lutum
2440 629 2933 703 transcendere,
2982 630 3075 688 ita
3110 634 3182 689 ut
3215 628 3380 688 illud

287 736 414 812 ‚sub
449 737 736 814 pedibus
783 737 1108 797 bonorum
1156 753 1512 812 gressuum
1548 752 1851 796 meorum
1899 736 2303 795 conculcem.
2340 733 2461 793 Sed
2513 740 2580 792 et
2613 733 2823 792 libera
2858 748 2964 792 ine
3004 733 3088 795 ab
3123 732 3229 793 his
3261 732 3375 809 qui

292 856 405 915 per
437 841 666 901 odium
702 857 962 901 ornnem
997 841 1473 914 substantiam,
1510 856 1712 917 quam
1747 841 1813 900 in
1838 840 2011 899 bona
2039 839 2321 899 scientia
2348 837 2511 897 mihi
2537 837 2803 912 dedisti,
2833 856 2871 897 a
2897 853 3003 896 me
3029 834 3380 896 subtrahe-

296 959 360 1002 re
394 945 651 1018 volunt,
689 946 803 1021 qui
838 949 1077 1020 gustus
1111 948 1538 1021 peccatorum
1574 950 1751 1019 sunt,
1788 950 1855 1003 et
1894 945 2095 1003 etiam
2146 943 2228 1003 de
2275 941 2626 1018 profundis
2672 941 2944 1002 casibus
2991 938 3378 1000 eorumdem

292 1054 720 1123 peccatorum
754 1065 925 1125 quae
960 1065 1063 1108 me
1098 1048 1430 1109 suffocare
1479 1051 1738 1107 tentant
1767 1043 1837 1127 ¹),
1877 1048 2137 1107 scilicet
2170 1047 2284 1123 qui
2320 1046 2622 1106 luxuriae
2656 1046 3063 1105 deserviunt.
3098 1044 3239 1103 Non
3272 1058 3380 1100 me

293 1151 491 1209 etiam
519 1166 641 1226 per
665 1152 1077 1228 ereptionem
1103 1152 1425 1211 bonitatis
1460 1158 1614 1212 tuae
1646 1151 1991 1227 demergat
2015 1150 2346 1210 tumultus
2380 1149 2798 1226 periculosae
2827 1147 3225 1224 iniquitatiS,
3261 1145 3377 1221 qui

296 1254 577 1314 avaritia
610 1260 737 1329 est,
774 1271 990 1332 neque
1023 1258 1297 1333 propter
1328 1256 1877 1316 consuetudinem
1911 1270 2273 1330 pravorum
2303 1269 2580 1329 operum
2615 1252 2976 1313 absorbeat
3008 1264 3117 1309 me
3148 1254 3385 1325 guttur

297 1360 550 1436 antiqui
585 1359 949 1437 Serpentis,
1001 1362 1176 1438 quod
1209 1361 1395 1421 velut
1443 1360 1743 1421 infernus
1790 1359 2194 1437 profundum
2244 1359 2310 1418 in
2352 1357 2685 1418 oblivione
2716 1354 2834 1416 Dei
2875 1355 3127 1429 existit;
3163 1367 3380 1429 neque

297 1469 529 1538 urgeat
565 1464 631 1523 in
665 1466 1065 1525 contritione
1098 1480 1301 1541 super
1337 1480 1439 1524 me
1472 1471 1739 1541 puteuS,
1779 1464 1892 1540 qui
1927 1462 2207 1522 effectus
2239 1467 2307 1522 et
2339 1461 2684 1539 plenitudo
2718 1459 3012 1520 omnium
3047 1456 3378 1518 malorum

293 1584 565 1643 operum
605 1569 668 1627 in
705 1570 1020 1644 superbia
1051 1575 1177 1645 est,
1215 1586 1291 1629 os
1342 1586 1537 1629 suum
1572 1568 1748 1646 quod
1799 1585 1980 1628 mors
2013 1584 2166 1627 esse
2209 1566 2620 1643 perhibetur,
2674 1566 2765 1625 ita
2799 1580 2881 1624 ne
2916 1578 3097 1623 mors
3146 1561 3379 1620 clauso

295 1687 403 1731 ore
455 1672 580 1732 hoc
613 1673 808 1732 modo
844 1689 947 1733 me
981 1674 1417 1749 constringat,
1453 1690 1535 1733 ne
1571 1674 1659 1733 sit
1708 1673 1823 1750 qui
1857 1688 1964 1733 me
2010 1672 2092 1732 de
2128 1673 2273 1749 ipso
2322 1672 2583 1747 eripiat.
2628 1670 2707 1730 Et
2754 1670 2880 1729 hoc
2928 1685 3058 1727 non
3105 1670 3381 1743 propter

294 1778 531 1835 merita
567 1792 714 1836 mea
748 1792 918 1853 quae
951 1794 1159 1854 parva
1194 1783 1370 1850 sunt,
1402 1778 1660 1853 oDeuS,
1693 1777 1921 1853 sacieS,
1953 1777 2070 1836 sed
2107 1776 2354 1836 idcirco
2381 1776 2693 1853 quoniam
2721 1772 3047 1849 benignus
3073 1787 3166 1830 es,
3194 1769 3379 1830 Nunc

294 1886 514 1938 autem
548 1880 750 1940 homo
784 1882 896 1941 ille
928 1882 1165 1942 beatus
1198 1888 1326 1957 est,
1362 1899 1560 1959 quem
1591 1882 1766 1941 Deus
1815 1882 2109 1957 exaudit,
2145 1888 2213 1941 et
2244 1881 2358 1957 qui
2389 1879 2439 1958 ²)
2491 1878 2616 1940 hoc
2659 1879 2904 1939 donum
2938 1895 2975 1936 a
3006 1876 3140 1935 Deo
3177 1872 3379 1933 habet

293 1983 466 2059 quod
501 1984 585 2044 ab
622 1985 766 2061 ipso
799 1986 969 2062 petit
999 2001 1078 2046 ea
1112 2003 1283 2063 quae
1315 1986 1596 2063 petenda
1632 1991 1807 2047 sunt.

1698 2209 1967 2271 XXXIV:

1579 2403 1673 2463 De
1722 2403 2105 2479 cupiditate.

378 2606 482 2669 45.
536 2606 831 2685 Septima
864 2614 1086 2671 autem
1138 2610 1379 2686 imago,
1419 2616 1492 2671 ut
1523 2610 1735 2686 videS‚
1787 2611 2227 2687 cupiditatem
2262 2610 2617 2686 significan
2654 2614 2808 2686 post
2858 2605 3375 2668 obstinationem

293 2714 534 2773 mentis
568 2713 677 2773 hic
713 2715 1046 2790 incedens,
1084 2717 1398 2792 quoniam
1441 2731 1593 2775 cum
1628 2715 1859 2775 eadem
1894 2715 2258 2775 obstinatio
2311 2716 2375 2775 in
2408 2715 2748 2790 perversis
2799 2714 3135 2774 mentibus
3170 2713 3384 2773 homi-

290 2835 443 2878 num
489 2817 701 2877 Deum
731 2836 863 2878 non
911 2820 1197 2894 quaerit,
1236 2836 1389 2878 mox
1439 2819 1774 2895 cupiditas
1809 2819 1871 2877 ei
1920 2820 2244 2894 succedit,
2282 2835 2453 2895 quae
2502 2819 2758 2878 nullum
2802 2819 3024 2877 visum
3075 2817 3141 2877 in
3170 2816 3379 2876 Deum

293 2919 513 2995 habet3
550 2920 670 2981 sed
702 2936 874 2996 quae
907 2922 1154 2998 ubique
1188 2922 1660 2982 circumeundo
1687 2926 1755 2981 et
1786 2922 2034 2998 ubique
2067 2922 2417 2996 currend0,
2448 2922 2623 2981 sicut
2657 2923 2854 2997 lupus
2881 2921 3146 2998 quaerit
3180 2935 3377 2996 quem

292 3021 588 3100 devoret,
641 3024 707 3083 in
742 3024 1037 3100 inquieta
1084 3026 1286 3085 etiam
1322 3025 1802 3102 inquietudine,
1854 3026 2025 3086 alios
2059 3026 2353 3100 laedens,
2391 3031 2457 3085 et
2491 3026 2712 3085 omnia
2760 3039 3220 3102 quaecumque
3267 3038 3384 3100 po-

293 3134 441 3202 test,
494 3143 918 3204 quocumque
967 3129 1160 3188 modo
1210 3131 1561 3205 acquirere
1611 3129 1956 3190 festinans,
1991 3129 2072 3189 Et
2122 3129 2286 3188 haec
2319 3129 2585 3188 mulieri
2632 3144 2846 3204 usque
2892 3128 2975 3187 ad
3010 3143 3207 3186 crura
3257 3142 3378 3185 sua

291 3231 728 3306 assimilatur,
780 3232 897 3291 sed
931 3248 1130 3292 crura
1175 3238 1244 3292 et
1277 3233 1480 3309 pedes
1530 3250 1690 3294 suos
1725 3234 2089 3308 praedictis
2137 3233 2433 3293 tenebris
2467 3233 2559 3292 ita
2609 3233 2844 3307 infigit,
2883 3231 3056 3307 quod
3107 3247 3224 3291 eos
3257 3246 3379 3305 pro

293 3335 543 3394 eisdem
579 3335 875 3395 tenebris
923 3336 1151 3396 videre
1186 3354 1314 3396 non
1363 3343 1576 3413 potes,
1613 3337 1770 3414 quia
1806 3338 1870 3397 in
1907 3338 2189 3398 mollitie
2222 3337 2542 3396 vanitatis
2577 3337 2799 3397 omnia
2841 3333 3382 3410 concupiscentis

293 3455 503 3515 usque
552 3438 635 3498 ad
685 3439 880 3499 finem
931 3440 1119 3499 illum
1167 3440 1402 3515 tendit,
1457 3457 1588 3517 quo
1636 3442 1946 3516 vestigiis
1996 3441 2207 3501 totius
2267 3440 2644 3516 iniquitatis
2702 3439 3077 3500 infidelitati
3128 3454 3197 3498 se
3254 3437 3382 3498 hoc

293 3544 486 3606 modo
520 3545 880 3620 immergit,
932 3545 1108 3621 quod
1142 3561 1262 3605 nec
1311 3546 1483 3621 finiS,
1522 3561 1642 3605 nec
1674 3547 1959 3622 vestigia
2012 3546 2227 3622 ipsius
2264 3546 2328 3605 in
2378 3545 2610 3605 eadem
2646 3543 3038 3603 infidelitate
3085 3541 3379 3602 discerni

291 3655 592 3727 possunt.
645 3651 806 3709 Nam
842 3651 1176 3727 cupiditas
1225 3651 1610 3711 hominibus
1643 3653 1785 3712 suis
1836 3651 2006 3711 hanc
2041 3653 2384 3712 lenitatem
2429 3651 2790 3711 verborum
2841 3649 3165 3724 immittit,
3202 3646 3378 3725 quod

290 3754 517 3814 dicunt
550 3769 622 3813 se
657 3770 774 3829 pro
809 3754 1088 3814 instanti
1119 3756 1524 3814 necessitate
1557 3771 1686 3814 non
1721 3754 1948 3815 habita
1996 3756 2416 3832 conquirere,
2452 3760 2517 3814 et
2552 3753 2930 3830 conquisita
2979 3738 3122 3827 pro⁴
3149 3765 3380 3827 super-

289 3864 572 3919 ventura
618 3859 1023 3918 necessitate
1071 3874 1201 3918 non
1232 3858 1643 3934 dispergere;
1697 3858 1814 3918 sed
1862 3860 2166 3919 eamdem
2216 3859 2557 3919 lenitatem
2606 3858 2685 3917 ad
2737 3856 3381 3917 consummationem

291 3966 489 4045 huJus
522 3967 994 4044 perversitatis
1028 3966 1423 4051 perducunt,
1460 3967 1636 4043 quod
1674 3967 1765 4027 ibi
1798 3968 1981 4027 nulla
2014 3967 2186 4027 bona
2218 3966 2745 4043 conspiciuntur,
2781 3980 2932 4023 cum
2975 3965 3381 4037 congregata

291 4087 409 4132 nec
441 4071 574 4131 sibi
609 4086 729 4130 nec
761 4071 915 4130 aliis
951 4070 1345 4146 largiuntur.
1382 4071 1567 4142 Quod
1602 4074 1823 4131 autem
1858 4078 2060 4147 caput
2094 4087 2288 4131 suum
2321 4068 2633 4130 muliebri
2668 4083 2851 4128 more
2883 4067 3084 4140 velat,
3116 4064 3241 4125 hoc
3272 4068 3380 4124 est

293 4176 465 4252 quod
502 4174 808 4234 homines
841 4175 1058 4234 eidem
1090 4175 1257 4234 vitio
1294 4174 1707 4249 insistentes,
1745 4190 2007 4235 omnem
2043 4175 2475 4235 intentionem
2527 4189 2718 4233 suam
2750 4188 2872 4250 per
2916 4171 3375 4247 deceptionem

294 4281 729 4356 abscondunt,
780 4282 1036 4341 nullum
1081 4281 1257 4340 scire
1307 4281 1796 4356 permittenteS‚
1849 4280 2005 4356 quid
2045 4281 2111 4340 in
2159 4280 2473 4341 cordibus
2509 4280 2652 4339 suis
2702 4278 3011 4352 habeant,
3063 4275 3379 4352 quoniam

292 4386 353 4445 in
401 4386 585 4445 nulla
636 4385 1111 4459 moderatione,
1165 4386 1228 4444 in
1278 4402 1411 4462 qua
1462 4387 1656 4446 homo
1706 4387 2020 4446 coelestis
2069 4394 2136 4447 et
2171 4389 2515 4446 terrestris
2564 4402 2715 4446 esse
2749 4385 3045 4461 deberet,
3083 4389 3258 4443 sunt.
3296 4383 3376 4442 Et

294 4488 575 4548 candida
623 4495 811 4547 veste
848 4489 1165 4563 induitur,
1217 4490 1376 4565 quia
1411 4505 1669 4550 omnem
1720 4490 2100 4567 opinionem
2147 4496 2216 4550 et
2250 4490 2740 4551 institutionem
2789 4505 2982 4549 suam
3029 4488 3261 4548 utilem
3309 4491 3379 4546 et

291 4591 643 4668 pulchram
693 4605 846 4651 esse
893 4608 1013 4668 per
1047 4593 1543 4653 simulationem
1593 4594 2034 4668 demonstrat,
2087 4598 2154 4653 et
2199 4593 2356 4670 quia
2403 4594 2626 4654 omnia
2674 4606 3134 4670 quaecumque
3171 4590 3237 4650 in
3281 4587 3381 4649 di-

290 4697 511 4756 versis
546 4696 746 4757 rebus
780 4701 848 4756 et
881 4696 949 4755 in
979 4691 1270 4756 diversis
1305 4679 1784 4774 supellectibus
1820 4714 2057 4774 rapere
2091 4704 2337 4775 potest,
2388 4715 2507 4774 per
2540 4699 2777 4759 bonam
2812 4702 2879 4757 et
2923 4694 3378 4756 necessariam

296 4801 725 4862 intentionem
777 4815 848 4860 se
881 4815 1287 4876 congregare
1336 4801 1520 4876 dicit,
1560 4808 1631 4862 ut
1678 4803 1882 4862 etiam
1931 4803 1997 4864 in
2031 4803 2257 4863 verbis
2292 4803 2435 4863 suis
2486 4803 2798 4880 superius
2845 4800 3161 4861 ostendit.
3211 4798 3377 4858 Con-

294 4910 588 4982 temptus
621 4909 846 4965 autem
880 4905 1107 4965 mundi
1142 4905 1299 4966 huic
1333 4912 1681 4982 repugnat,
1717 4912 1785 4967 et
1817 4914 1890 4967 ut
1923 4907 2229 4968 homines
2263 4909 2659 4986 temporalia
2693 4913 2759 4967 et
2792 4907 3042 4966 caduca
3095 4902 3373 4978 fugiant,

296 5015 362 5067 et
391 5014 465 5069 ut
498 5008 579 5068 ad
617 5015 885 5070 aeterna
920 5009 1252 5086 anhelent,
1290 5009 1577 5071 fideliter
1606 5011 1967 5088 persuadet
1997 5006 2070 5092 ⁹).

373 5191 414 5259 ¹)
440 5199 654 5267 temptat
682 5195 771 5251 W.
813 5227 866 5234 —-
897 5197 940 5264 ²)
969 5199 1070 5267 qui
1093 5194 1298 5252 σπι-Α.
1333 5229 1394 5236 -
1424 5195 1468 5264 ³)
1488 5197 1818 5268 persuadent
1845 5196 1934 5253 W.
