4036 6117
739 500 825 561 60

772 636 1021 698 XXXII.
1074 637 1260 711 Quod
1305 638 1628 715 mysteria
1670 640 1910 696 veteris
1953 638 2171 700 Testa-

679 745 892 801 menti
933 742 1301 819 prudentes
1335 744 1630 802 homines
1680 748 1909 800 contra
1943 739 2173 800 Diabo-

687 842 828 905 lum
857 851 1135 924 parant,
1171 866 1294 906 nec
1328 845 1545 907 abhoc
1578 848 1932 916 desistent,
1967 847 2172 905 donec

681 951 879 1011 corda
911 969 1032 1010 sua
1064 950 1392 1027 repleant.

771 1053 1050 1113 XXXIII.
1090 1053 1303 1112 David
1336 1054 1423 1112 ad
1455 1052 1754 1112 eamdem
1787 1073 1950 1113 rem.

769 1156 1080 1218 XXXIIII.
1135 1157 1321 1229 Quod
1371 1158 1656 1234 plurimi
1702 1164 1856 1217 ante
1897 1160 2163 1234 Leqem,

671 1260 1086 1335 plurimique
1135 1261 1209 1318 in
1247 1261 1445 1336 Le9e,
1489 1260 1904 1336 plurimique
1953 1261 2028 1318 in
2061 1258 2167 1316 ba-

671 1363 920 1436 ptismo
947 1361 1415 1437 perstiterunt,
1455 1363 1569 1438 qui
1599 1380 1722 1436 per
1755 1361 1983 1439 fidelia
2014 1378 2166 1437 ope-

675 1480 776 1537 ra,
826 1464 900 1522 in
948 1460 1319 1530 habitaculo
1374 1461 1830 1538 beatitudinis,
1891 1463 2011 1523 sibi
2059 1482 2164 1522 re-

679 1567 900 1641 quiem
931 1573 1365 1641 paraverunt.

767 1670 1009 1731 XXXV.
1063 1672 1247 1743 Quod
1288 1674 1362 1731 in
1412 1671 1870 1732 secretioribus
1901 1673 2163 1749 qaudiis

675 1777 941 1833 animae
1003 1777 1462 1853 perfectorum
1526 1784 1904 1838 sanctorum
1969 1782 2159 1851 sunt,

673 1879 789 1954 qui
816 1879 911 1937 ita
935 1876 1012 1936 ab
1036 1878 1192 1939 aliis
1218 1878 1589 1940 hominibus
1616 1883 1910 1958 separati
1935 1886 2159 1951 erant,

675 1984 842 2040 sicut
892 1984 1114 2059 an9eli
1160 1982 1236 2041 ab
1269 1983 1663 2045 hominibus.

761 2086 1034 2146 XXXVI.
1089 2087 1272 2158 Quod
1321 2090 1586 2147 animae
1636 2095 2017 2148 sanctorum
2051 2089 2163 2147 de-

671 2193 971 2252 siderant
1020 2183 1297 2270 corpora
1330 2212 1452 2253 sua
1485 2192 1603 2254 sibi
1635 2198 1936 2268 restitui,
1972 2194 2154 2252 velut

675 2299 978 2356 esuriens
1006 2317 1182 2375 puer
1215 2317 1257 2356 a
1284 2304 1478 2374 patre
1506 2316 1754 2375 panem
1780 2300 1974 2375 petit.

765 2402 1073 2463 XXXVII.
1126 2403 1309 2475 Quod
1350 2409 1710 2481 antequam
1742 2405 1988 2462 mortui
2023 2420 2160 2463 cor-

664 2521 833 2579 pora
881 2521 1003 2562 sua
1048 2506 1421 2582 recipiant,
1469 2503 1761 2563 mundus
1807 2521 2160 2563 commove-

684 2610 882 2671 bitur.

758 2709 1103 2774 XXXVIII.
1160 2714 1468 2787 Quamvis
1527 2733 1730 2790 opera
1777 2720 2156 2774 sanctorum

665 2818 927 2875 diversa
955 2816 1245 2893 fuerint,
1281 2822 1506 2876 tamen
1539 2821 1600 2875 et
1638 2822 1820 2877 tactu
1854 2818 2152 2895 Spiritus

673 2921 902 2981 Sancti
935 2918 1114 2977 velut
1149 2919 1402 2978 sodales
1438 2937 1504 2978 se
1540 2927 1952 2996 coqnoscunt.

756 3023 1127 3085 XXXVIIII.
1166 3025 1350 3098 Quod
1382 3027 1455 3085 in
1489 3024 1831 3086 tenebrosa
1866 3026 2153 3106 infideli-

667 3127 1019 3198 tate,·illis
1067 3131 1182 3205 qui
1216 3129 1350 3188 Deo
1383 3131 1456 3187 in
1499 3131 1718 3207 quiete
1753 3133 1999 3190 servire
2041 3132 2152 3190 de-

665 3233 925 3302 berent,
975 3232 1284 3293 Diabolus
1321 3235 1830 3310 inconyruentes
1865 3254 1970 3293 res
1996 3253 2153 3313 pro-

669 3336 886 3411 ponit.

753 3436 880 3498 XL.
943 3438 1127 3510 Quod
1184 3442 1504 3518 antiquus
1572 3443 1862 3519 Serpens
1919 3448 2151 3503 contra

663 3543 972 3603 coelestia
1020 3564 1086 3604 se
1133 3563 1435 3617 movens,
1472 3549 1546 3607 in
1582 3549 1797 3608 locum
1825 3551 2151 3626 perditio-

664 3650 864 3708 tionis
898 3665 1121 3723 omnes
1155 3653 1490 3710 attrahere
1525 3654 1687 3712 vult.

755 3753 909 3813 XLI.
976 3754 1372 3829 Specialiter
1420 3755 1500 3816 de
1532 3761 1786 3818 ventris
1819 3760 2144 3838 inqluvie,

660 3863 721 3915 et
757 3856 983 3917 habitu
1016 3853 1180 3930 ejus,
1219 3865 1283 3917 et
1321 3862 1481 3939 quid
1514 3866 1856 3943 siqnificet.

742 3961 928 4022 XLII.
971 3962 1375 4039 Specialiter
1402 3965 1481 4025 de
1516 3967 1892 4044 acerbitate,
1930 3976 1993 4029 et
2030 3973 2143 4031 ha-

657 4065 797 4125 bitu
830 4061 1004 4139 ejus,
1042 4073 1105 4125 et
1141 4069 1304 4144 quid
1337 4071 1678 4150 siqnificet.

748 4171 961 4230 XLIII.
1027 4171 1239 4232 Isaias
1298 4178 1625 4252 propheta
1687 4178 1774 4237 ad
1839 4179 2139 4238 eamdem

662 4293 826 4335 rem.

753 4378 1002 4439 XLIIII.
1058 4380 1456 4457 specialiter
1503 4385 1582 4445 de
1639 4388 2013 4463 impietate,
2075 4394 2137 4448 et

655 4481 882 4543 habitu
915 4479 1089 4556 ejus,
1125 4491 1189 4544 et
1223 4489 1387 4562 quid
1421 4490 1760 4569 sionificet.

755 4585 934 4647 XLV.
975 4587 1372 4664 specialiter
1404 4593 1484 4651 de
1524 4595 1824 4671 fallacia,
1870 4604 1932 4657 et
1968 4598 2145 4661 habi-

665 4697 740 4749 tu
775 4687 946 4763 ejuS,
982 4698 1045 4750 et
1081 4695 1242 4769 quid
1275 4698 1617 4775 siqnificet.
1999 4682 2005 4689 ⁴

746 4793 956 4854 XLVI.
997 4796 1208 4856 David
1240 4800 1325 4857 ad
1359 4803 1658 4863 eamdem
1692 4825 1855 4867 rem.

750 4895 992 4959 XLVII.
1046 4899 1442 4977 Specialiter
1475 4907 1553 4966 de
1589 4915 2029 4987 contentione,
2075 4920 2137 4973 et

653 5002 878 5063 habitu
912 5002 1083 5078 ejus,
1120 5010 1181 5062 et
1217 5009 1379 5083 quid
1413 5012 1754 5090 siqnificet.

712 5153 755 5221 ¹)
784 5159 844 5212 in
867 5161 1128 5230 anqustia
1147 5176 1278 5231 pon.
1309 5159 1376 5216 A.

1904 517 1959 563 S.
2020 514 2560 564 HILDEGARDIS

2364 636 2637 696 XLVIII.
2691 638 3085 714 Specialiter
3131 636 3212 697 de
3256 638 3654 716 infelicitate
3684 639 3745 697 et

2276 739 2500 800 habitu
2533 735 2700 815 eius,
2737 748 2802 800 et
2833 742 2994 818 quid
3028 743 3369 821 siqnificet.

2369 843 2671 904 XLVIIII.
2724 847 3121 922 Specialiter
3157 847 3237 906 de
3270 847 3751 905 immoderatio·-

2276 966 2384 1021 ne,
2421 954 2483 1006 et
2517 948 2741 1009 habitu
2774 948 2945 1024 ejus,
2982 956 3043 1008 et
3080 952 3242 1028 quid
3274 951 3614 1029 siqnificet.

2365 1051 2432 1110 L.
2489 1052 2884 1138 Specialiter
2931 1055 3012 1112 de
3054 1056 3434 1132 perditione
3497 1055 3750 1112 anima-

2276 1174 2451 1230 rum,
2490 1163 2551 1215 et
2588 1158 2814 1217 habitu
2848 1157 3021 1233 ejus,
3057 1166 3118 1218 et
3155 1161 3316 1236 quid
3349 1160 3686 1238 siqnificet.

2363 1260 2463 1320 LI.
2524 1260 2849 1322 Jeremias
2908 1268 3234 1341 propheta
3293 1265 3380 1323 ad
3450 1263 3748 1323 eamdem

2275 1383 2441 1424 rem.

2360 1472 2487 1530 LII.
2542 1473 2937 1548 Specialiter
2968 1474 3046 1532 de
3080 1477 3303 1552 forma
3332 1474 3461 1534 zeli
3497 1473 3650 1541 Dei,
3683 1477 3744 1530 et

2276 1574 2439 1651 quid
2472 1576 2814 1654 siqnificet.

2362 1677 2521 1737 LIII.
2587 1679 2770 1750 Quod
2820 1681 3155 1740 multoties
3180 1683 3499 1742 ‘homines
3568 1680 3747 1739 zelus

2272 1780 2539 1838 Domini
2593 1782 2912 1857 plurimis
2978 1785 3471 1844 calamitatibus
3531 1800 3751 1860 corpo-

2268 1885 2506 1945 raliter
2552 1888 2830 1965 affliyit,
2881 1891 2995 1966 qui
3026 1889 3440 1949 voluntatem
3476 1888 3600 1949 Dei
3631 1906 3746 1947 ne·-

2268 1991 2549 2067 yliyunt.

2358 2095 2549 2155 LIIII.
2602 2097 2927 2158 Jeremias
2969 2104 3295 2177 propheta
3326 2100 3413 2158 ad
3445 2099 3744 2159 eam-dem

2267 2219 2428 2260 rem.

2354 2308 2476 2368 LV.
2514 2308 2697 2380 Quod
2728 2313 3054 2381 homines,
3090 2313 3205 2388 qui
3225 2312 3571 2387 proximos
3599 2327 3746 2370 suos

2261 2413 2335 2470 in
2383 2414 2766 2487 anqustiam
2808 2421 3100 2489 ponunt,
3133 2406 3179 2493 ¹)
3216 2433 3411 2492 saepe
3445 2415 3742 2475 vindicta

2265 2515 2386 2573 Dei
2433 2513 2510 2573 ab
2557 2518 2738 2575 omni
2783 2517 3110 2594 felicitate
3153 2518 3406 2578 saeculi
3439 2518 3743 2597 deponit,

2264 2623 2423 2698 quia
2456 2625 2681 2682 omnia
2712 2622 3022 2683 absconsa
3052 2629 3253 2686 novit.

2353 2725 2505 2786 LVI.
2584 2727 2769 2799 Quod
2843 2728 3021 2787 Deus
3076 2729 3347 2788 nullum
3409 2731 3743 2791 hominem

2262 2832 2507 2887 creavit
2532 2875 2551 2902 ,
2584 2832 2658 2888 in
2692 2848 2816 2907 quo
2844 2833 3126 2891 scientia
3157 2830 3306 2891 boni
3333 2837 3395 2890 et
3420 2832 3591 2892 mali
3615 2848 3746 2890 non

2258 2934 2494 3009 fuerit.
2934 3008 2941 3014 ¹

2349 3039 2532 3101 LVII.
2584 3040 2679 3100 De
2729 3040 3123 3119 quibusdam
3151 3043 3563 3121 purqatoriis
3593 3060 3750 3121 poe·

2256 3149 2362 3206 nis
2426 3149 2808 3206 animarum
2865 3150 3304 3226 quorumdam
3369 3153 3741 3224 hominum,

2253 3258 2368 3332 qui
2431 3257 2504 3314 in
2570 3257 2830 3317 saeculo
2878 3277 3005 3335 per
3058 3262 3309 3319 ventris
3371 3261 3741 3338 inqluviem

2246 3365 2716 3434 peccaverant,
2764 3368 2830 3419 et
2879 3381 2999 3421 cur
3045 3362 3313 3423 easdem
3344 3366 3443 3423 ita
3467 3364 3741 3441 patian-

2258 3470 2391 3525 tur.

2345 3565 2564 3628 LVIII.
2617 3570 2946 3641 Quomodo
2994 3573 3289 3631 homines
3333 3572 3741 3648 poenitendo

2254 3670 2431 3728 idem
2459 3678 2806 3747 peccatum
2842 3673 2916 3732 in
2951 3675 3319 3751 semetipsis
3353 3675 3646 3737 deleant.

2343 3772 2589 3833 LVIIII.
2652 3774 2835 3847 Quod
2894 3776 2975 3834 de
3022 3777 3123 3836 his
3173 3778 3288 3852 qui
3334 3779 3588 3837 ventris
3637 3782 3741 3839 in-

2247 3875 2535 3951 9luviem
2585 3878 2913 3955 diliyunt,
2965 3880 3325 3939 dicendum
3374 3885 3470 3939 est
3495 3923 3515 3952 ,
3564 3882 3741 3959 quod

2246 3984 2477 4038 venter
2511 3998 2737 4040 eorum
2773 3982 2949 4042 Deus
2983 4000 3214 4043 eorum
3249 3990 3370 4042 est.

2336 4085 2462 4146 LX.
2509 4086 2710 4147 Verba
2746 4091 2974 4166 Moysi.

2339 4190 2493 4250 LXI.
2546 4193 2719 4252 Item
2765 4194 2845 4253 de
2893 4193 3285 4287 quibusdam
3321 4199 3735 4274 purqatoriis

2239 4297 2472 4371 poenis
2554 4298 2939 4356 animarum
3014 4300 3455 4376 quorumdam
3525 4303 3734 4361 homi·

2243 4417 2429 4474 num,
2482 4404 2598 4476 qui
2643 4402 2719 4461 in
2766 4401 3119 4464 acerbitate
3161 4411 3630 4483 peccaverant,
3667 4412 3731 4466 et

2244 4522 2450 4581 quare
2484 4506 2750 4564 easdem
2782 4508 2879 4566 ita
2903 4511 3278 4586 patiantur.
3311 4509 3365 4591 ²)

2338 4607 2520 4667 LXII.
2592 4610 2892 4682 Qualiter
2955 4616 3255 4675 homines
3323 4616 3730 4693 poenitendo

2244 4709 2423 4768 idem
2462 4720 2808 4787 peccatum
2854 4716 2928 4773 in
2977 4717 3350 4795 corporibus
3401 4722 3540 4779 suis
3598 4739 3728 4798 pu-

2244 4817 2460 4875 niant.
3704 4898 3709 4902 ⁶

2331 4921 2547 4982 LXIII.
2580 4923 2764 4996 Quod
2789 4925 3139 5001 acerbitas,
3169 4932 3382 4990 Deum
3401 4951 3723 5002 renuens,

2243 5029 2316 5086 in
2364 5028 2588 5086 acerbo
2636 5033 2899 5090 homine
2948 5036 3294 5094 veritatem
3338 5037 3424 5096 ad
3456 5037 3730 5096 menda-

2278 5181 2323 5245 2)
2353 5183 2433 5235 ita
2458 5180 2693 5237 habeant
2719 5181 2810 5237 W.
