4036 6117
1601 480 1994 530 cAnmNA.
3146 457 3275 519 455

347 605 441 674 Tu
475 629 548 672 es
587 608 778 672 sortis
806 614 872 669 et
902 606 1130 668 suavis
1167 607 1232 665 in
1266 605 1729 680 caeremoniiS,
1759 609 1826 664 et
1863 605 1926 663 in
1954 602 2417 662 coruscatione
2451 594 2687 661 altaris
2724 600 3114 673 ascendens,
3148 604 3218 658 ut
3250 597 3344 656 fu-

261 729 409 778 mus
444 723 843 789 aromatum,
882 713 960 773 ad
998 713 1376 772 columnam
1414 711 1652 770 laudiS.

352 824 470 883 Ubi
510 821 867 882 intercedis
902 836 1022 895 pro
1058 819 1325 893 populo,
1363 817 1479 892 qui
1515 815 1726 875 tendit
1768 814 1849 873 ad
1885 813 2232 887 speculum
2269 812 2461 885 luciS,
2492 811 2598 869 cui
2636 811 2780 869 laus
2814 815 2918 869 est
2951 809 3015 867 in
3051 808 3229 868 altis,

1293 1009 1500 1068 LXIV.
1555 1012 1649 1070 De
1701 1015 1925 1066 sancto
1975 1008 2291 1082 Rupertc).

353 1194 404 1253 O
436 1193 829 1267 Jerusalem,
868 1207 1070 1250 aurea
1106 1189 1376 1259 civitaS,
1415 1193 1650 1247 ornata
1688 1186 1865 1261 regis
1900 1199 2219 1261 purpura.

355 1300 405 1360 Ο
440 1299 812 1358 aedificatio
849 1312 1148 1357 summae
1186 1294 1525 1367 bonitatiS,
1565 1308 1736 1370 quae
1770 1308 1843 1351 es
1877 1293 1987 1351 lux
2022 1305 2359 1367 nunquam
2396 1289 2775 1350 obscurata.

344 1406 438 1464 Tu
473 1405 648 1464 enim
684 1421 757 1463 cs
793 1410 1026 1463 ornata
1064 1402 1128 1461 in
1162 1420 1404 1462 aurora
1438 1404 1502 1461 et
1540 1402 1605 1459 in
1639 1400 1862 1459 calore
1897 1399 2081 1459 solis,

357 1512 408 1571 O
441 1513 636 1572 beata
670 1513 981 1587 pueritia,
1020 1525 1190 1586 quae
1229 1509 1468 1568 rutilas
1503 1510 1569 1567 in
1619 1524 1884 1582 aurora,
1936 1509 2004 1566 et
2036 1523 2073 1564 o
2110 1506 2467 1567 laudabilis
2517 1505 2990 1582 adolescentia,
3030 1524 3201 1584 quae
3249 1525 3355 1569 are

269 1618 388 1675 des
425 1621 489 1675 in
524 1618 683 1677 sole.

365 1720 524 1780 Nam
568 1729 661 1797 tu,
700 1740 736 1782 o
773 1724 1019 1784 nobilis
1055 1725 1370 1800 Ruperte,
1410 1724 1474 1783 in
1511 1722 1614 1782 his
1650 1725 1825 1782 sicut
1852 1738 2115 1798 gemma
2152 1721 2425 1795 fulsisti,
2456 1722 2627 1780 unde
2663 1738 2789 1781 non
2817 1729 3006 1799 potes
3035 1724 3354 1784 abscondi

275 1826 500 1884 stultis
537 1827 940 1902 hominibuS‚
981 1831 1157 1889 sicut
1189 1847 1308 1888 nec
1346 1845 1533 1888 mons
1571 1828 1728 1887 valli
1764 1828 2041 1887 celatur.

365 1929 411 1987 F
415 1936 722 1991 enestrae
751 1937 925 2006 tuae,
953 1932 1348 2006 Jerusalem,
1381 1948 1530 1992 cum
1561 1932 1819 2008 topazio
1846 1937 1914 1990 et
1941 1929 2258 2006 sapphiro
2287 1930 2672 2005 specialiter
2698 1937 2852 1991 sunt
2877 1932 3252 1993 decoratae.

365 2035 434 2094 In
470 2037 715 2112 quibus
750 2038 905 2097 dum
940 2037 1178 2113 fulges,
1215 2055 1252 2097 o
1289 2038 1605 2112 Ruperte,
1641 2053 1770 2096 non
1806 2041 1994 2109 potes
2029 2035 2347 2094 abscondi
2384 2035 2628 2110 tepidis
2661 2036 2987 2111 moribuS‚
3025 2038 3202 2098 sicut
3236 2054 3358 2097 nec

278 2155 468 2199 mons
502 2142 686 2217 valli,
725 2147 1083 2202 coronatus
1119 2141 1518 2217 rosis,.liliis
1552 2147 1618 2199 ct
1651 2156 1972 2216 purpura,
2011 2139 2077 2197 in
2110 2154 2268 2198 vera
2304 2141 2704 2199 ostensione.

366 2243 416 2302 O
455 2251 639 2304 tener
673 2245 793 2306 ssos
843 2246 1082 2322 campi,
1134 2253 1201 2305 et
1235 2263 1272 2304 o
1307 2245 1525 2304 dulcis
1574 2244 1883 2303 viriditas
1916 2242 2118 2318 pomi,
2156 2248 2223 2301 et
2256 2257 2293 2301 o
2330 2242 2595 2302 sarcina
2630 2242 2773 2301 sine
2823 2244 3135 2319 medulla,
3185 2261 3359 2322 quae

279 2361 407 2404 non
446 2345 652 2406 flectit
683 2342 726 2424 ¹)
763 2352 1036 2423 pectora
1072 2348 1137 2406 in
1170 2347 1471 2406 crimina.

370 2449 419 2508 O
455 2468 573 2509 vas
608 2452 851 2526 nobile,
891 2453 1064 2528 quod
1099 2468 1229 2512 non
1265 2458 1368 2511 est
1402 2450 1752 2526 pollutum,
1782 2466 1902 2510 nec
1936 2449 2331 2509 devoratum
2369 2451 2433 2509 in
2469 2450 2827 2511 saltatione
2864 2452 3177 2529 antiquae
3213 2469 3368 2530 spe-

284 2556 540 2628 luncae,
577 2559 643 2616 et.
677 2557 853 2632 quod
890 2573 1018 2616 non
1050 2560 1156 2615 est
1191 2557 1601 2615 maceratum
1639 2554 1703 2613 in
1739 2554 2129 2614 vulneribus
2163 2554 2418 2630 antiqui
2455 2555 2835 2630 perditoris

371 2660 440 2718 In
478 2666 541 2718 te
590 2660 1052 2735 symphonizat
1099 2660 1387 2734 Spiritus
1438 2659 1741 2732 SanctuS‚
1795 2660 1953 2735 quia
2001 2658 2324 2746 angelicis
2373 2657 2598 2718 choris
2648 2661 3033 2734 associariS,
3085 2667 3154 2722 et
3201 2678 3366 2739 quo-

283 2766 461 2825 niam
501 2766 563 2824 in
598 2766 762 2825 Filio
798 2766 915 2824 Dei
949 2767 1238 2838 ornaris,
1276 2782 1427 2824 cum
1460 2765 1711 2824 nullam
1748 2764 2080 2824 maculam
2115 2763 2340 2823 habes,

372 2872 555 2944 Quod
589 2889 709 2932 vas
743 2873 1059 2932 decorum
1095 2877 1167 2932 tu
1201 2887 1297 2944 ee,
1335 2888 1372 2930 o
1407 2871 1722 2947 Ruperte,
1760 2871 1872 2946 qui
1911 2871 1975 2930 in
2001 2870 2291 2947 pueritia
2326 2876 2393 2929 et
2419 2870 2872 2933 adolescentia
2908 2880 3021 2934 tua
3049 2875 3130 2935 ad
3158 2874 3366 2935 Deum

283 2955 642 3045 anhelasti,
682 2977 746 3035 in
781 2977 1018 3035 timore
1050 2975 1168 3035 Dei
1201 2980 1270 3034 et
1305 2975 1368 3033 in
1401 2976 1818 3051 amplexione
1852 2973 2233 3048 charitatiS,
2285 2980 2351 3034 et
2389 2975 2452 3034 in
2486 2976 2889 3035 suavissimo
2925 2978 3129 3039 odore
3164 2980 3366 3040 bono-

291 3099 438 3142 rum
473 3098 766 3158 operum.

377 3188 429 3246 O
459 3188 849 3261 Jerusalem,
907 3186 1407 3247 fundamentum
1462 3193 1647 3246 tuum
1697 3187 1992 3263 positum
2025 3194 2129 3246 est
2177 3167 2590 3246 torrentibus
2625 3186 2984 3261 lapulibuS,
3037 3189 3211 3265 quod
3263 3196 3369 3250 est

292 3308 440 3351 cum
476 3292 849 3367 publicanis
877 3297 943 3350 et
969 3292 1456 3366 peccatoribuS‚
1489 3289 1631 3368 (qui
1666 3290 1964 3365 perditae
1998 3307 2159 3351 oves
2186 3295 2397 3362 crant,
2429 3288 2544 3348 sed
2581 3304 2698 3362 per
2731 3288 2968 3349 Filium
2996 3290 3112 3349 Dei
3143 3292 3368 3351 inven-

297 3395 456 3474 tae,)
492 3396 573 3454 ad
611 3398 672 3455 te
707 3401 1169 3469 cucurrerunt,
1207 3402 1273 3455 et
1309 3397 1372 3454 in
1407 3402 1472 3454 te
1503 3396 1708 3469 positi
1743 3401 1917 3455 sunt.

382 3501 627 3562 Deinde
647 3503 836 3561 ‘muri
871 3502 969 3563 tui
1007 3502 1358 3563 fulminant
1391 3504 1567 3562 vivis
1602 3503 1958 3579 lapidibus,
1997 3504 2112 3580 qui
2146 3518 2266 3578 per
2300 3517 2634 3561 summum
2672 3502 2969 3562 studium
3002 3504 3212 3564 bonae
3262 3522 3376 3566 vo·-

297 3608 574 3666 luntatis
610 3608 807 3683 quasi
839 3608 1051 3668 nubes
1088 3608 1150 3668 in
1187 3610 1372 3669 coelo
1408 3609 1822 3670 volaverunt.

382 3712 459 3771 Et
493 3713 585 3771 ita
619 3716 838 3771 turres
885 3713 1003 3787 tui,
1036 3728 1073 3771 o
1103 3713 1497 3787 Jerusalem,
1538 3713 1816 3774 rutilant
1848 3719 1914 3772 et
1948 3713 2236 3773 candent
2269 3728 2386 3787 per
2420 3712 2734 3773 ruborem
2767 3719 2834 3772 et
2867 3730 2987 3790 per
3020 3717 3375 3777 candorem

295 3821 676 3876 sanctorum
714 3822 781 3875 et
813 3831 933 3893 per
966 3819 1188 3876 omnia
1223 3822 1615 3877 ornamenta
1647 3816 1786 3891 Dei,
1824 3834 1995 3894 quae
2030 3818 2154 3878 tibi
2187 3833 2317 3877 non
2350 3817 2613 3892 desunt,
2651 3834 2689 3877 o
2722 3817 3112 3880 Jerusalem.

327 3994 328 3997 Ἴ
386 3919 564 3978 Unde
598 3936 739 3993 VOS,
778 3935 814 3977 ο
850 3920 1068 3978 ornati
1118 3925 1184 3978 et
1216 3936 1253 3978 o
1289 3919 1612 3993 coronati,
1665 3919 1777 3995 qui
1828 3918 2151 3979 habitatis
2187 3919 2253 3978 in
2282 3918 2677 3992 Jerusalem,
2729 3921 2795 3978 et
2828 3936 2864 3977 o
2909 3924 3000 3993 tu,
3054 3921 3370 3998 Ruperte,

296 4023 411 4099 qui
447 4038 517 4081 es
553 4021 781 4081 socius
814 4036 1046 4081 eorum
1085 4022 1149 4080 in
1184 4020 1307 4080 hac
1343 4019 1777 4092 habitatione,
1817 4021 2190 4080 succurrite
2222 4021 2415 4080 nobis
2454 4020 2930 4079 famulantibus
2965 4023 3029 4080 et
3080 4022 3145 4082 in
3177 4022 3375 4085 exilio

299 4127 778 4189 laborantibus

1091 4323 1274 4385 LXV.
1331 4326 1422 4385 De
1463 4326 1766 4397 undecim
1803 4324 2097 4384 millibus
2143 4325 2527 4402 ViryinibuS.
2564 4324 2613 4403 Ἰ)

384 4504 436 4562 Ο
469 4503 792 4577 Ecclesia,
829 4502 1007 4562 oculi
1033 4503 1131 4562 tui
1158 4503 1416 4562 similes
1451 4503 1783 4579 sapphyro
1819 4508 1993 4576 sunt,
2033 4508 2099 4562 et
2133 4507 2492 4564 aurestuae
2543 4505 2749 4563 monti
2790 4505 3045 4582 Bethel,
3074 4515 3141 4568 et
3174 4524 3382 4571 nasus

303 4618 459 4675 tuus
491 4620 594 4673 est
627 4615 805 4672 sicut
832 4629 1021 4672 mons
1051 4613 1358 4687 myrrhae
1385 4619 1451 4671 et
1479 4612 1722 4682 thuriS,
1752 4619 1820 4671 et
1847 4628 1923 4671 os
1957 4614 2144 4671 tuum
2173 4613 2366 4688 quasi
2402 4628 2607 4672 sonus
2641 4627 2971 4688 aquarum
2996 4616 3380 4677 multarum.

396 4720 465 4779 In
503 4720 759 4778 visione
793 4734 994 4777 verae
1029 4718 1203 4791 fidei,
1239 4718 1482 4778 Ursula
1515 4717 1755 4776 Filium
1790 4717 1906 4775 Dei
1941 4719 2220 4788 amavit,
2271 4721 2338 4778 et
2368 4718 2587 4778 virum
2622 4732 2775 4777 cum
2810 4718 2936 4779 hoc
2970 4721 3197 4779 seculo
3234 4722 3386 4780 reli-

305 4825 475 4900 quit,
513 4826 580 4883 et
616 4825 678 4881 in
715 4824 923 4881 solem
963 4824 1248 4897 aspexit,
1287 4828 1488 4898 atque
1523 4820 2049 4897 pulcherrimum
2082 4821 2393 4897 juvenem
2428 4823 2695 4882 vocavit
2727 4823 2977 4883 dicens:

383 4994 424 5049 ¹)
450 4996 606 5063 flexit
630 4992 752 5049 cod.
784 4992 883 5048 alt.
927 5024 993 5032 —-
1020 4994 1064 5043 ²1
1106 4991 1260 5047 Haec
1300 4992 1468 5047 simul
1514 5007 1576 5047 ac
1617 4991 1805 5047 omnia
1896 5007 1946 5048 v,
1973 4992 2173 5049 Victor
2199 4994 2267 5048 de
2294 4993 2450 5048 Buch
2482 4991 2744 5065 inprimis
2771 5011 2837 5048 ex
2867 4995 3030 5049 beato
3060 4993 3388 5051 Hermanno

307 5080 700 5150 praecedentia
736 5080 994 5135 undecim
1040 5079 1286 5133 millium
1319 5079 1602 5148 virginum
1644 5097 1807 5135 enco-
1895 5078 2175 5150 decerpsit
2202 5085 2537 5150 opportune,
2578 5083 2633 5132 et
2672 5078 2960 5132 commode
2987 5078 3235 5133 attexuit
3272 5086 3383 5137 Act.

309 5164 421 5218 mia
451 5165 589 5221 adde
616 5166 975 5235 elegantibus
1005 5166 1341 5236 hymnorum
1373 5165 1538 5220 sertis
1559 5182 1700 5235 quae
1727 5166 1798 5221 cl.
1896 5167 2141 5222 Sam-tor.
2174 5165 2264 5220 die
2292 5165 2429 5221 xxi
2458 5166 2669 5220 octobr.
2709 5170 2745 5220 t.
2782 5165 2861 5220 ΙΧ
2887 5180 2939 5235 p.
2973 5169 3225 5223 299-301.
