4036 6117
737 399 825 463 1⁸
1886 420 1938 466 S.
1994 416 2539 469 ntnnsscAams

662 535 1021 610 plicatione
1050 531 1097 615 ¹)
1132 543 1595 598 creaturarum
1629 537 1882 600 habuit.
1909 539 1989 600 Et
2016 540 2190 601 idem
2224 542 2332 601 vir
2366 542 2431 601 in
2463 542 2738 618 antiquo
2773 541 3057 602 concilio
3093 541 3317 604 omnia
3348 542 3522 604 bona
3555 533 3760 620 plenia

661 645 767 700 ter
796 643 1171 718 constituit,
1199 649 1267 703 et
1300 658 1492 704 omne
1525 643 1903 705 aedificium
1932 645 2263 706 virtutum
2289 647 2388 706 sic
2414 646 2774 722 ordinavit,
2803 647 2981 722 quod
3008 648 3315 709 vacuitas
3343 648 3409 708 in
3431 665 3510 708 eo
3533 644 3587 727 ²)
3614 636 3758 708 nul-

660 744 724 804 la
774 745 1144 821 invenitur;
1195 748 1367 807 unde
1416 748 1484 808 in
1534 764 1774 823 magna
1822 748 2234 824 plenitudine
2283 755 2517 811 contra
2549 750 2859 809 inimicos
2893 767 3055 810 suos
3088 752 3432 827 pugnavit,
3469 763 3756 828 quorum

652 850 920 911 viscera
974 851 1292 929 superbia
1346 858 1482 927 est,
1541 866 1714 930 quae
1760 852 1950 929 prius
2000 855 2363 914 ascendere
2396 859 2633 929 tentat,
2673 870 2875 931 quam
2909 855 3162 914 scalam
3198 855 3445 929 videat3
3481 859 3549 913 et
3581 867 3753 929 quae

650 952 842 1027 prius
886 954 1096 1030 sedet,
1142 971 1345 1032 quam
1380 955 1576 1015 sedes
1608 961 1918 1032 ponatur3
1955 963 2024 1015 et
2056 957 2250 1033 cujus
2283 975 2453 1034 opus
2487 958 2709 1034 opinio
2743 963 2871 1032 est,
2908 974 3080 1033 quae
3113 974 3265 1018 cum
3297 955 3642 1033 defecerit,
3681 953 3756 1015 il-

648 1055 712 1114 la
750 1056 816 1115 in
851 1057 1197 1117 interitum
1228 1058 1435 1118 vadit.
1471 1058 1636 1118 Nam
1683 1059 1858 1118 idem
1889 1061 2014 1135 vir,
2052 1061 2120 1120 in
2155 1060 2567 1137 plenitudine
2599 1059 2818 1120 virilis
2852 1061 3077 1136 operis
3112 1059 3243 1135 sui,
3278 1061 3614 1120 suscitavit
3650 1077 3751 1119 ze·-

652 1158 815 1234 lum,
868 1160 1130 1220 scilicet
1178 1160 1522 1221 ardentem
1574 1162 1793 1237 ignem
1845 1162 1911 1221 in
1945 1163 2248 1238 angelico
2296 1164 2550 1238 ordine,
2588 1164 2703 1239 qui
2750 1168 2964 1222 totum
2999 1162 3262 1222 hostem
3293 1162 3559 1238 deJecit,
3587 1174 3750 1220 cum

650 1262 762 1322 ille
806 1265 1103 1325 tenebris
1138 1266 1435 1326 malitiae
1472 1281 1633 1325 suae
1666 1266 1926 1325 coelum
1962 1267 2354 1327 obnubilare
2386 1268 2621 1327 voluit.
2655 1267 2736 1327 Et
2769 1267 2868 1326 sic
2902 1267 2969 1326 in
3005 1266 3377 1327 fortissima
3412 1266 3480 1324 vi
3512 1264 3749 1324 volun-

647 1367 809 1426 tatis
857 1367 998 1444 Dei,
1040 1386 1116 1429 ac
1153 1371 1219 1428 in
1251 1370 1494 1445 gaudio
1528 1371 1855 1429 victoriae
1887 1370 2282 1431 vociferatio
2317 1377 2549 1430 exorta
2582 1378 2709 1446 est,
2746 1386 2899 1429 cum
2932 1369 3233 1445 angelica
3268 1368 3464 1428 turba
3495 1365 3749 1426 vocife-

646 1469 945 1546 rabatur,
980 1472 1230 1532 dicens:
1265 1492 1296 1529 «
1335 1472 1496 1544 Quis
1529 1478 1635 1531 est
1675 1472 1918 1532 similis
1950 1472 2122 1532 Deo‘?
2150 1490 2182 1530 »
2220 1472 2291 1532 In
2326 1489 2458 1548 qua
2489 1474 2694 1532 etiam
2725 1471 3229 1547 vociferatione,
3264 1470 3448 1530 velut
3479 1467 3749 1528 validus

638 1577 883 1632 ventus
909 1582 1284 1648 ventorum,
1315 1576 1532 1635 omnis
1559 1575 1876 1635 coelestis
1903 1576 2144 1635 militia
2171 1577 2490 1634 clamavit
2515 1575 2705 1635 illum
2731 1574 3080 1649 cecidisse,
3108 1580 3177 1633 et
3201 1572 3538 1648 gaudebat
3565 1570 3748 1647 quod

641 1679 880 1739 amodo
928 1680 1180 1739 nullam
1232 1680 1494 1740 ruinam
1543 1680 1610 1738 in
1657 1680 1844 1739 coelo
1886 1680 2119 1739 visura
2153 1685 2356 1740 esset.
2393 1678 2502 1739 Sic
2535 1678 2755 1739 hostis
2788 1679 3106 1755 antiquus
3142 1678 3206 1736 in
3240 1676 3537 1736 tenebris
3573 1674 3748 1734 ceci-

637 1782 759 1857 dit,
820 1783 1036 1843 inanis
1092 1784 1241 1842 luce
1286 1788 1355 1842 et
1385 1781 1629 1858 gaudio
1677 1781 1879 1857 vitae,
1925 1797 2004 1842 ac
2050 1781 2439 1859 pharetram
2484 1788 2553 1842 et
2592 1781 2818 1858 jacula
2866 1798 2991 1841 sua
3038 1785 3272 1840 contra
3319 1779 3739 1839 voluntatem

635 1888 837 1965 hujus
869 1889 1301 1965 praeliatoris
1333 1888 1626 1964 collegit.

2094 1992 2287 2054 XXII.

1400 2194 1576 2259 Deus
1622 2202 1871 2260 hostem
1916 2198 2269 2274 antiquum
2316 2197 2582 2257 omnino
2629 2195 2947 2257 destruet.

715 2408 823 2472 34.
859 2410 983 2470 Sed
1020 2409 1195 2469 idem
1228 2408 1360 2482 vir,
1389 2422 1510 2484 per
1542 2405 1724 2465 aliud
1757 2421 1927 2481 opus
1960 2406 2138 2482 quod
2172 2410 2492 2481 operatus
2522 2411 2651 2482 est,
2678 2405 2993 2465 videlicet
3019 2419 3140 2480 per
3163 2401 3501 2462 hominem
3525 2415 3733 2478 quem

628 2513 808 2589 fecit,
845 2528 1050 2590 super
1098 2511 1405 2570 inimicos
1453 2526 1615 2569 suos
1648 2509 2072 2569 confortatus
2103 2515 2234 2584 est,
2273 2509 2339 2568 in
2372 2525 2505 2584 qua
2539 2508 2929 2569 fortitudine
2963 2513 3196 2568 contra
3223 2506 3449 2583 Jacula
3482 2511 3550 2565 et
3585 2521 3734 2566 ma·-

624 2618 840 2679 litiam
870 2610 920 2696 ⁸)
954 2615 1168 2675 dolosi
1206 2614 1425 2673 hostis
1449 2613 1665 2672 denuo
1697 2628 1997 2689 pugnare
2032 2614 2272 2689 coepit.
2304 2613 2509 2674 Cuius
2542 2614 2780 2690 praelii
2820 2632 2850 2671 α
2883 2612 3194 2685 Verbum,
3223 2610 3399 2688 quod
3432 2626 3591 2670 caro
3630 2609 3730 2669 fa-

622 2726 805 2780 ctum
838 2725 967 2794 est,
998 2736 1030 2775 »
1086 2717 1408 2776 vexillum
1453 2716 1690 2775 deinde
1722 2717 2042 2793 portabit,
2093 2723 2161 2776 et
2211 2716 2376 2775 haec
2422 2732 2644 2792 pugna
2678 2717 2778 2776 sic
2810 2716 3103 2789 durabit,
3155 2715 3364 2775 donec
3398 2729 3727 2773 numerus

627 2827 946 2899 fratrum,
998 2824 1259 2883 scilicet
1290 2823 1672 2897 beatorum,
1712 2822 2091 2899 impleatur.
2126 2823 2291 2882 Nam
2332 2822 2702 2882 fortissima
2739 2838 2960 2899 pugna
2997 2821 3170 2881 idem
3200 2821 3308 2880 vir
3340 2836 3493 2912 cum
3527 2819 3730 2879 hoste

624 2934 755 2992 isto
791 2932 1033 2990 iterum
1065 2927 1528 3005 praeliabitur,
1566 2927 1742 2987 sicut
1774 2927 1963 3003 prius
2003 2928 2069 2987 in
2103 2928 2290 2986 coelo
2325 2943 2478 2986 cum
2510 2943 2589 2986 eo
2621 2928 2966 3002 pugnavit3
3006 2943 3084 2986 ac
3116 2942 3269 2985 eum
3304 2926 3572 2984 omnino
3606 2922 3726 2984 de-

621 3041 862 3112 struet,
912 3035 1228 3112 quoniam
1279 3033 1346 3093 in
1394 3033 1533 3094 otio
1580 3038 2010 3108 peccatorum
2061 3033 2272 3108 stetit,
2319 3038 2387 3092 et
2421 3032 2738 3110 quoniam
2771 3032 2840 3092 in
2871 3035 3206 3107 potestate
3241 3024 3449 3091 totius
3482 3028 3619 3089 doli
3653 3033 3726 3089 et

617 3141 917 3202 malitiae
965 3139 1159 3200 sedit.
1208 3137 1335 3198 Sed
1383 3136 1500 3213 qui
1548 3137 1676 3196 hoc
1710 3135 1933 3196 facere
1965 3136 2204 3211 noluit,
2239 3136 2479 3197 beatus
2512 3142 2641 3212 est,
2679 3137 2772 3196 ita
2805 3136 2982 3211 quod
3015 3136 3362 3196 beatitudo
3391 3133 3547 3211 ejus
3582 3148 3722 3193 non

616 3247 899 3307 deficiet.

2040 3343 2264 3404 XXIII.

1394 3552 1597 3612 Homo
1644 3550 1805 3629 quid
1850 3556 2004 3611 ante
2053 3569 2205 3611 eum
2252 3557 2315 3610 et
2361 3552 2599 3629 futura
2644 3554 2923 3629 iquos-at.

697 3764 805 3824 35.
838 3758 919 3821 Et
950 3758 1251 3836 ejusdem
1293 3756 1424 3816 viri
1456 3755 1832 3832 proceritas
1864 3760 2051 3815 tanta
2083 3760 2211 3830 est,
2248 3755 2425 3833 quod
2460 3773 2499 3816 a
2529 3756 2858 3834 principio
2890 3761 3354 3815 creaturarum
3388 3768 3601 3829 usque
3639 3753 3713 3812 in

609 3870 806 3929 finem
855 3863 1108 3926 saeculi
1156 3860 1557 3934 extenditur,
1609 3859 1925 3935 quoniam
1974 3858 2173 3918 homo
2204 3854 2278 3939 ⁴),
2313 3875 2392 3919 ex
2427 3877 2559 3937 quo
2598 3859 2817 3921 factus
2850 3866 2956 3921 est
2990 3876 3203 3937 usque
3240 3859 3323 3919 ad
3365 3857 3710 3917 defectum

606 3986 825 4044 suum,
877 3967 1059 4043 loqui
1109 3965 1376 4042 poterit.
1428 3961 1595 4034 Quid
1646 3967 1872 4022 autem
1920 3968 2074 4022 ante
2107 3978 2283 4038 eum,
2322 3964 2428 4024 vel
2462 3962 2622 4040 quid
2654 3969 2810 4040 post
2844 3980 2996 4022 eum
3036 3963 3332 4023 futurum
3368 3962 3479 4036 sit,
3516 3961 3712 4034 igno-

603 4079 727 4132 rat.
763 4071 927 4130 Nam
961 4067 1137 4127 Deus
1169 4081 1291 4126 nec
1325 4065 1588 4126 initium
1622 4079 1744 4123 nec
1777 4063 1974 4123 finem
2007 4062 2231 4125 habet.

2014 4267 2272 4330 XXIIII.

1245 4476 1417 4550 Quid
1442 4483 1597 4536 ante
1624 4477 2048 4554 principium
2079 4476 2317 4536 mundi
2348 4479 2589 4556 fuerit,
2626 4478 2802 4538 Deus
2837 4481 3039 4539 novit.

678 4689 786 4750 36.
836 4687 1018 4748 Unde
1070 4687 1245 4746 idem
1285 4685 1393 4746 vir
1427 4685 1509 4745 ab
1543 4684 1842 4745 humeris
1876 4685 2021 4745 suis
2057 4700 2328 4745 sursum
2363 4702 2568 4762 supra
2599 4687 2812 4748 nubes
2846 4689 2914 4749 in
2948 4688 3381 4750 serenissimo
3414 4688 3692 4750 aethere

586 4802 715 4870 est,
767 4793 1082 4871 quoniam
1115 4790 1274 4868 quid
1311 4796 1462 4850 ante
1496 4790 1898 4866 principium
1933 4789 2163 4850 mundi
2197 4788 2422 4868 fuerit,
2460 4793 2604 4869 ipse
2638 4794 2825 4855 solus
2861 4796 2926 4855 in
2960 4802 3219 4856 secreto
3252 4797 3518 4858 divinae
3551 4797 3694 4859 cla-

655 4964 698 5028 ¹)
737 4962 1240 5035 multiplicationem
1273 4959 1340 5015 A.
2212 4959 2257 5026 ³)
2282 4969 2470 5019 contra
2484 4965 2684 5034 jacula
2707 4973 2757 5022 et
2777 4967 3034 5024 militiam
3058 4968 3125 5024 A.

653 5053 698 5115 ²)
728 5053 972 5105 vacuitas
997 5051 1057 5103 in
1081 5065 1146 5104 ea
1174 5045 1255 5102 sic
1280 5045 1373 5101 W.
2213 5047 2257 5113 ⁴)
2283 5056 2546 5121 quantum
2572 5052 2725 5106 homo
2749 5054 2817 5109 A.
