4036 6117
1630 521 2133 571 EpisToLAE.

343 652 518 709 equus
559 636 828 711 pallidus,
869 643 1072 711 quarta
1110 639 1268 710 niger
1289 654 1503 711 porciu.
1533 640 1730 711 quinta
1768 640 1850 694 lu-

515 727 703 765 riuus.

421 727 523 833 703)
561 781 627 835 A.
673 780 806 835 Vidi
839 780 905 834 ad
932 779 1296 849 Aquilonem.
1330 785 1388 835 et
1420 798 1548 835 ecce
1579 779 1658 836 ibi
1729 780 1851 834 uin-

389 867 458 903 ue
504 851 719 906 bestiae
767 852 1061 907 stabant...
1114 868 1172 907 se
1219 858 1300 917 (et
1339 868 1397 905 se
1443 852 1530 905 Ρ.)
1576 852 1643 904 ad
1741 851 1847 907 cci-

387 927 574 977 entem
618 929 919 979 vertentes
965 923 1035 978 El
1087 922 1164 978 ibi
1216 923 1276 977 in
1320 921 1629 978 Occidente
1662 939 1847 977 coram

348 992 558 1047 eisdem
590 994 809 1049 bestiis,
845 996 1071 1050 Caetera
1096 1014 1195 1049 om.
1225 996 1290 1057 A,
1314 995 1379 1049 B.
1412 1010 1581 1066 usque
1606 996 1680 1048 ad
1704 997 1842 1049 710.

349 1062 411 1118 B.
446 1068 576 1119 med.
621 1066 686 1119 ad
726 1080 1009 1135 quemque
1035 1081 1062 1117 a
1112 1065 1252 1120 icem
1288 1064 1542 1135 ejusdem
1569 1063 1733 1120 collis
1759 1082 1851 1119 ex-

351 1142 543 1190 tensus
570 1142 782 1192 esset...
861 1145 1043 1192 raeter
1095 1152 1261 1191 unem
1303 1138 1534 1192 illum...
1574 1136 1848 1207 praedicti

364 1206 541 1262 lucidi
581 1213 638 1263 et
692 1208 803 1279 lapi
849 1224 906 1263 es
954 1206 1192 1280 praefati
1247 1207 1464 1263 muri...
1498 1222 1667 1277 super
1693 1223 1849 1263 eum-

344 1277 471 1330 dem
503 1280 841 1347 angulum...
873 1281 945 1334 ab
975 1279 1252 1335 umbilico
1278 1296 1379 1334 suo
1405 1278 1734 1335 deorsum...
1771 1280 1850 1334 ita

349 1349 620 1405 videlicet
652 1355 781 1405 ut...

422 1420 477 1474 Β.
515 1427 571 1476 et
602 1421 813 1476 ibidem
844 1421 1020 1476 veluti
1053 1422 1239 1493 lyra...
1273 1421 1331 1476 in
1363 1426 1743 1476 transversum
1769 1420 1848 1491 ja-

344 1498 576 1547 cente...
621 1498 676 1547 et
716 1494 786 1547 ab
817 1491 937 1561 ipso
981 1495 1099 1547 loco
1140 1509 1318 1561 usque
1355 1492 1422 1545 ad
1459 1507 1845 1547 mensuram...

349 1563 524 1616 talum
557 1578 720 1618 suum
762 1564 1062 1619 umbrosus
1101 1571 1269 1625 esset,
1298 1580 1361 1619 ac
1390 1571 1453 1617 ut
1481 1564 1551 1617 ab
1584 1564 1843 1618 eadem...

344 1634 641 1689 candidior
667 1640 1024 1707 appareret...
1072 1651 1221 1690 nunc
1248 1634 1420 1690 etiam
1465 1634 1606 1690 mihi
1637 1634 1849 1690 ibidem

347 1704 624 1761 iterum...
669 1723 788 1761 eam
831 1707 998 1762 modo
1036 1708 1107 1761 ab
1148 1706 1423 1763 umbilico
1463 1724 1631 1763 su0...
1678 1706 1734 1763 in
1763 1722 1852 1759 eo-

344 1777 473 1831 dem
503 1783 692 1832 autem
725 1780 910 1834 loc0...

418 1849 476 1903 C.
510 1856 566 1902 et
591 1854 652 1903 ut
679 1866 740 1905 os
763 1849 1011 1905 leoniS...
1044 1849 1139 1904 sed
1166 1849 1236 1904 ab
1261 1850 1456 1904 eodem
1485 1849 1740 1918 capite...
1766 1864 1854 1902 ea-

343 1918 472 1973 dem
502 1920 686 1988 imago
713 1921 909 1976 alba...
941 1920 1289 1976 contritione
1319 1928 1482 1976 tunsa
1511 1925 1698 1975 erat...
1733 1924 1852 1973 tan-

344 1997 542 2058 gentes
582 1993 758 2046 talum
788 1993 1015 2048 albae...
1050 1992 1195 2046 idem
1228 1999 1646 2047 monstruosum
1681 1997 1851 2061 caput

346 2078 406 2117 se
430 2068 590 2117 tanto
608 2061 821 2132 fragore
844 2080 870 2117 a
898 2065 1019 2119 loco
1041 2079 1142 2117 suo
1162 2064 1447 2125 dissolvit,
1463 2063 1611 2133 quod
1634 2077 1844 2119 omnes,

422 2138 525 2188 710
569 2136 635 2190 A.
682 2142 745 2190 ut
783 2135 974 2189 eadem
1016 2135 1315 2191 muliebris
1355 2136 1604 2202 imago...
1649 2149 1848 2202 magna

349 2220 528 2259 massa
567 2206 737 2260 multi
779 2206 1108 2263 stercoris..
1153 2223 1320 2276 super
1357 2205 1654 2277 quemdam
1695 2221 1852 2261 mon·

350 2282 529 2332 tem...
578 2277 724 2332 idem
752 2284 989 2349 caput...
1021 2279 1090 2334 de
1117 2285 1309 2334 monte
1335 2279 1529 2334 eodem
1570 2277 1846 2334 cecidit...

349 2346 494 2403 idem
520 2358 690 2419 caput
719 2355 871 2404 tanta
901 2349 1129 2406 sorde...
1159 2350 1216 2406 in
1245 2365 1391 2406 max.
1422 2357 1689 2404 terrorem
1719 2349 1851 2404 init-

348 2423 621 2474 terentur.
657 2421 777 2492 Ipsa
807 2426 993 2475 autem
1023 2423 1296 2477 nebula...
1325 2421 1491 2476 nobis
1516 2421 1619 2475 boc
1650 2419 1842 2477 fuisse.

419 2491 477 2547 B.
510 2491 633 2547 ach!
679 2508 781 2547 nos
821 2492 1121 2549 miseros..
1173 2508 1537 2564 properemus
1579 2492 1637 2547 in
1682 2496 1849 2546 testa-

346 2570 669 2619 mentum...
701 2565 972 2634 quoniam
1001 2566 1122 2622 acb!
1150 2566 1274 2620 acb!
1308 2565 1430 2620 ach!
1460 2564 1665 2619 misere
1686 2564 1843 2619 dece-

346 2632 428 2703 pti
479 2632 760 2692 suimus»...
815 2636 1097 2706 praefatae
1157 2635 1479 2693 mulieris...
1540 2634 1848 2706 audivique

344 2705 436 2768 (A,
470 2706 536 2760 B.
604 2725 732 2762 orro
767 2714 1079 2772 recurrunt)
1121 2724 1309 2765 vocem
1351 2708 1419 2762 de
1458 2707 1614 2763 coelo
1659 2706 1847 2762 dicen-

347 2781 458 2829 tem
492 2776 564 2831 mi
618 2777 699 2833 i...
734 2777 812 2832 ita
843 2786 905 2832 ut
935 2778 1244 2836 mundus...
1292 2784 1402 2833 tam
1432 2778 1580 2851 apud
1611 2777 1845 2834 nuntios

342 2847 519 2903 filii...
553 2848 797 2904 nimium
827 2850 1061 2918 fatigata
1092 2850 1167 2906 sit
1194 2851 1266 2914 A,
1296 2851 1401 2907 Β...

413 2918 470 2975 C.
504 2921 710 2975 clarior
737 2922 1067 2978 reddatur...
1105 2922 1254 2992 quod
1282 2922 1418 2977 haec
1447 2921 1656 2978 visio...
1681 2920 1847 2990 quin-

338 3004 449 3058 que
479 2990 693 3047 bestiae
733 2999 865 3047 sunt
893 3000 949 3047 ct
977 2999 1197 3051 stant...
1243 2993 1507 3049 ferociter
1546 2992 1604 3047 in
1634 3009 1691 3047 se
1721 2993 1846 3049 bac-

341 3063 578 3118 charites
607 3065 674 3126 A,
707 3064 814 3121 B...

417 3139 513 3188 711
547 3138 612 3191 Α.
646 3136 706 3190 in
733 3152 831 3190 sua
858 3135 1087 3204 quidem
1119 3134 1615 3191 existimatione...
1651 3140 1708 3190 et
1735 3151 1844 3190 una

344 3204 527 3259 bestia
555 3213 612 3261 et
642 3208 792 3264 lec...
830 3206 1214 3262 transilientes
1241 3208 1563 3276 producunt
1590 3207 1662 3267 A,
1695 3205 1752 3261 B.
1780 3207 1839 3263 P.

345 3279 529 3400 §.jam
583 3277 932 3350 pcrdet‚1‘...
979 3279 1036 3334 in
1077 3278 1399 3351 semetipsis
1439 3277 1712 3333 facientes
1750 3278 1846 3332 ha-

369 3353 542 3405 eat...

416 3418 476 3474 B.
508 3427 565 3474 et
591 3419 843 3475 divinam
877 3420 1123 3488 legem...
1160 3420 1337 3475 alium
1366 3419 1644 3476 similium
1676 3420 1845 3474 malo-

345 3504 540 3546 rum...
585 3491 694 3545 alia
724 3497 789 3545 ut
827 3491 1061 3562 lupus...
1109 3491 1165 3546 in
1219 3491 1573 3548 successibus
1602 3488 1846 3545 inscren-

346 3567 497 3617 tcS...
542 3580 600 3616 ea
638 3562 1024 3620 dividentes...
1065 3582 1168 3620 om.
1212 3564 1284 3618 ab
1324 3563 1611 3619 inferno...
1656 3564 1845 3633 praelo

344 3635 611 3688 torculari
644 3650 870 3690 suorum
903 3635 1276 3706 imponuntur
1300 3634 1370 3697 A,
1405 3635 1464 3691 B.
1496 3635 1604 3690 huc
1627 3650 1814 3707 usque.

413 3704 471 3759 C.
517 3722 702 3761 coram
744 3706 952 3762 eisdem
997 3706 1265 3764 bestiis...
1310 3705 1377 3761 ad
1405 3720 1686 3777 quemque
1726 3705 1842 3775 api-

339 3790 461 3828 cem
506 3777 756 3846 ‹·jusdem
806 3778 969 3833 collis
1015 3783 1280 3834 extensus
1326 3776 1468 3834 sit...
1513 3777 1838 3832 eorumdem

345 3851 730 3913 temporum...
763 3848 821 3903 in
847 3866 943 3905 ore
970 3849 1089 3921 lupi
1123 3849 1444 3904 tenditur...
1492 3848 1839 3904 torrentibus

341 3922 465 3980 (sic)
498 3919 854 3978 miraculis...

3242 508 3370 568 603

2010 645 2113 694 712
2140 638 2206 695 A.
2242 638 2406 694 verba
2454 642 2704 695 sonat....
2756 652 2883 693 cum
2928 637 2984 693 in
3029 635 3256 695 insidiis
3293 636 3440 692 occi-

1937 712 2092 768 dit...

2010 784 2069 839 B.
2103 781 2379 854 praedicti
2421 781 2597 837 lucidi
2641 779 2876 852 praefati
2919 780 3237 836 aedificii...
3279 778 3438 851 operi

1938 855 2261 911 bonitale...
2290 851 2388 908 ubi
2414 853 2560 909 idem
2590 852 2745 908 silius
2768 851 3084 908 bominiS...
3114 851 3266 907 rudit
3294 852 3435 914 (edd.

1933 931 2157 1002 pessime
2184 923 2420 987 ludit)...

2009 999 2068 1054 C.
2099 995 2248 1067 quod
2275 996 2582 1050 electorum
2615 994 2861 1065 ipsius...
2906 994 2973 1049 ad
3002 993 3442 1065 completionem

1938 1067 2262 1127 eorumdem
2291 1066 2671 1123 membrorum
2701 1065 2948 1138 ipsius...
2978 1064 3126 1121 unde
3147 1071 3204 1121 et
3227 1064 3441 1120 ibidem
3488 1080 3517 1109 ε

1942 1141 2141 1198 velutl
2189 1154 2313 1195 ra...

2014 1213 2078 1268 D.
2114 1148 2290 1280 ugque
2316 1224 2637 1264 mensuram
2666 1208 2975 1264 duorum...
3012 1212 3333 1277 tangentem
3365 1214 3445 1261 ta-

1941 1284 2059 1339 lum
2102 1295 2334 1339 suum...
2382 1296 2574 1335 verum
2615 1284 2722 1341 est,
2765 1296 2833 1333 an
2864 1280 3073 1335 noni)...
3118 1279 3213 1334 sed
3253 1280 3325 1335 ab
3352 1296 3441 1335 ea·

1941 1357 2067 1413 dem
2099 1368 2423 1415 mensura...
2454 1351 2779 1407 eorumdem
2813 1351 3064 1406 testium.

2015 1430 2117 1482 713
2144 1426 2210 1480 A.
2243 1423 2423 1479 Filius
2451 1423 2700 1478 bominis
2726 1429 2924 1477 ante...
2957 1436 3103 1491 quae
3129 1427 3214 1477 est
3242 1436 3444 1491 magna

1941 1504 2156 1553 statura
2200 1494 2257 1549 iu
2300 1494 2593 1550 homine...
2640 1495 2698 1549 in
2730 1491 2953 1566 perdito
2995 1498 3248 1563 tempore
3272 1493 3444 1548 desti-

1946 1575 2253 1625 luuntur...

2014 1641 2074 1696 B.
2110 1637 2214 1693 tibi
2247 1635 2457 1692 ibidem
2488 1634 2762 1692 iterum...
3035 1684 3044 1693 .

2013 1713 2076 1768 D.
2106 1711 2178 1766 Et
2206 1709 2277 1763 ab
2304 1707 2496 1761 eodem
2526 1708 2711 1777 capite
2739 1723 2916 1778 usque
2943 1706 3011 1761 ad
3040 1722 3222 1777 genua
3251 1722 3441 1762 sua....

1940 1800 2050 1855 qua
2082 1783 2226 1836 idem
2259 1779 2412 1834 tilius
2439 1778 2845 1849 perditionis»...

2016 1858 2121 1909 714
2146 1854 2215 1908 A.
2252 1848 2535 1920 tangentis
2565 1852 2808 1907 talum...
2837 1847 2977 1919 quid
3005 1854 3093 1905 est
3119 1850 3325 1905 hoc?...

2010 1925 2075 1982 B.
2108 1923 2351 1995 pleniter
2391 1921 2508 1991 jam
2554 1924 2862 1978 coeleste...
2913 1919 2982 1974 de
3022 1936 3226 1991 magno
3277 1925 3448 1974 terro·

1942 2016 2067 2054 re...
2099 1995 2237 2066 quid
2265 1998 2351 2049 est
2378 1993 2515 2047 hoc?
2536 1992 2645 2057 ¹)...

2012 2070 2077 2123 D.
2109 2068 2176 2122 de
2208 2073 2430 2120 terreno
2469 2064 2761 2133 magistro,
2791 2061 2884 2117 sed
2913 2076 3016 2131 ego
3040 2062 3141 2132 qui
3171 2077 3322 2126 sum.
3362 2060 3446 2116 di-

1941 2159 2007 2197 co
2037 2156 2133 2210 per
2165 2152 2360 2192 eum...

2015 2214 2119 2265 715
2148 2209 2205 2263 Β.
2253 2209 2443 2262 lumen
2490 2203 2549 2260 in
2594 2209 2840 2261 stercore
2884 2203 3333 2260 abscondunt....
3386 2204 3445 2260 in

1945 2287 2156 2337 tartaro
2187 2279 2501 2347 intinges..

2011 2352 2069 2409 C.
2103 2353 2267 2425 plena
2296 2355 2404 2412 est,
2433 2348 2593 2404 sed...

2015 2428 2119 2478 716
2144 2424 2211 2479 A.
2250 2429 2361 2476 tam
2390 2431 2733 2492 paganorum
2762 2433 3001 2487 quam...

2013 2496 2073 2551 B.
2107 2510 2235 2548 nam
2264 2507 2393 2548 eum
2420 2490 2652 2547 mittere
2693 2490 2850 2544 nolui
2892 2489 3073 2546 nisi...
3120 2489 3336 2547 idcirco
3382 2496 3448 2545 ut

1938 2567 2193 2624 omnis...
2227 2565 2285 2620 in
2317 2564 2416 2620 illo
2443 2561 2989 2618 scandalizaretur...
3023 2566 3141 2617 rete
3168 2561 3417 2634 ipsius...

2009 2638 2051 2693 C
2100 2636 2354 2706 germina
2406 2634 2606 2689 florum
2657 2647 2887 2687 suorum
2939 2632 3182 2688 dilatare
3234 2639 3441 2705 posset.

1941 2712 2092 2774 (inde
2110 2711 2399 2765 recurrunt
2418 2705 2488 2768 A,
2510 2706 2569 2762 B.
2584 2710 2668 2766 )...
2688 2705 2897 2767 veniet,
2924 2705 3079 2760 velut
3100 2718 3230 2761 cum
3252 2705 3441 2777 jam...

1940 2783 2057 2837 sole
2088 2780 2144 2835 in
2174 2794 2430 2835 occasum
2460 2777 2819 2833 occidente...

2012 2853 2075 2906 D.
2130 2857 2309 2906 terror
2356 2849 2513 2904 illius
2560 2846 2900 2919 perditionis
2946 2851 3177 2929 repente
3216 2847 3286 2907 A.
3329 2846 3437 2903 B...

1940 2922 2235 2978 advenerit
2282 2927 2504 2992 tempus
2547 2935 2660 2990 quo
2701 2918 2809 2973 iste
2846 2918 3327 2988 nequissimus...
3385 2918 3447 2973 in

1940 2996 2215 3051 mundum
2246 2993 2507 3066 ejiciet...
2543 2990 2873 3063 parentibus
2901 2989 3087 3045 suiS...

2012 3073 2116 3120 717
2142 3067 2207 3122 A.
2240 3064 2582 3134 perditionis
2620 3060 2975 3132 concipiet...
3020 3075 3251 3131 serpens
3292 3058 3445 3116 vide-

1940 3139 2142 3194 licet...
2170 3137 2391 3191 artibus
2418 3134 2538 3190 suis
2569 3133 2732 3188 inflat
2758 3146 2887 3188 cum
2930 3132 3197 3187 omnibus
3221 3131 3445 3188 viribus

1939 3210 2118 3266 suis»...
2152 3206 2351 3262 matris
2378 3222 2578 3261 suae...
2610 3205 2839 3259 demum
2867 3208 3265 3260 consuetam...

2013 3280 2073 3335 B.
2106 3294 2325 3350 semper
2366 3282 2502 3331 noto
2540 3275 2651 3331 sibi
2695 3276 2904 3347 populo
2943 3291 3063 3330 sese
3100 3273 3446 3330 subtrahens

1939 3351 2089 3421 (Huc
2114 3369 2284 3426 usque
2310 3348 2379 3411 A,
2409 3348 2491 3410 B).
2874 3419 2881 3425 .

2011 3423 2074 3477 D.
2107 3434 2337 3479 succum
2368 3434 2531 3475 suum
2561 3417 2811 3473 reddere.

2010 3498 2113 3548 718
2141 3495 2207 3551 A.
2238 3492 2579 3548 derideatur.
2623 3489 2783 3556 Quod
2811 3486 3041 3558 quidem
3084 3488 3344 3544 videntes
3381 3490 3440 3545 in

1937 3580 2066 3620 eum
2107 3566 2468 3621 confidunt...
2514 3560 2720 3616 habere
2762 3560 2963 3613 volunt
2989 3565 3048 3614 et
3084 3575 3212 3614 eum
3256 3563 3442 3633 propi-

1940 3635 2145 3693 tiam...

2009 3711 2113 3760 725
2139 3705 2263 3761 XII
2282 3709 2423 3761 visio
2453 3702 2550 3759 ΙΙΙ
2644 3705 2761 3758 rtis.
2796 3699 2833 3757 f.
2871 3705 2990 3759 196.

2009 3783 2113 3832 729
2139 3778 2295 3833 XIII
2312 3781 2452 3841 visio
2477 3776 2537 3829 ΙΙ
2588 3779 2783 3846 partis.
2812 3772 2976 3835 (Vide
3000 3777 3292 3832 varietates
3312 3793 3441 3833 non·

1929 3851 2119 3906 nullas
2144 3851 2301 3922 infra
2327 3850 2402 3905 aa
2427 3847 2699 3910 Cantica).

1153 4087 1259 4148 AD
1310 4085 1618 4148 LIBRUM
1666 4087 2124 4148 DIVINORUM
2176 4087 2527 4148 OPERUM.
2564 4082 2621 4162 ²)

413 4275 500 4347 Cf.
548 4292 721 4348 supra
751 4292 809 4349 p.
854 4278 980 4330 485
1015 4277 1148 4332 med.
1194 4274 1402 4330 Patrol.
1447 4273 1697 4330 cxcvn
1736 4275 1836 4331 col.

351 4348 506 4400 1017
532 4365 585 4401 π.
619 4345 740 4403 XV.
770 4347 966 4403 collato
991 4349 1144 4403 codd.
1177 4345 1221 4400 A
1245 4346 1289 4418 s.
1323 4348 1386 4408 3,
1412 4353 1461 4401 et
1494 4344 1540 4398 B
1568 4344 1662 4400 sol.
1696 4349 1783 4401 20.

413 4415 480 4472 A.
534 4418 664 4473 Dies
709 4416 848 4473 istos
891 4417 990 4485 qui
1043 4416 1329 4488 injustitia
1384 4421 1632 4487 torpent,
1684 4416 1843 4472 canis

343 4486 674 4555 igncuS...et
694 4489 1073 4557 supradictam
1106 4487 1757 4559 levitatem...pcrlucida
1784 4487 1842 4543 in

338 4559 531 4613 eaclcm
563 4561 668 4614 tide
700 4560 1137 4617 fulsit...dicbus
1159 4565 1347 4614 autem
1378 4558 1495 4614 illis
1523 4560 1835 4630 plurima...

413 4630 471 4686 B.
506 4647 604 4702 per
627 4632 896 4702 quosdam
923 4633 1289 4687 descensus...
1320 4629 1419 4701 qui
1447 4630 1540 4684 illa
1573 4632 1651 4685 ita
1680 4631 1838 4686 robo-

337 4709 674 4759 raverunt...
719 4704 935 4758 darent.
980 4702 1193 4757 Deinde
1233 4701 1290 4756 in
1318 4703 1588 4774 apostolis
1627 4708 1681 4757 et
1720 4718 1840 4758 cae·

344 4772 498 4830 teris,

410 4843 467 4898 C.
524 4844 963 4900 consuetudines
1016 4859 1233 4899 morum
1278 4844 1669 4900 hominum...
1723 4850 1834 4898 tam

338 4916 603 4971 acerbe...

1928 4279 2190 4346 scriptum
2224 4281 2297 4330 est
2324 4277 2385 4329 in
2412 4273 2763 4345 Apocalypsi.-
2790 4296 2811 4319 ι
2854 4273 2994 4336 Vae,
3023 4273 3161 4336 vae.
3200 4275 3316 4330 Vae
3346 4277 3438 4330 ba-

1933 4346 2254 4401 bitantibus
2295 4345 2353 4401 in
2386 4351 2553 4405 terra,
2593 4346 2659 4399 de
2684 4346 2859 4399 tribus
2895 4345 3057 4402 libris
3092 4347 3433 4419 angelorum.

1930 4422 2034 4491 qui
2058 4423 2243 4473 amant
2268 4418 2397 4472 tuba
2423 4421 2663 4471 cantare.

2003 4490 2066 4544 D.
2100 4486 2462 4543 rectitudinis
2494 4487 2726 4541 inducet
2753 4491 2989 4556 atque...

2006 4565 2143 4615 1018
2167 4560 2234 4615 A.
2268 4566 2323 4612 et
2362 4558 2547 4613 oninis
2573 4558 2879 4614 ecclesia...
2911 4562 2967 4612 et
3008 4557 3186 4626 legem
3214 4559 3435 4617 destru-

1931 4637 2102 4686 unt...
2134 4637 2191 4684 ct
2218 4630 2564 4685 adulteria...

2000 4702 2059 4757 B.
2095 4702 2217 4756 Hoc
2244 4701 2414 4756 ctiam
2447 4702 2570 4755 ideo
2601 4699 2940 4754 faciamus...
2968 4699 3062 4754 sed
3091 4716 3204 4755 non
3229 4717 3431 4760 conve-

1929 4772 2093 4828 niens
2119 4780 2268 4829 cst...

1998 4844 2061 4899 D.
2099 4843 2154 4898 in
2197 4843 2405 4898 vestitu
2437 4841 2731 4898 deficiat...
2765 4840 3112 4911 possideat...

2005 4919 2140 4970 1019
2166 4915 2231 4971 A.
2278 4914 2467 4968 funem
2511 4912 2887 4983 subjectionis
2924 4913 3213 4967 subtraxit
3248 4921 3306 4971 et
3333 4933 3430 4973 no-

329 4985 598 5048 (Rubrica
643 4991 702 5041 in
738 4986 852 5040 solo
916 4993 963 5040 t)
1032 4985 1160 5043 Hic
1211 4991 1452 5059 primum
1493 5004 1592 5042 vae
1628 4989 1693 5044 de
1728 5005 1836 5062 quo
1925 4983 2081 5042 bis...
2113 4987 2207 5042 sed
2236 4986 2385 5042 sicut
2414 4984 2498 5041 illi
2530 4992 2586 5040 et
2615 5001 2731 5041 nos,

407 5175 450 5236 ¹)
483 5177 545 5231 ln
574 5180 693 5230 toto
719 5192 885 5248 opere
914 5175 1038 5231 edd.
1072 5177 1303 5238 babent,
1334 5193 1436 5246 pro
1455 5179 1558 5232 bac.
1582 5177 1839 5248 frequen-

338 5246 557 5304 tissima
599 5246 1359 5321 interrogatione,asperam
1400 5257 1456 5306 ct
1491 5250 1835 5306 obstinatam

1926 5180 2257 5236 varietatem
2284 5178 2437 5246 Ouid
2462 5180 2730 5234 hoff—2)
2754 5177 2956 5232 Notare
2978 5177 3216 5248 juverit,
3238 5181 3422 5240 Domi-

1928 5253 2119 5308 nicum
2147 5251 2329 5308 Mansi
2372 5250 2554 5308 codici
2583 5268 2684 5306 suo
2714 5249 2973 5320 religiose
3004 5249 3341 5311 adhaesisse.
