4036 6117
1297 512 1761 561 EPISTOLARUM
1811 509 1995 557 novit
2046 504 2293 555 snams.
3158 471 3287 535 559

1697 735 1908 799 CXIX.

1261 925 1536 985 Caldam
1572 925 1819 983 homini
1850 918 2360 997 (Hildeqardis.)

346 1094 574 1153 Afflicto
601 1089 967 1164 compatitur.

363 1239 549 1312 Rogo
599 1234 1022 1295 altitudinem
1071 1228 1217 1299 Dei,
1273 1233 1344 1287 ut
1380 1228 1501 1288 tibi
1551 1226 1934 1299 auxiliatum
1986 1223 2103 1299 qui
2152 1218 2491 1281 desolatos
2525 1224 2591 1278 et
2641 1212 2975 1294 orphanos
3025 1218 3105 1276 ad
3155 1219 3363 1279 vitam

277 1342 562 1414 reduxit,
601 1340 722 1399 tibi
758 1337 1082 1397 auxilium
1121 1335 1253 1393 det.
1292 1333 1385 1392 Tu
1421 1348 1605 1404 vem,
1644 1331 1864 1404 hom0,
1901 1329 2015 1405 qui
2052 1334 2117 1388 te
2145 1326 2288 1404 (fol.
2325 1324 2439 1402 97)
2469 1324 2641 1382 dicis
2675 1321 3125 1398 periculosam
3159 1322 3366 1382 vitam

279 1447 550 1519 habere,
589 1444 764 1504 audi.
803 1442 1035 1502 Melior
1068 1443 1172 1499 est
1207 1438 1327 1497 tibi
1365 1452 1619 1512 pauper
1651 1441 1717 1493 et
1752 1434 2118 1494 constricta
2151 1432 2291 1492 vita
2341 1430 2669 1507 spiritalis
2703 1429 2904 1501 vitae,
2959 1443 3159 1503 quam
3197 1427 3369 1487 inter

277 1552 759 1627 vagationes...
793 1542 837 1612 ¹)

1730 1697 1920 1763 CXX.

992 1878 1321 1951 Θαηναάο,
1361 1878 1526 1935 laico
1562 1877 1640 1933 dc
1677 1874 2201 1933 Andernachven
2238 1871 2676 1947 Hildeyardis.

359 2040 410 2093 Α
447 2037 538 2110 pia
567 2033 1027 2108 peregrinatione
1051 2032 1358 2089 dissuadet.

380 2177 717 2237 Admoneo
767 2179 833 2233 te
867 2179 936 2233 et
983 2172 1303 2232 exhortor
1338 2176 1403 2231 te
1452 2171 1517 2229 in
1550 2168 1683 2229 Deo
1719 2182 1889 2244 meo,
1930 2173 2002 2228 ut
2036 2166 2383 2228 contineas
2418 2169 2481 2226 te
2518 2166 2601 2226 ab
2635 2166 2876 2225 itinere
2910 2165 3025 2226 illo
3060 2170 3232 2244 quod
3271 2186 3381 2247 pe-

289 2297 527 2358 ragere
560 2279 931 2353 desideraS,
969 2276 1284 2353 quoniam
1319 2290 1441 2334 nec
1476 2276 1541 2333 in
1575 2274 1822 2348 anima,
1860 2289 1982 2334 nec
2016 2273 2084 2332 in
2131 2287 2414 2349 corpore
2449 2277 2563 2330 tuo
2602 2270 2721 2330 tibi
2757 2270 3045 2347 expedit,
3092 2272 3249 2349 quia
3282 2276 3381 2335 vi·-

288 2407 401 2450 res
450 2395 604 2448 tuae
639 2386 979 2445 aruerunt.
1029 2382 1156 2443 Sed
1190 2382 1275 2441 da
1324 2380 1755 2441 elemosinam
1810 2386 1990 2440 tuam
2046 2380 2113 2439 in
2145 2380 2317 2440 bona
2366 2377 2732 2438 intentione
2766 2375 2834 2436 in
2882 2394 3045 2437 usus
3094 2379 3381 2456 aliquus

295 2492 721 2567 monasterii,
774 2492 919 2550 sive
952 2488 1035 2549 ad
1067 2487 1432 2548 utilitatem
1465 2499 1866 2561 pauperum,
1918 2486 2195 2561 propter
2227 2483 2548 2543 honorem
2581 2481 2696 2541 Dei
2732 2487 2797 2540 et
2833 2483 3047 2542 sancti
3084 2483 3263 2543 illius
3300 2484 3382 2544 ad

291 2614 493 2675 quem
528 2600 599 2657 tu
635 2596 730 2655 ire
765 2594 974 2670 cupis,
1009 2593 1088 2651 Et
1123 2590 1298 2649 Deus
1335 2588 1661 2665 suscipiet
1694 2591 1777 2648 te.

1734 2803 1946 2863 CXXI.

949 2975 1347 3038 Rumundae
1394 2991 1739 3033 conversae
1774 2972 1853 3030 de
1891 2971 2261 3048 Kizzinqun
2296 2969 2739 3046 Hildeqardis.

378 3156 711 3211 consolatur
737 3168 883 3217 eam,
912 3168 1181 3225 spemque
1206 3158 1264 3208 et
1290 3150 1556 3206 fiduciam
1586 3149 1646 3204 in
1671 3150 1848 3204 Deum
1875 3148 2107 3205 excitat.

397 3295 667 3354 Secreta
715 3296 825 3354 lux
858 3294 1041 3354 dicit:
1093 3294 1190 3353 Tu
1222 3309 1296 3353 es
1347 3293 1552 3366 lassa,
1602 3296 1670 3350 et
1719 3290 1914 3366 quasi
1962 3291 2285 3350 derelicta
2333 3290 2413 3350 de
2456 3291 2651 3350 domo
2702 3290 2884 3351 illius
2934 3293 3049 3368 qui
3100 3298 3161 3352 te
3212 3311 3395 3357 crea-

306 3400 428 3458 vit.
462 3397 586 3457 Sed
615 3398 1044 3459 revocaberis
1081 3398 1253 3457 inter
1284 3397 1563 3468 alienoS‚
1601 3398 1669 3454 et
1705 3394 1852 3453 ideo
1885 3410 2082 3455 cessa
2115 3412 2153 3454 a
2187 3396 2481 3470 peccatis
2516 3396 2674 3467 tuiS‚
2711 3395 3023 3470 quoniam
3060 3397 3234 3458 Deus
3266 3417 3397 3460 non

309 3501 613 3561 vendidit
662 3504 725 3561 te
762 3502 828 3561 in
875 3502 1342 3577 perditionem,
1397 3500 1513 3560 sed
1563 3499 1818 3559 invenit
1851 3504 1917 3559 te
1967 3498 2036 3558 in
2068 3497 2333 3574 perdita
2383 3514 2531 3574 ove,
2585 3513 2756 3575 quae
2807 3507 3120 3560 revocata
3168 3507 3270 3560 est
3319 3503 3402 3562 ad

311 3605 546 3664 vitam.
598 3603 730 3663 Cur
764 3603 1057 3678 dubita8‚
1109 3604 1304 3680 quasi
1339 3619 1469 3662 non
1519 3602 1613 3661 sis
1645 3601 1714 3659 in
1764 3601 2173 3662 salvatione?
2219 3602 2476 3673 Quaere
2522 3617 2682 3674 ergo
2729 3601 2935 3661 Deum
2990 3602 3054 3662 in
3089 3605 3400 3678 angustia

312 3715 380 3766 et
417 3708 481 3767 in
516 3707 745 3767 dolore
780 3708 985 3767 animi
1022 3708 1142 3781 tui,
1180 3710 1247 3765 et
1280 3707 1488 3766 viveS.

1732 3916 1972 3978 CXXII.

974 4084 1354 4161 Maneqoldo
1386 4081 1435 4160 ⁴²)
1472 4086 1783 4142 monacho
1817 4084 1895 4141 de
1933 4083 2285 4159 Hirsauyia
2320 4084 2761 4159 Hildeqardis.

399 4262 696 4325 Monacho,
723 4263 791 4317 ad
820 4278 1009 4335 pacem
1039 4266 1319 4324 revocato.
1353 4261 1462 4316 fata
1493 4261 1986 4329 Hirsaugicnsium
2021 4261 2383 4317 vaticinatur.

420 4406 633 4466 Oltam
684 4421 881 4481 quam
919 4406 1087 4479 vidi,
1143 4404 1487 4465 fortiorem
1526 4419 1699 4463 nunc
1748 4403 1942 4462 video
1976 4419 2176 4480 quam
2214 4405 2403 4480 prius
2434 4420 2581 4466 eam
2616 4405 2937 4480 viderem,
2974 4406 3043 4465 et
3075 4419 3416 4479 nunquam

330 4511 546 4584 cadet,
583 4525 704 4569 nec
740 4509 1073 4570 allidetur.
1125 4508 1415 4569 Scientia
1451 4513 1587 4582 tua,
1624 4524 1795 4584 quae
1830 4513 1936 4568 est
1968 4510 2205 4568 oculus
2239 4509 2444 4569 animi
2480 4511 2600 4585 tui,
2638 4511 2820 4572 videt
2852 4510 2933 4570 ad
2967 4510 3200 4584 Deum,
3237 4509 3414 4570 sicut

332 4631 496 4691 puer
544 4613 625 4672 ad
662 4616 916 4689 patrem
971 4630 1189 4689 suum,
1241 4628 1439 4689 quem
1490 4616 1690 4672 amat.
1741 4613 1905 4671 Nam
1958 4614 2023 4672 in
2056 4613 2278 4674 lucida
2326 4616 2436 4675 via
2486 4622 2652 4690 staS‚
2704 4617 3041 4693 aspiciens
3075 4615 3158 4676 ad
3190 4614 3420 4675 Orien-

333 4726 487 4778 tem:
542 4718 657 4777 sed
693 4718 885 4794 nigra
933 4718 1175 4778 nebula
1211 4721 1274 4778 te
1327 4717 1587 4793 fatigat;
1626 4716 1742 4776 sed
1794 4722 2016 4776 tamen
2058 4720 2124 4778 te
2173 4735 2305 4778 non
2357 4718 2711 4783 interimet.
2760 4721 3019 4783 Donum
3067 4721 3191 4780 tibi
3238 4719 3424 4779 obla-

334 4829 475 4884 tum
522 4823 859 4898 placidum
895 4823 1017 4883 tibi
1064 4829 1245 4883 esset
1279 4823 1347 4882 in
1394 4820 1666 4894 lumine,
1707 4820 1822 4881 sed
1873 4822 1987 4897 qui
2025 4821 2146 4883 tibi
2197 4823 2358 4884 illud
2393 4824 2621 4885 offerri
2669 4826 3191 4902 prohibuerunt,
3241 4825 3418 4901 nigri

410 5038 451 5101 ¹)
477 5037 660 5092 Codex
691 5038 830 5093 hiat.
868 5071 930 5079 -
956 5041 1001 5100 2)
1028 5036 1146 5093 Nisi
1184 5039 1328 5093 alter
1361 5038 1437 5093 sit
1475 5036 1841 5106 Manegoldus
1929 5038 2110 5095 cxxi
2139 5041 2320 5097 adhuc
2355 5044 2660 5098 monachus
2688 5042 2986 5115 receperit,
3020 5045 3152 5095 ante
3182 5041 3415 5097 alteram

337 5124 648 5179 monachus
684 5140 850 5194 quam
881 5125 1055 5178 abbas
1082 5130 1252 5179 notus
1273 5123 1724 5193 Hirsaugiensis,
1751 5125 1838 5178 vel
1930 5124 2016 5181 ed.
2051 5124 2321 5189 XXXIV.
2364 5126 2420 5182 in
2459 5143 2571 5198 qua
2598 5126 2928 5195 Hildegardi
2957 5131 3179 5181 ostensa
3204 5125 3417 5183 dicitur

343 5209 435 5264 hic
459 5213 751 5265 monachus
778 5211 1144 5274 inscribatur,
1173 5228 1234 5266 ac
1276 5212 1320 5267 si
1364 5212 1659 5284 epistolam
1692 5213 1837 5266 hanc
1927 5212 2061 5273 olla,
2091 5227 2233 5281 quac
2260 5211 2430 5266 etiam
2465 5228 2615 5268 nunc
2644 5211 2945 5268 adducitur
2973 5211 3199 5268 iterum.
