4036 6117
682 476 767 541 42
1828 483 1880 536 s.
1935 481 2488 536 amonensis

614 625 775 670 vero
821 607 937 687 qui
987 607 1321 669 flammam
1370 606 1645 667 rubeam
1691 605 2002 681 habebat,
2056 608 2292 684 plenus
2326 607 2658 666 vermium
2690 612 2862 680 erat,
2900 612 3185 683 quorum
3220 608 3337 670 alii
3371 612 3446 670 ut
3478 599 3728 671 minuti

617 720 964 790 serpentes
1003 714 1292 788 fuerunt,
1331 712 1447 771 alii
1481 717 1705 770 autem
1734 710 1973 770 faciem
1999 717 2265 771 acutam
2301 717 2369 771 et
2402 710 2652 771 caudas
2685 716 2921 771 acutas
2954 711 3313 787 habebant,
3351 728 3584 773 omnes
3616 729 3736 791 pe-²

613 816 811 878 dibus
845 823 1172 877 carentes,
1201 814 1326 874 Sed
1353 814 1636 889 animae,
1674 829 1844 890 quae
1879 814 1946 873 in
1979 831 2206 873 amore
2241 814 2493 874 saeculi
2528 820 2991 890 peccaverant,
3027 814 3187 874 dum
3222 815 3287 875 in
3318 816 3728 892 corporibus

615 921 757 980 suis
794 920 1105 994 fuissent,
1144 920 1316 978 inter
1348 917 1471 977 hos
1520 918 1690 977 duos
1727 918 1913 993 ignes
1946 918 2320 993 poenaliter
2349 924 2563 993 erant,
2608 923 2676 976 et
2709 917 2793 978 ab
2828 923 3115 995 utroque
3148 919 3300 994 igne
3330 918 3727 996 affligeban-

613 1029 745 1099 tur;
797 1023 915 1083 sed
966 1029 1190 1082 tamen
1228 1022 1309 1081 de
1360 1020 1599 1080 ardore
1634 1021 1988 1080 rubicundi
2024 1021 2198 1096 ignis
2230 1027 2297 1080 et
2330 1021 2412 1080 de
2443 1020 2785 1081 morsibus
2817 1021 3146 1081 vermium
3178 1021 3326 1097 ejus
3358 1022 3728 1099 praecipue

616 1129 1118 1206 torquebantur.
1170 1126 1337 1187 Nam
1387 1127 1671 1202 animae,
1723 1142 1895 1203 quae
1947 1127 2347 1187 incessabile
2397 1127 2694 1187 studium
2727 1127 2810 1186 ad
2844 1144 3142 1188 amorem
3185 1129 3437 1188 saeculi
3470 1128 3729 1190 habue⁶

614 1241 788 1311 rant,
839 1235 923 1296 ab
972 1234 1097 1293 hoc
1145 1234 1395 1310 pallido
1445 1234 1594 1309 igne
1644 1232 2137 1309 affligebantur;
2189 1240 2255 1292 et
2298 1249 2471 1310 quae
2507 1240 2648 1293 toto
2681 1233 3016 1293 desiderio
3051 1234 3113 1293 ei
3147 1233 3599 1310 inhaeserant,
3634 1234 3728 1295 ab

614 1338 741 1399 hoc
774 1338 981 1400 rubeo
1019 1338 1166 1413 igne
1200 1337 1665 1413 puniebantur.
1713 1337 1791 1395 Et
1825 1353 1998 1413 quae
2037 1338 2101 1396 in
2134 1338 2368 1396 eodem
2400 1337 2737 1397 desiderio
2770 1337 2941 1397 duas
2974 1339 3439 1399 simulationes
3473 1340 3542 1399 in
3572 1355 3732 1416 per-

612 1443 739 1506 fida
788 1443 1267 1503 consuetudine
1316 1460 1437 1502 sua
1487 1443 1881 1519 habuerant,
1936 1444 2030 1503 ita
2079 1443 2257 1519 quod
2307 1443 2745 1503 laudaverant
2793 1444 2969 1520 quod
3001 1445 3103 1504 eis
3149 1445 3611 1521 displicuerat,
3648 1450 3727 1505 et

573 1629 576 1633 ¹
610 1549 787 1626 quod
834 1549 1381 1624 vituperaverant
1428 1548 1604 1624 quod
1640 1548 1808 1623 ipsis
1840 1548 2211 1623 placuerat,
2248 1548 2444 1624 quasi
2479 1549 2548 1607 in
2578 1548 2890 1608 molestia
2922 1549 3223 1624 graviter
3256 1549 3507 1609 ferrent
3539 1548 3726 1625 quod

611 1660 836 1714 tamen
884 1654 1169 1713 libenter
1219 1651 1573 1728 faciebant,
1624 1653 1967 1712 cruciatus
2016 1653 2345 1711 vermium
2384 1651 2666 1712 formam
2716 1654 3130 1730 serpentium
3178 1654 3566 1716 habentium
3598 1671 3721 1731 pa-

613 1760 969 1819 tiebantur.
1021 1758 1199 1829 Quae
1249 1763 1472 1816 autem
1523 1757 1585 1816 in
1636 1757 2078 1816 delectatione
2127 1757 2378 1816 amoris
2427 1758 2681 1817 saeculi
2728 1758 3100 1818 delectatae
3132 1764 3347 1835 erant,
3399 1776 3438 1819 a
3470 1759 3724 1819 vermi-

610 1864 737 1924 bus
771 1864 885 1941 qui
924 1863 1163 1922 faciem
1198 1867 1465 1922 acutam
1498 1861 1769 1936 habent,
1806 1861 2302 1921 cruciabantur.
2338 1862 2614 1922 Animae
2647 1863 2847 1937 enim,
2884 1879 3058 1939 quae
3093 1864 3162 1924 in
3195 1880 3425 1924 amore
3459 1865 3722 1925 saeculi

614 1969 828 2028 levius
873 1968 1321 2043 deliquerunt,
1374 1966 1550 2027 hunc
1596 1966 1919 2042 pallidum
1978 1966 2199 2041 ignem
2246 1965 2603 2041 habebant3
2641 1983 2813 2043 quae
2846 1983 3005 2027 vero
3038 1969 3316 2044 gravius
3351 1970 3417 2028 in
3450 1985 3528 2029 eo
3561 1985 3721 2045 pec-

612 2079 955 2147 caverunt,
1010 2073 1182 2131 hunc
1232 2071 1512 2131 rubeum
1563 2073 1781 2147 ignem
1832 2087 1983 2131 cum
2017 2071 2364 2131 vermibus
2397 2072 2841 2133 sustinebant.
2877 2073 2954 2133 Et
2987 2090 3107 2150 per
3139 2075 3476 2134 viventem
3508 2073 3722 2150 Spiri-

614 2185 752 2238 tum
785 2178 949 2253 vidi,
986 2183 1052 2236 et
1090 2176 1380 2235 intellexi
1418 2176 1601 2237 haec.

2032 2394 2327 2461 LXXVII.

1754 2606 1847 2672 De
1890 2614 2123 2689 poenis
2167 2610 2558 2690 purqatorii.

691 2820 800 2884 91.
849 2822 930 2882 Et
963 2821 1189 2881 audivi
1221 2834 1451 2879 vocem
1485 2814 1564 2878 de
1615 2820 1767 2879 viva
1803 2820 1949 2879 luce
1984 2820 2145 2879 mihi
2181 2820 2532 2881 dicentem:
2571 2820 2749 2880 Haec
2782 2837 2955 2898 quae
3003 2821 3192 2880 vides
3227 2837 3387 2881 vera
3424 2825 3604 2893 sunt,
3642 2822 3716 2881 et

604 2932 677 2986 ut
708 2942 787 2985 ea
818 2925 1030 2997 videS,
1072 2924 1163 2983 ita
1196 2929 1373 2995 sunt,
1410 2928 1477 2981 et
1512 2923 1703 2998 plura
1738 2930 1913 2983 sunt.
1948 2923 2114 2982 Nam
2150 2929 2480 2983 tormenta
2515 2940 2879 3000 poenarum
2918 2925 3204 2983 istarum
3236 2924 3712 3000 purgationem

599 3035 667 3095 in
698 3030 1051 3093 animabus
1101 3029 1254 3089 istis
1306 3026 1578 3103 faciunt,
1632 3028 1905 3104 quaein
1954 3029 2346 3088 transitorio
2397 3029 2666 3089 saeculo
2714 3029 3044 3104 viventeS,
3085 3028 3150 3088 in
3195 3044 3275 3089 eo
3319 3043 3440 3105 per
3488 3027 3716 3104 poeni-

602 3136 879 3197 tentiam
927 3133 1392 3209 purgationem
1439 3137 1872 3207 peccatorum
1906 3147 2183 3192 suorum
2219 3133 2281 3192 in
2314 3149 2442 3192 non
2494 3133 2887 3193 transitorio
2935 3137 3347 3207 meruerunt,
3385 3149 3423 3192 a
3457 3130 3711 3208 quibus

599 3247 816 3303 morte
847 3240 1320 3317 praeveniente
1352 3237 1617 3312 plenius
1652 3237 1719 3297 in
1751 3253 1951 3296 carne
1987 3252 2061 3296 se
2094 3254 2223 3296 non
2263 3242 2742 3314 purgaverunt,
2781 3255 2820 3298 a
2852 3238 3100 3314 quibus
3148 3238 3353 3296 etiam
3386 3251 3508 3313 per
3538 3235 3716 3296 divi-

595 3364 681 3407 na
713 3345 978 3422 flagella
1013 3343 1399 3402 miserantis
1431 3341 1547 3400 Dei
1588 3342 1650 3400 in
1686 3342 1956 3401 saeculo
1987 3342 2408 3401 examinatae
2442 3358 2568 3402 non
2620 3347 2798 3416 sunt3
2838 3341 3010 3400 unde
3042 3345 3110 3399 et
3146 3339 3253 3399 his
3286 3340 3520 3415 poenis
3551 3355 3713 3415 pun-

596 3450 956 3527 gabuntur,
1008 3448 1138 3506 nisi
1185 3453 1254 3506 et
1302 3446 1646 3506 laboribus
1695 3446 1996 3506 virorum
2030 3453 2098 3505 et
2147 3446 2513 3506 virtutibus
2564 3453 2975 3520 sanctorum,
3025 3463 3196 3523 quas
3245 3444 3422 3506 Deus
3466 3446 3532 3506 in
3568 3446 3710 3506 illis

598 3557 918 3629 operatus
951 3556 1077 3620 est,
1114 3566 1234 3626 per
1268 3548 1643 3608 invocatam
1677 3549 1997 3624 pietatem
2031 3549 2296 3608 divinae
2331 3551 2612 3625 gratiae,
2652 3548 2736 3610 ab
2769 3549 2871 3608 eis
2903 3547 3297 3624 eripiantur.

1989 3771 2315 3833 LXXVIII.

1663 3981 1897 4054 Quales
1945 3983 2205 4040 animae
2248 3986 2658 4059 puryentur?

687 4197 796 4258 92.
848 4196 1028 4269 Quae
1075 4194 1251 4254 enim
1287 4194 1353 4252 in
1403 4208 1678 4252 numero
1726 4198 1793 4252 et
1845 4192 1908 4250 in
1959 4193 2420 4252 recordatione
2469 4192 2906 4253 beatitudinis
2956 4193 3136 4266 sunt,
3188 4185 3707 4268 purgationibus

603 4302 756 4362 istis
790 4300 1089 4360 maculas
1123 4303 1553 4375 peccatorum
1589 4311 1865 4355 suorum
1900 4297 2239 4372 amittunt,
2276 4303 2343 4356 et
2379 4297 2460 4356 ad
2496 4296 2922 4372 refrigerium
2958 4301 3329 4372 transeunt3
3359 4311 3511 4356 cum
3546 4296 3705 4356 illae

598 4421 771 4481 quae
806 4405 870 4464 in
903 4403 1237 4463 oblivione
1272 4406 1449 4476 sunt,
1490 4402 1554 4460 in
1588 4401 1923 4461 oblivione
1959 4401 2246 4460 aliorum
2281 4401 2767 4478 suppliciorum
2800 4407 3254 4478 permaneant.

1962 4599 2326 4682 'Lxxvmr

1024 4911 1031 4920 ¹
1099 4833 1425 4906 Quomodo
1464 4835 1759 4894 homines
1794 4848 2088 4890 amorem
2123 4831 2369 4891 saeculi
2404 4833 2474 4890 in
2510 4833 2874 4910 semetipsis
2903 4834 3215 4910 puniant.

690 5046 796 5110 93.
849 5046 1167 5109 Homines
1202 5049 1425 5104 autem
1474 5043 1589 5119 qui
1626 5057 1853 5101 amore
1887 5040 2142 5100 saeculi
2186 5039 2523 5115 insudant,
2563 5041 2620 5100 si
2657 5041 2778 5102 hos
2812 5042 3140 5116 malignos
3181 5038 3485 5117 spirituS,
3515 5055 3699 5100 amon

601 5129 745 5216 rem¹
776 5151 1025 5212 saeculi
1060 5150 1161 5210 eis
1193 5152 1701 5227 praeponenteS‚
1739 5161 2060 5223 superare
2095 5146 2447 5222 voluerint,
2483 5152 2552 5206 et
2587 5146 2640 5206 si
2677 5163 2925 5225 poenas
2958 5145 3104 5225 ejus
3147 5162 3318 5224 quas
3353 5144 3714 5223 vides,·.ef-÷-
