4036 6117
1371 557 1372 560 ,
1475 514 1710 562 LIBER
1768 514 2097 562 solvus.

525 633 586 691 Β.
634 632 852 691 homini
889 631 1198 706 injunxisti

633 721 825 778 eadem
854 722 1134 777 elementa

637 809 896 864 eumdem
924 809 1155 878 globum
1180 819 1186 826 ·

637 893 851 948 moveri
883 893 1104 948 faciunt

641 977 822 1048 ipsius
846 978 1120 1034 creatoris
1146 994 1204 1032 se
1234 977 1477 1032 invicem
1505 976 1745 1046 comple-

710 1065 951 1119 ctuntur

641 1150 942 1205 verborum
972 1147 1310 1211 innectitur.
1340 1150 1509 1204 homo
1535 1161 1754 1203 eorum-

715 1234 843 1290 dem

642 1322 779 1376 dum
807 1321 866 1376 in
891 1321 1102 1379 eisdem
1131 1322 1494 1378 mirabilibus

538 1407 597 1463 C.
639 1426 740 1463 om.
773 1405 1009 1475 maligni
1035 1410 1148 1463 cod.
1176 1409 1281 1479 sol.
1323 1411 1412 1462 15.

647 1508 746 1564 per
769 1491 1152 1564 exoptabilem

591 1613 602 1618 -
647 1579 717 1633 ad
749 1576 927 1650 ipsam
958 1578 1140 1634 lucem

547 1664 609 1720 D.
655 1680 717 1719 ea
746 1663 1082 1719 multotiens

654 1751 812 1806 velut
841 1759 928 1806 est
958 1751 1015 1807 in
1043 1752 1274 1822 paganis

654 1842 712 1893 et
737 1852 879 1907 quos
910 1837 1003 1892 isti
1034 1853 1133 1893 sua

657 1923 905 1981 similem
931 1939 1051 1979 esse
1076 1923 1370 1978 anhelavit

657 2008 784 2064 ideo
810 2016 868 2065 et
899 2010 1017 2081 ipse

660 2096 861 2150 volunt
889 2095 1096 2152 habere

398 2184 521 2238 409.
552 2179 619 2237 Α.
662 2181 771 2236 Sed
798 2180 895 2235 isti
923 2181 1186 2238 homines

663 2272 992 2324 scrutantur
1018 2268 1374 2325 sciscitantes

661 2368 830 2424 quam
861 2352 971 2424 ipsi
999 2353 1144 2409 scire
1172 2353 1370 2408 volunt

663 2440 764 2497 Dei
789 2446 1127 2512 postponere

555 2529 614 2584 Β.
656 2528 726 2584 de
755 2526 1154 2584 incredulitate
1193 2539 1535 2598 paganorum
1575 2541 1768 2596 sequa-

732 2629 823 2669 ces
847 2627 1041 2668 eorum
1063 2610 1156 2667 aff.
1176 2614 1384 2674 solent.
1406 2612 1485 2667 ita
1504 2612 1657 2684 quod
1681 2612 1764 2667 di-

733 2705 873 2772 cunt
897 2700 1091 2755 stellas
1118 2699 1278 2755 vobis
1305 2699 1455 2755 hom.

603 2829 614 2840 .
659 2786 909 2841 ostendit
932 2785 1128 2840 dicens

668 2871 1130 2927 demonstrantur

669 2958 1032 3014 subtrahitur

667 3057 798 3099 cum
825 3044 1107 3100 servitute

674 3130 795 3202 ipsa
823 3131 1048 3186 nullum
1075 3133 1439 3188 sublevamen
1478 3132 1661 3188 eidem
1688 3131 1774 3188 Fi-

748 3217 826 3273 lio
851 3232 976 3273 meo
995 3216 1311 3280 conserens.
1331 3217 1772 3273 incarnationem

744 3302 1089 3359 denuntians

680 3388 945 3445 notitiam
974 3392 1187 3445 nullam
1217 3390 1347 3445 hab.

680 3492 748 3532 eo
772 3482 1174 3546 congruentem
1204 3475 1439 3532 sormam

683 3561 766 3618 sic
790 3562 939 3633 quod
971 3563 1118 3619 idem
1149 3578 1417 3619 nummus

683 3647 951 3711 declarat,
983 3649 1078 3706 sed
1107 3648 1154 3705 si
1183 3650 1288 3705 hoc
1316 3650 1528 3705 nullam
1560 3652 1674 3721 pot.

691 3750 804 3790 non
835 3736 995 3791 novit
1020 3737 1244 3808 quando

416 3826 541 3879 410.
571 3823 638 3877 Α.
683 3821 911 3878 intuens
936 3822 1233 3879 denotares

689 3904 944 3964 fallacem
972 3908 1424 3965 aestimationem

690 3992 918 4061 gavisus
948 3993 1006 4048 in
1032 3993 1363 4066 deceptione
1391 3994 1624 4052 diceres:

762 4080 884 4135 acb!
918 4079 1148 4141 moriar,
1180 4080 1265 4135 vel
1294 4081 1469 4137 wacht
1504 4079 1712 4143 vivam.

764 4183 865 4223 seu
893 4168 1051 4222 wach

698 4257 784 4311 vel
811 4256 970 4311 daret

699 4350 827 4400 tuae
854 4342 1160 4414 quicquam

593 4429 653 4486 Β.
701 4430 814 4486 Deo
838 4429 1141 4486 consilium
1167 4427 1377 4484 dedisti

593 4518 653 4575 C.
697 4518 916 4575 scilicet
940 4518 1088 4590 quod
1116 4521 1230 4576 cod.
1261 4519 1361 4590 sol.
1401 4519 1491 4573 16.

705 4607 850 4661 hanc
880 4605 1189 4678 inspiciant

704 4697 834 4751 nolo
859 4699 1046 4750 autem
1072 4694 1260 4751 dicere
1283 4691 1564 4765 quomodo

710 4783 789 4838 ita
813 4781 964 4853 quod
993 4797 1120 4837 eum

712 4870 870 4925 valde
896 4869 1212 4940 culpabiles
1238 4869 1450 4923 sistunt

712 4956 817 5010 hoc
844 4953 1008 5009 modo
1032 4954 1314 5022 denegant

712 5044 1062 5099 seductorem
1093 5041 1393 5096 imitantur

715 5146 824 5184 non
853 5144 979 5184 cum
1011 5127 1294 5182 malitiosa
1325 5125 1462 5196 iniq.

3132 495 3256 557 511

2121 630 2184 685 D.
2228 629 2322 686 sed
2353 634 2413 685 tu
2440 643 2529 686 me
2559 645 2750 686 verum

2224 725 2311 775 est
2340 718 2570 774 imitans

2226 820 2317 860 me
2341 803 2776 859 subsannaveris

2235 891 2639 948 similitudinis
2665 888 2877 945 senties
2901 905 3045 960 quae
3070 889 3214 944 dicit

2230 976 2341 1031 sibi
2372 976 2658 1046 subJectos
2685 976 2896 1031 habens

2232 1059 2556 1116 eorumdem
2583 1075 2870 1118 servorum
2910 1078 3141 1119 suorum

2237 1146 2379 1203 tard.
2411 1153 2469 1202 et
2501 1152 2753 1218 teporem
2777 1148 3117 1219 abjicientes

2237 1239 2466 1303 agerent
2495 1233 2665 1290 iidem
2696 1235 2842 1290 servi

2239 1327 2299 1376 et
2322 1318 2575 1374 diversae
2601 1319 2742 1375 artis

1979 1409 2080 1463 411
2109 1407 2177 1464 Α.
2222 1406 2512 1463 illusorem
2542 1405 2834 1463 imitantes

2244 1492 2408 1563 cujus
2435 1493 2579 1547 servi
2609 1493 2747 1548 estis
2773 1491 3036 1549 famulari

2242 1577 2386 1633 mihi
2410 1577 2620 1633 servire
2640 1593 2753 1634 non
2777 1578 2973 1640 vultis.
2995 1578 3179 1636 videte
3198 1581 3345 1650 quod

2312 1663 2437 1732 ejus
2475 1662 2725 1718 stultitia
2767 1663 2926 1720 vobis
2964 1663 3217 1735 proderit

2239 1755 2357 1821 port
2379 1764 2473 1803 eos
2498 1767 2597 1804 om.
2629 1748 2729 1803 abs
2755 1764 2830 1804 se.

2243 1833 2518 1889 Dominus
2546 1833 2654 1888 iste

2244 1921 2325 1976 ita
2349 1922 2449 1992 qui
2485 1936 2767 1993 quemque
2805 1921 3091 1978 hominem
3132 1922 3353 1981 intelle-

2316 2013 2416 2064 ctu
2440 2009 2685 2064 armavit

2141 2091 2202 2148 Β.
2247 2091 2330 2148 ire
2354 2092 2719 2165 disponentes

2247 2177 2342 2233 sed
2371 2195 2468 2250 per
2492 2180 2884 2252 deceptionem

2250 2264 2480 2334 quidam
2509 2267 2759 2339 ipsorum

2250 2367 2308 2406 se
2334 2359 2679 2422 supponunt.
2719 2354 2942 2421 Quibus
2979 2356 3236 2415 doctores
3274 2378 3363 2418 eo·

2321 2451 2446 2492 rum
2471 2438 2626 2493 velut
2650 2439 2865 2496 sodales
2888 2440 3137 2513 ipsorum
3160 2462 3258 2517 per
3279 2463 3362 2502 sa-

2323 2539 2445 2580 cras
2467 2525 2791 2598 Scripturas
2813 2528 3147 2586 multotiens
3171 2548 3363 2588 occur-

2316 2615 2505 2668 rentes

2144 2696 2203 2753 C.
2246 2696 2357 2753 sibi
2388 2697 2659 2757 inducant
2704 2702 3100 2767 vociferantes,
3141 2705 3237 2762 sed
3277 2706 3363 2763 illi

2319 2800 2369 2840 a.
2401 2802 2449 2841 e.
2484 2802 2527 2841 s.
2560 2788 2970 2846 subsannantes

2255 2876 2373 2942 post
2398 2871 2721 2942 superbiam
2750 2893 2850 2931 om.
2888 2890 3046 2932 suam

2257 2955 2632 3013 obduratione
2662 2958 2768 3013 ista

2258 3039 3082 3114 iniquitatibusjexistentibus

2257 3146 2359 3186 cur
2386 3136 2508 3192 (om.
2540 3130 2946 3200 objiciebatur)

2256 3217 2591 3279 debuerant.
2612 3217 2961 3283 dilexerunt,
2976 3223 3071 3293 obj
3080 3222 3152 3280 ici
3163 3230 3274 3288 tur.
3294 3225 3374 3281 ita

2331 3303 2483 3373 quod
2510 3301 2617 3374 ipsi
2646 3306 2960 3378 contempti

2263 3390 2619 3447 considerare
2644 3394 3070 3463 compelluntur

2158 3478 2224 3533 D.
2267 3478 2385 3546 Ego
2415 3475 2565 3534 enim
2596 3478 2726 3533 nolo

2273 3563 2422 3618 vitae
2447 3578 2580 3619 suae
2607 3570 2752 3620 sctre
2778 3570 2877 3620 aut
2906 3565 2942 3621 i.
2972 3566 3027 3624 d.
3054 3573 3154 3622 aut
3181 3570 3380 3625 transi-

2345 3649 2451 3706 lire

2008 3742 2115 3794 412
2142 3737 2207 3796 Α.
2252 3736 2461 3793 terreni
2492 3735 2732 3808 liquoris

2275 3822 2555 3894 serpentis
2579 3823 2797 3880 devitat

2270 3915 2393 3981 post
2419 3914 2577 3964 tener
2605 3925 2704 3965 om.
2737 3910 2943 3967 debilis

2282 3999 2339 4049 et
2369 3993 2428 4048 in
2454 3994 2685 4050 horrore
2711 3996 2940 4067 pessimi

2175 4079 2237 4135 Β.
2279 4094 2562 4149 quamque
2586 4080 2875 4150 justitiam

2276 4172 2394 4239 post
2417 4172 2550 4220 sunt
2577 4185 2677 4222 om.
2711 4167 2816 4224 hoc
2844 4169 2991 4226 facio

2283 4253 2589 4308 secundum
2616 4254 2926 4312 utilitatem
2942 4273 3110 4330 quam
3135 4258 3192 4315 in
3210 4261 3388 4319 homi·

2362 4353 2431 4393 ne
2459 4337 2621 4394 video

2185 4425 2243 4481 C.
2289 4424 2346 4479 in
2374 4425 2487 4479 ulla
2519 4425 2775 4483 utilitate
2802 4431 2916 4486 cod.
2946 4433 3047 4503 sol.
3085 4436 3161 4489 17

2296 4511 2593 4569 hominum
2635 4518 2989 4585 transgressi.
3037 4518 3148 4575 nisi
3198 4535 3299 4590 ego
3340 4525 3393 4575 te

2368 4599 2498 4655 novi
2527 4602 2835 4658 secundum

2295 4693 2353 4742 et
2380 4687 2691 4744 utilitatem
2717 4706 2907 4746 eorum

2299 4775 2511 4829 nullam
2542 4774 2892 4832 viriditatem
2920 4777 3194 4834 bonorum

2193 4861 2254 4915 D.
2299 4861 2392 4916 scd
2424 4859 2554 4922 tibi.
2586 4877 2619 4917 o
2645 4861 2835 4925 homo.
2863 4863 2991 4919 dico

2301 4955 2359 5002 et
2382 4963 2556 5018 quare
2585 4954 2720 5004 tunc
2747 4949 3037 5020 postponis
3064 4964 3153 5003 me

2303 5033 2581 5090 diabolica
2610 5032 2868 5089 suasione

2079 5124 2181 5175 413
2209 5120 2273 5175 A.
2318 5120 2675 5175 manifestata
2704 5124 2835 5175 sunt
2865 5124 2986 5174 512.
