4036 6117
667 459 754 516 32
1818 472 1869 515 S.
1936 469 2477 519 ulLDEGARmS

590 593 680 652 tis
729 591 1140 667 permanent,
1192 584 1349 662 quia
1399 586 1604 644 vitam
1655 602 1782 645 non
1824 586 2317 648 desiderabant.
2353 587 2431 647 Et
2467 586 2592 648 hae
2626 602 2858 648 omnes
2893 586 3307 649 lamentabili
3340 605 3504 649 voce
3540 605 3698 665 per-

590 699 860 758 manent
893 693 1214 752 dicentes:
1257 707 1289 748 ‹
1328 688 1485 762 Vae,
1520 704 1645 749 vae
1679 691 1928 750 noxiali
1953 695 2021 750 et
2048 691 2378 751 horrendo
2405 693 2614 767 operi,
2645 691 2820 769 quod
2848 692 3058 750 vitam
3087 691 3277 767 fugit,
3308 698 3375 752 et
3401 694 3470 753 in
3493 693 3700 752 nobis

595 823 628 864 »
668 801 751 863 ad
783 802 1066 859 mortem
1101 793 1407 867 tetendit;
1448 812 1479 850 »
1519 794 1679 870 quia
1714 794 1778 853 in
1812 795 2069 870 poeniS‚
2108 796 2340 855 multis
2377 795 2782 856 stridoribus
2818 794 3294 870 vociferantur,
3331 803 3400 856 et
3423 796 3702 873 culpam

596 921 790 969 suam
837 906 905 963 et
954 899 1272 959 horrores
1321 898 1749 958 tenebrarum
1799 914 2073 958 suarum
2117 898 2296 960 Adae
2335 899 2703 975 imponunt,
2741 900 2900 976 quia
2933 907 3294 977 praecepta
3323 900 3443 961 Dei
3476 906 3703 960 trans-

594 1024 898 1088 gressuS,
946 1004 1016 1064 in
1048 1008 1329 1062 mortem
1367 1002 1641 1076 corruit;
1680 1018 1832 1062 cum
1868 1002 1996 1079 ipsi
2032 1004 2249 1062 lucem
2284 1002 2436 1063 fidei
2471 1009 2538 1063 et
2572 1020 2775 1081 opera
2804 1004 3109 1079 justitiae
3141 1004 3446 1065 videntes
3481 1011 3549 1064 et
3584 1020 3705 1064 au-

591 1116 876 1183 dienteS,
929 1123 1007 1168 ac
1046 1107 1251 1167 etiam
1286 1105 1601 1178 scientes,
1636 1122 1757 1181 pro
1791 1106 1998 1165 nihilo
2035 1104 2369 1165 habebant
2402 1113 2470 1166 et
2504 1107 3030 1179 subsannabant,
3067 1112 3135 1166 et
3166 1106 3519 1167 Diabolum
3553 1123 3700 1165 ma·-

588 1219 693 1293 gis
725 1228 928 1292 quam
957 1210 1168 1270 Deum
1199 1208 1583 1281 diligebant.

2078 1416 2210 1479 LX.

1709 1628 1915 1689 Nulla
1964 1648 2108 1706 spes
2156 1631 2228 1690 in
2276 1632 2563 1707 inferno,

680 1844 785 1903 73.
836 1839 1021 1913 Quod
1070 1843 1293 1898 autem
1326 1834 1560 1894 deinde
1595 1833 1783 1893 vides
1817 1835 2062 1895 nubem
2096 1836 2180 1896 ab
2213 1836 2537 1912 Aquilone
2568 1835 2964 1909 venientem,
3002 1849 3173 1910 quae
3209 1850 3282 1893 se
3307 1834 3388 1894 ad
3414 1834 3690 1894 easdem

589 1947 901 2010 tenebras
943 1942 1217 2016 dilatat,
1274 1942 1343 2000 et
1389 1954 1560 2015 quae
1609 1938 1694 1998 ab
1739 1938 1921 1998 omni
1968 1939 2212 2015 gaudio
2259 1945 2327 2000 et
2375 1940 2459 2000 ab
2507 1939 2685 1999 omni
2737 1938 3056 2002 felicitate
3105 1938 3294 1998 arida
3340 1941 3472 2013 est,
3524 1938 3688 2015 quia

584 2054 789 2113 etiam
836 2064 960 2110 nec
1009 2045 1110 2107 sol
1157 2044 1342 2105 illam
1390 2042 1627 2117 tangit,
1680 2058 1801 2101 nec
1850 2043 2034 2102 illam
2066 2043 2382 2103 illustrat:
2421 2042 2547 2103 hoc
2580 2042 2761 2102 aliud
2795 2057 3005 2118 genus
3039 2040 3456 2103 infelicitatis
3489 2049 3557 2102 et
3588 2043 3690 2101 in-

588 2154 938 2218 fernalium
973 2153 1457 2212 tormentorum
1492 2152 1621 2220 est,
1658 2147 1835 2222 quod
1869 2164 1906 2206 a
1938 2146 2213 2207 Diabolo
2253 2147 2646 2223 procedens,
2676 2147 3001 2223 praefatis
3027 2147 3323 2208 tenebris
3349 2164 3499 2208 cum
3527 2165 3689 2225 poe-

580 2259 845 2319 nalibus
893 2254 1247 2316 tormentis
1298 2268 1370 2311 se
1419 2250 1784 2327 conjungit;
1835 2251 1903 2310 in
1950 2268 2083 2327 quo
2132 2267 2377 2327 genere
2410 2252 2831 2312 crudelitatis
2865 2252 3050 2311 nulla
3084 2267 3239 2328 spes
3273 2251 3521 2327 gaudii,
3556 2268 3687 2313 nec

584 2364 723 2422 ulla
773 2377 929 2436 spes
979 2358 1219 2418 salutis
1268 2360 1396 2429 est,
1442 2354 1755 2431 quoniam
1789 2370 1912 2415 nec
1944 2371 2151 2415 verus
2181 2356 2288 2415 sol
2324 2357 2504 2416 illam
2538 2356 2678 2415 ulla
2712 2356 2966 2416 laetitia
2999 2356 3352 2433 exhilarat,
3387 2372 3510 2417 nec
3541 2357 3686 2417 ullo

577 2464 931 2541 splendore
981 2460 1310 2521 claritatis
1345 2473 1506 2519 suae
1541 2458 1848 2535 infundit,
1886 2475 2008 2519 nec
2041 2460 2246 2520 etiam
2281 2465 2590 2521 terrenus
2627 2461 2728 2520 sol
2762 2460 2845 2520 ad
2877 2476 3026 2521 eam
3060 2461 3198 2521 ullo
3235 2460 3496 2537 fulgore
3530 2476 3683 2537 per-

582 2568 797 2644 tingit.

2049 2770 2210 2835 LXI.

1524 2982 1797 3060 Maliqni
1848 2984 2125 3060 spiritus
2178 2984 2388 3043 Deum
2434 2985 2727 3063 fuqiunt.

673 3196 778 3256 74.
829 3195 983 3271 Ipsa
1030 3197 1253 3252 autem
1302 3191 1516 3250 nubes
1564 3191 2419 3268 malignorum·spirituum
2467 3193 2662 3268 plena
2711 3199 2847 3266 est,
2900 3192 3115 3268 quiin
3148 3209 3228 3252 ea
3262 3191 3385 3252 hac
3418 3198 3487 3253 et
3521 3193 3676 3254 illac

581 3306 940 3378 vagantur,
992 3302 1060 3357 et
1108 3295 1490 3357 hominibus
1539 3294 1818 3354 insidias
1868 3296 2367 3361 machinantur,
2422 3311 2499 3354 ac
2546 3296 2660 3372 qui
2709 3295 3124 3371 praedictum
3172 3297 3394 3356 virum
3441 3298 3678 3357 erube·

583 3411 799 3478 scunt,
852 3401 1166 3480 quoniam
1215 3400 1281 3457 in
1329 3399 1560 3458 eadem
1613 3399 2001 3459 infidelitate
2052 3399 2636 3460 innumerabilium
2689 3399 3014 3460 malorum
3051 3400 3363 3461 diabolici
3395 3401 3679 3477 spiritus

580 3515 735 3568 sunt
767 3513 836 3567 et
866 3506 1275 3578 discurrunt,
1318 3509 1386 3563 et
1410 3503 1736 3580 plurimas
1763 3504 2101 3579 nequitias
2128 3505 2523 3580 producunt,
2553 3508 2622 3563 et
2645 3503 2854 3563 Deum
2882 3505 3359 3564 erubescentes
3390 3503 3675 3579 fugiunt,

578 3613 738 3688 quia
785 3609 1035 3670 nullam
1086 3607 1563 3668 beatitudinem
1615 3606 1883 3681 habent,
1936 3623 2059 3668 nec
2093 3607 2338 3668 habere
2372 3607 2783 3682 desiderant,
2822 3608 2940 3667 sed
2977 3608 3042 3667 in
3073 3608 3497 3667 damnatione
3529 3622 3681 3683 per-

578 3720 821 3790 petuae
854 3711 1249 3789 perditionis
1286 3716 1458 3770 sunt.
3560 3698 3565 3703 ’

2024 3913 2215 3979 LXII.

1613 4124 1908 4185 Insidiae
1963 4124 2215 4186 Diaboli
2267 4130 2330 4186 in
2386 4125 2639 4187 electos.

661 4334 769 4397 75.
821 4334 946 4396 Sed
996 4333 1170 4411 quod
1221 4334 1411 4393 audis
1463 4334 1808 4410 antiquum
1851 4335 2238 4410 Serpentem
2275 4334 2447 4397 intra
2483 4351 2555 4396 se
2589 4334 2943 4408 dicentem,
2981 4332 3158 4411 quod
3191 4332 3372 4395 vires
3410 4331 3674 4394 fortitu-

575 4441 751 4501 dinis
787 4455 947 4499 suae
982 4438 1063 4498 ad
1100 4439 1596 4514 propugnacula
1631 4441 2008 4514 praeparet,
2044 4446 2111 4499 et
2145 4446 2376 4500 contra
2412 4439 2719 4499 inimicos
2753 4456 2912 4498 suos
2947 4445 3269 4516 quantum
3303 4439 3521 4526 possit
3553 4456 3674 4514 pu·-

570 4552 749 4621 gnet,
790 4543 914 4603 hoc
945 4549 1071 4616 est,
1109 4540 1285 4618 quod
1322 4541 1492 4601 idem
1529 4542 1844 4618 antiquus
1879 4542 2117 4617 hostiS,
2157 4543 2221 4603 in
2248 4544 2650 4604 exaltatione
2678 4544 3032 4619 superbiae
3059 4559 3243 4617 suae,
3272 4543 3544 4603 diversa
3571 4543 3671 4600 vi-

572 4651 664 4708 tia
708 4646 1100 4707 insidiarum
1135 4645 1368 4704 harum
1404 4645 1735 4721 producit,
1773 4662 1922 4705 cum
1958 4647 2203 4723 quibus
2237 4648 2486 4707 electos
2519 4647 2636 4708 Dei
2675 4647 3010 4722 fatigando
3045 4647 3358 4723 decipiat,
3395 4662 3515 4705 nec
3549 4653 3670 4704 eos

574 4753 780 4812 ullam
813 4751 1103 4827 quietem
1140 4748 1386 4809 habere
1420 4751 1785 4826 permittat.
1820 4750 2001 4810 Unde
2037 4752 2240 4811 etiam
2277 4767 2583 4828 spumam
2612 4747 2658 4829 ¹)
2697 4752 3056 4811 multarum
3096 4749 3667 4810 immunditiarum

570 4868 721 4914 cum
771 4853 1079 4913 omnibus
1128 4852 1314 4913 vitiis
1365 4851 1448 4913 ab
1490 4869 1604 4912 ore
1640 4870 1762 4914 suo
1799 4854 1971 4914 inter
2006 4854 2308 4914 homines
2341 4854 2611 4928 emittit,
2655 4871 2732 4914 ac
2766 4854 3122 4930 plurimam
3161 4854 3537 4930 irrisionem
3572 4852 3673 4910 eis

573 4957 778 5030 inflat,
827 4956 1137 5033 quoniam
1186 4955 1423 5015 sordes
1457 4957 1896 5033 plurimorum
1932 4958 2251 5018 vitiorum
2288 4959 2370 5018 ab
2406 4958 2591 5018 hiatu
2626 4959 3094 5034 perversitatis
3131 4973 3292 5016 suae
3327 4971 3669 5026 evomenS,

644 5110 688 5178 ¹)
714 5126 932 5182 epumas
957 5111 1022 5165 Α.
