4036 6117
1593 475 2053 527 EmsroLAE.
3187 468 3315 529 399

298 603 768 674 prosequatur,
820 605 887 659 et
920 600 1003 660 ab
1052 599 1360 660 omnibus
1396 600 1640 676 quibus
1676 602 1759 662 ab
1794 603 2186 662 infestatore
2223 602 2532 677 maligno,
2572 601 2832 661 seilicet
2867 601 3164 671 Diabolo,
3204 603 3391 663 novi·-

295 702 542 759 tiorum
592 703 966 763 teneritudo
1001 706 1243 764 terreri
1292 705 1486 779 solet,
1520 705 1765 780 jaculis
1814 709 2113 780 tueatur,
2167 706 2663 781 intentioneque
2712 722 2951 765 cursus
2985 707 3158 782 ejuS‚
3215 709 3385 767 inter

292 802 655 865 discrimen
703 807 880 865 vitae
922 808 1333 883 praesentis,
1387 809 1760 869 velificante
1795 810 1959 884 fide,
2012 815 2078 868 et
2111 815 2302 885 grata
2352 808 2638 884 Spiritus
2687 808 2908 869 Sancti
2957 826 3119 869 aura
3156 811 3389 869 subse-

294 915 575 984 querite,
627 911 910 987 dirigat,
962 911 1172 971 donec
1221 913 1532 972 omnibus
1581 919 1959 987 exemptum
2006 912 2368 989 periculis,
2419 914 2483 971 in
2530 914 2793 988 placida
2843 917 3131 975 statione
3179 917 3383 977 oblati

292 1019 549 1088 portuS,
589 1014 713 1074 hoc
746 1019 850 1076 est
884 1017 950 1074 in
983 1017 1344 1077 securitate
1380 1017 1814 1077 beatitudinis
1849 1022 2186 1091 aeternae,
2224 1033 2376 1075 eum
2412 1017 2492 1076 ad
2530 1025 2696 1104 vota,
2718 1025 3091 1094 componat.

386 1116 699 1176 Sanctum
750 1126 1152 1180 conventum
1187 1137 1496 1180 sororum
1545 1121 1670 1180 sub
1708 1126 1820 1180 tua
1869 1136 2032 1179 cura
2065 1120 2200 1180 Deo
2250 1120 2711 1193 servientium,
2749 1136 2864 1179 ore
2898 1127 3035 1195 tue,
3072 1122 3250 1181 dulci
3287 1122 3386 1182 of·

296 1218 442 1280 ficio
477 1222 718 1294 saluto,
757 1224 959 1297 utque
986 1228 1054 1281 et
1081 1224 1267 1299 ipsae
1290 1217 1335 1302 ¹)
1367 1225 1499 1283 tam
1530 1239 1648 1298 pro
1681 1240 1807 1297 me,
1838 1239 2039 1300 quam
2070 1240 2191 1299 pro
2218 1222 2323 1282 his
2351 1223 2660 1283 omnibus
2694 1240 2862 1299 quos
2888 1224 3227 1298 praemisi,
3264 1225 3396 1284 cle-

299 1325 583 1382 mentiae
635 1324 886 1384 Christi
935 1327 1333 1403 supplicent,
1380 1327 1647 1388 efficito:
1710 1328 1834 1388 hoc
1884 1328 2169 1386 maxime
2226 1333 2533 1401 orantes,
2587 1332 2660 1384 ut
2707 1326 3006 1386 earnalia
3052 1327 3386 1389 desideria

296 1423 583 1499 Spiritus
634 1424 916 1487 Sanctus
965 1443 1002 1485 a
1037 1427 1230 1487 nobis
1283 1435 1644 1503 removeat,
1696 1436 1763 1489 et
1797 1430 2000 1490 eorda
2048 1431 2281 1488 nostra
2325 1428 2544 1489 adhuc
2594 1429 2928 1502 torpentia
2973 1434 3041 1488 et
3073 1429 3386 1505 obscura,

296 1527 546 1586 amoris
580 1529 685 1586 sui
719 1531 785 1588 et
819 1530 1040 1588 calore
1079 1530 1405 1591 ferventia
1440 1538 1507 1591 et
1541 1534 1687 1591 luce
1725 1531 2047 1609 fulgentia
2081 1530 2350 1591 efficiat.

385 1630 778 1691 praesentes
827 1633 1092 1692 litteras
1126 1640 1193 1693 et
1241 1651 1699 1712 quascumque
1733 1635 2059 1695 haetenus
2108 1636 2214 1694 vel
2252 1634 2535 1694 fratrum
2585 1634 3056 1694 villarensium
3101 1635 3390 1694 diversis

296 1739 362 1791 et
418 1735 834 1809 temporibus
890 1739 958 1796 et
1012 1736 1267 1797 chartis
1333 1739 1455 1798 tibi
1516 1741 1805 1815 sparsim
1863 1739 2249 1814 transmisi,
2316 1737 2482 1797 mihi
2538 1753 2713 1796 nunc
2772 1738 3005 1798 sedulo
3070 1754 3232 1813 rogo
3292 1754 3392 1797 re-

300 1841 683 1901 transmitti.
734 1843 894 1902 Volo
942 1845 1117 1903 enim
1166 1845 1388 1904 omnia
1436 1851 1503 1905 et
1536 1851 1650 1905 tua
1699 1846 1780 1906 ad
1819 1862 1922 1904 me
1970 1852 2039 1906 et
2070 1861 2219 1906 mea
2266 1845 2351 1904 ad
2402 1851 2467 1903 te
2516 1845 2642 1904 sub
2692 1860 2824 1903 uno
2877 1844 3127 1920 scripto
3158 1841 3209 1922 ²)
3260 1843 3386 1901 col-

296 1943 525 2018 ligere,
575 1951 642 2004 et
675 1946 758 2004 ad
806 1947 1331 2007 consolationem
1366 1964 1604 2023 meam,
1655 1956 1723 2009 et
1756 1949 1837 2009 ad
1887 1965 2003 2009 eos
2037 1949 2154 2025 qui
2194 1947 2365 2008 forte
2415 1948 2638 2024 legere
2688 1948 3162 2024 dignabuntur,
3214 1947 3384 2006 divi-

298 2065 419 2107 nae
474 2051 936 2113 admirationis
984 2071 1104 2130 pro
1164 2056 1554 2115 muneribus
1603 2055 1748 2131 ejus
1803 2056 2216 2130 excitandos,
2281 2054 2440 2115 mihi
2494 2057 2562 2116 in
2609 2060 2962 2131 posterum
3020 2072 3388 2116 reservare.

303 2154 455 2212 Vale
494 2154 559 2212 in
593 2155 860 2216 Christo
895 2173 1047 2217 cum
1084 2159 1218 2218 tuis
1254 2159 1583 2219 omnibus,

1689 2381 1977 2454 XXIV.

877 2609 1305 2686 Hildeyardis
1357 2608 1672 2668 Guiberto
1719 2615 1782 2667 et
1843 2608 2316 2669 Villarensibus
2363 2612 2717 2669 monachis
2767 2603 2815 2687 ²³)

305 2824 613 2919 Exorditur
640 2840 670 2879 a
696 2823 914 2881 Cantic.
946 2825 1020 2882 11.
1053 2829 1107 2888 5,
1136 2829 1201 2879 ut
1225 2824 1527 2881 charitatis
1556 2825 1742 2894 ignem
1770 2825 2061 2890 accendat,
2089 2831 2395 2896 monetque
2417 2819 2535 2896 jam
2563 2841 2622 2881 se
2645 2825 2784 2881 xlv
2809 2824 3170 2896 quaestiones
3196 2828 3301 2882 sol-

375 2924 536 2964 visse.

1651 3079 1795 3118 armo
1839 3064 2017 3118 1178.

389 3263 605 3323 Fratri
654 3263 727 3323 G.
764 3261 1227 3322 Gemblacensi
1272 3266 1340 3319 et
1394 3259 1782 3319 villarensis
1830 3258 2157 3318 ecclesiae
2210 3257 2555 3332 fratribuS,
2606 3257 3053 3333 HildegardiS.

389 3371 460 3430 In
495 3368 827 3443 spirituali
858 3367 1117 3426 visione
1152 3365 1412 3424 animae
1445 3378 1656 3437 meae,
1693 3363 1859 3423 haec
1890 3363 2099 3423 verba
2129 3362 2268 3421 vidi
2302 3368 2369 3421 et
2403 3361 2649 3421 audivi:

389 3476 440 3536 O
473 3477 592 3536 filii
636 3474 1014 3548 charitatiS,
1069 3472 1183 3548 qui
1219 3471 1300 3530 de
1351 3469 1745 3530 inexhausto
1795 3472 1863 3528 et
1898 3470 1963 3528 in
1997 3470 2204 3528 vitam
2256 3474 2596 3527 aeternam
2647 3467 2911 3526 salienti
2952 3466 3129 3525 fonte
3184 3466 3393 3526 imbu-

301 3583 372 3655 ti,
409 3587 474 3639 et
508 3580 622 3655 qui
669 3579 872 3638 etiam
906 3578 989 3637 ab
1039 3575 1529 3650 inextinguibili
1565 3575 1839 3633 lucerna
1886 3573 2075 3633 verbi
2108 3573 2225 3632 Dei
2275 3572 2544 3632 accensi
2576 3572 2767 3641 estis,
2824 3573 2914 3631 ita
2946 3577 3020 3630 ut
3062 3573 3203 3631 sine
3253 3578 3392 3630 tae-

297 3686 408 3743 dio
450 3685 517 3743 in
563 3698 731 3759 pura
765 3682 890 3742 fide
939 3697 1110 3757 quae
1159 3681 1307 3756 ejus
1342 3685 1497 3739 sunt
1546 3680 1910 3754 quaeratis»,
1963 3684 2030 3739 et
2065 3695 2144 3738 ea
2193 3679 2495 3738 invenire
2542 3676 2964 3751 desiderem,
3015 3678 3223 3738 verba
3261 3679 3391 3736 ista

298 3795 489 3863 grata
522 3786 715 3849 vobis
747 3786 1132 3862 acceptione
1167 3783 1494 3846 audienda
1527 3790 1702 3844 sunt.

399 3894 783 3953 Introduxit
829 3911 935 3951 me
969 3911 1093 3951 rex
1125 3894 1198 3950 in
1247 3890 1483 3951 cellam
1531 3892 1886 3963 vinariam,
1937 3895 1998 3947 et
2050 3889 2379 3948 ordinavit
2418 3891 2489 3947 in
2536 3907 2640 3947 me
2691 3890 3107 3948 charitatem:
3159 3890 3391 3965 fulcite

301 4016 404 4055 me
436 3997 725 4076 fioribus,
763 3999 1003 4073 stipate
1035 4012 1140 4054 me
1174 3995 1393 4067 maliS,
1430 3995 1587 4069 quia
1618 4010 1838 4052 amore
1867 3993 2166 4069 lanqueO.
2197 3987 2246 4072 ⁴)
2282 3992 2467 4063 Quod
2506 3994 2603 4050 sic
2639 3990 3141 4065 intelligendum
3178 3997 3303 4050 est.

389 4101 563 4160 Deus
598 4104 892 4160 veterem
941 4099 1178 4174 Legem
1214 4098 1585 4170 constituit,
1641 4098 1703 4155 in
1740 4096 2181 4156 similitudine
2234 4095 2519 4169 formae,
2572 4095 2746 4170 quod
2786 4094 2973 4154 fusor
3024 4102 3233 4154 morte
3270 4112 3392 4155 sua

300 4209 382 4265 de
417 4207 573 4266 limo
609 4205 971 4266 secundum
999 4204 1412 4265 voluntatem
1449 4220 1642 4262 suam
1681 4202 1861 4276 facit,
1889 4209 1964 4261 ut
1999 4218 2119 4277 per
2145 4218 2292 4261 eam
2326 4204 2560 4276 postea
2595 4201 2675 4259 de
2711 4200 2981 4259 metallo
3014 4216 3183 4275 opus
3210 4200 3386 4276 quod

305 4315 614 4388 voluerit,
650 4314 1122 4373 convenienter
1155 4316 1527 4385 componat.
1564 4309 1693 4368 Lex
1726 4310 1971 4368 etenim
2005 4316 2203 4367 vetus
2231 4309 2470 4368 umbra
2508 4306 2633 4367 fuit
2666 4306 2913 4366 nobilis
2947 4306 3155 4380 floris,
3193 4320 3391 4380 quem

302 4421 476 4481 Deus
521 4422 585 4480 in
619 4422 892 4497 antiquo
942 4419 1223 4479 consilio
1257 4418 1338 4478 de
1386 4417 1593 4476 Maria
1638 4416 1907 4491 Virgine
1956 4430 2435 4489 processurum
2483 4414 2933 4473 ordinaverat.
2985 4412 3139 4473 Flos
3172 4417 3395 4471 autem

305 4528 432 4586 iste
480 4527 685 4586 Filius
717 4525 834 4585 Dei
866 4531 995 4599 est,
1047 4530 1114 4583 et
1147 4523 1537 4600 splendidus
1573 4521 1694 4596 sol,
1748 4521 1862 4597 qui
1899 4520 2108 4579 radiis
2143 4520 2285 4579 suis
2342 4525 2558 4578 totum
2594 4519 2911 4578 mundum
2964 4517 3390 4587 illuminavit3

302 4635 371 4692 et
414 4633 575 4692 vitis
614 4646 798 4706 vera,
849 4646 1020 4707 quae
1069 4629 1322 4706 optimo
1368 4628 1524 4687 vino
1573 4642 1694 4686 nos
1743 4625 2027 4701 potavit,
2081 4639 2234 4683 cum
2282 4640 2403 4699 per
2453 4624 2909 4683 indumentum
2960 4623 3400 4683 humanitatis

303 4753 465 4797 suae
499 4739 872 4812 speciosam
924 4737 1204 4796 sormam
1237 4734 1618 4794 Divinitatis
1653 4731 1822 4807 ejuS‚
1873 4746 1950 4789 ex
1987 4746 2267 4790 munere
2305 4731 2642 4807 largitatis
2687 4730 2923 4808 ipsiuS‚
2976 4732 3397 4806 agnovimus„

303 4849 370 4902 et
404 4844 469 4903 in
504 4843 834 4919 sapientia
858 4856 1085 4901 veram
1121 4839 1495 4899 doctrinam
1529 4851 1736 4912 purae
1771 4833 1922 4894 fidei
1956 4833 2335 4894 didicimus».

382 5044 424 5105 ¹)
447 5049 556 5117 ipse
579 5043 699 5099 cod.
732 5075 797 5083 --·
817 5045 864 5105 ²)
889 5045 987 5098 sub
1009 5061 1115 5097 uno
1136 5045 1336 5113 scripta
1357 5038 1476 5095 eod.
1512 5037 1673 5093 Hanc
1697 5034 1805 5091 sor·
1895 5036 1990 5093 sis.
2023 5069 2089 5077 ---
2114 5037 2157 5103 ⁸)
2183 5039 2245 5092 ln
2268 5038 2388 5093 eod.
2417 5036 2535 5092 cod.
2568 5034 2604 5091 f.
2637 5039 2753 5090 158.
2785 5034 2909 5110 mi)
2931 5032 3088 5087 Cant.
3122 5030 3197 5093 n,
3226 5035 3278 5084 5.

312 5139 454 5187 tasse
479 5130 874 5187 collectionem
899 5136 1072 5185 totam
1111 5134 1262 5183 tenet
1316 5126 1438 5182 cod.
1482 5123 1805 5181 Bruxellen-
