4036 6117
1399 494 1824 542 Exposr‘rxo
1870 486 2524 539 ssvANGEmonuM.
3290 463 3421 528 317

404 618 616 682 Filius
665 619 782 680 Dei
834 635 952 695 pro
1006 619 1221 677 salute
1270 616 1612 676 hominum
1659 622 1857 676 natus
1905 617 2033 688 est,
2087 614 2265 673 salus
2299 624 2508 670 novae
2543 604 3021 681 redemptionis
3055 604 3278 667 domui
3311 603 3485 675 huic,

409 725 471 784 id
509 733 613 784 est
648 725 1028 785 hominibus
1063 723 1177 799 qui
1214 724 1280 782 in
1315 722 1734 799 corporibuS,
1769 722 1956 781 velut
1989 721 2055 779 in
2090 718 2395 778 domibus
2430 714 2574 774 suis
2606 714 2875 783 vivunt,
2910 714 3093 791 facta
3124 716 3219 769 est
3257 710 3323 769 in
3357 708 3489 768 for-

401 844 509 886 ma
559 831 830 887 sanctae
883 826 1382 899 incarnationiS,
1435 825 1548 884 ubi
1598 824 1888 884 Verbum
1935 823 2157 884 Patris
2205 836 2360 883 caro
2414 818 2663 878 factum
2709 818 2842 891 est,
2880 834 2953 874 eo
2992 815 3165 893 quod
3196 817 3336 891 ipse
3370 811 3487 888 qui

403 934 689 993 salutern
724 939 790 992 et
827 931 1290 993 remissionem
1337 943 1765 1008 peccatorum
1804 947 2078 993 suorum
2115 926 2589 1002 consequitur,
2621 924 2797 1003 filias
2832 925 2913 981 sit
2952 921 3269 994 Abrahae,
3305 919 3492 979 vide-.-

405 1045 513 1099 tur
541 1040 777 1100 haeres
813 1040 1127 1100 coelestis
1163 1039 1352 1114 regni
1385 1056 1537 1099 cum
1569 1040 1735 1100 Filio
1769 1039 1906 1100 Dei.
1952 1040 2138 1100 Venit
2174 1039 2355 1097 enim
2388 1035 2605 1098 Filius
2646 1033 2952 1105 hominis,
3005 1029 3267 1090 scilicet
3301 1028 3488 1090 Chri-

401 1152 549 1205 stus
582 1165 899 1223 quaerere
947 1146 1016 1206 in
1062 1146 1479 1206 humanitate
1529 1163 1675 1222 sua,
1726 1154 1789 1206 et
1840 1149 2094 1214 salvum
2125 1149 2346 1227 facere
2398 1144 2465 1203 in
2513 1140 2837 1217 sanguine
2872 1154 2994 1199 suo
3028 1139 3196 1198 etin
3244 1137 3491 1198 sancti-

401 1256 558 1324 tate,
594 1250 763 1329 quod
805 1252 1101 1328 perierat
1136 1267 1254 1326 per
1301 1252 1674 1328 Diabolum,
1711 1253 2024 1314 videlicet
2072 1252 2430 1323 hominem,
2483 1254 2556 1307 ut
2604 1249 2749 1324 ipse
2796 1263 2914 1324 per
2960 1244 3204 1311 Filium
3234 1242 3350 1305 Dei
3385 1255 3488 1302 re-

400 1356 732 1431 demptuS,
771 1356 1158 1418 Creatorem
1192 1373 1388 1418 suum
1423 1365 1876 1434 cognosceret.

1908 1613 1985 1672 11.

1751 1843 1898 1903 Alio
1945 1844 2152 1903 modo.

473 2074 798 2152 ‚Eyressus
832 2072 1048 2148 Iesus,
1086 2074 1346 2134 scilieet
1379 2073 1589 2134 Filius
1622 2074 1762 2148 Dei,
1801 2073 1981 2135 venit
2015 2073 2083 2132 in
2127 2071 2574 2133 admonitione
2608 2070 2896 2146 Spiritus
2929 2068 3174 2143 Sancti,
3218 2085 3485 2145 peram-

399 2180 679 2255 bulabat,
735 2183 994 2242 scilicet
1041 2183 1260 2258 gratia
1293 2199 1415 2242 sua
1448 2181 1775 2258 perfudit,
1826 2180 2112 2252 Iericho,
2166 2181 2229 2240 id
2264 2184 2371 2241 est
2404 2180 2471 2239 in
2504 2180 2694 2239 bonis
2728 2177 3041 2255 operibus
3074 2172 3480 2235 deficientes,

396 2288 478 2349 Et
512 2307 654 2347 ecce
687 2290 810 2362 vir,
849 2288 1163 2349 videlicet
1197 2290 1308 2348 ille
1342 2290 1457 2366 qui
1492 2305 1562 2349 se
1593 2288 1832 2348 fortem
1861 2288 1926 2347 in
1960 2287 2259 2363 nequitia
2290 2286 2472 2361 facit,
2500 2288 2797 2355 nomine,
2834 2283 2900 2345 id
2932 2287 3039 2343 est
3065 2278 3487 2342 invocatione

394 2394 750 2466 Zachaeu3‚
802 2395 1401 2468 praevaricationis
1434 2391 1478 2471 ¹)
1530 2401 2041 2471 praeceptorum
2076 2394 2216 2468 Dei,
2257 2393 2373 2452 sed
2400 2397 2624 2452 tamen
2650 2394 2825 2467 post,
2874 2406 2994 2467 per
3024 2389 3313 2465 gratiam
3336 2386 3478 2462 Dei,

386 2495 877 2573 justificandae,
911 2504 970 2556 et
999 2500 1103 2559 hic
1135 2506 1277 2559 erat
1308 2502 1621 2583 princeps
1657 2500 1724 2559 in
1758 2500 2219 2575 superfluitate
2247 2497 2781 2576 publicanorum,
2812 2494 3075 2554 scilicet
3106 2493 3477 2567 voluptatis

393 2607 640 2681 carme,
676 2624 847 2683 quae
894 2609 1370 2669 verecundiam
1418 2626 1547 2669 non
1596 2609 1818 2686 habet,
1869 2617 1930 2670 et
1965 2612 2105 2687 ipse
2140 2611 2342 2684 dives,
2381 2609 2641 2668 scilicet
2676 2606 2986 2683 frequens
3020 2607 3089 2667 in
3127 2605 3351 2668 studio
3383 2607 3485 2666 vi-

398 2710 666 2769 tiorum.

483 2816 564 2875 Et
602 2819 950 2893 quaerebat
989 2819 1313 2879 studendo
1346 2822 1591 2895 videre,
1631 2819 1694 2879 id
1729 2826 1833 2879 est
1867 2819 2329 2883 contradicere
2376 2819 2604 2879 Jesum
2638 2821 2785 2896 quis
2834 2823 3017 2891 esset,
3066 2817 3163 2876 sic
3197 2816 3371 2890 apud
3410 2831 3484 2875 se

391 2918 589 2980 homo
625 2923 734 2982 ille
772 2928 1087 2999 tractanS,
1140 2927 1298 3002 quid
1331 2927 1461 2985 Deo
1500 2928 1700 3000 obsit,
1737 2928 1842 2986 vel
1877 2926 2037 3002 quid
2070 2941 2224 2985 eum
2258 2924 2505 2995 laedat,
2558 2926 2617 2984 si
2667 2927 2809 3000 ipse
2860 2924 3222 2984 carnaliter
3272 2910 3476 2985 vivat.

391 3024 476 3085 Et
507 3044 639 3086 non
667 3036 925 3105 poterat
971 3049 1135 3107 prae
1185 3031 1376 3092 turba
1410 3032 1807 3109 iniquitatiS,
1860 3032 2017 3108 quia
2068 3037 2326 3091 statura
2372 3029 2611 3089 horum
2662 3029 3142 3105 cogitationum
3183 3030 3478 3106 pusillus

393 3136 560 3204 erat,
596 3133 909 3206 quoniam
945 3135 1115 3195 tales
1149 3152 1506 3210 perversae
1543 3136 2106 3195 contradictiones
2140 3149 2269 3193 non
2302 3133 2691 3208 praevalent
2723 3133 3047 3192 adversus
3080 3131 3311 3204 Deum,
3362 3129 3481 3188 sed

396 3234 477 3293 ad
512 3235 790 3295 nihilum
826 3239 891 3296 in
927 3240 1234 3313 opinione
1269 3256 1391 3300 sua
1426 3240 1830 3314 redigentur.
1858 3239 1937 3299 Et
1968 3259 2414 3316 praecurrens
2441 3238 2858 3316 properando
2886 3238 2952 3297 in
2978 3236 3103 3295 hac
3134 3236 3479 3295 voluntate

398 3353 542 3413 sua,
578 3343 872 3402 ascendit
911 3360 982 3402 se
1016 3344 1281 3419 erigens
1305 3341 1354 3423 ²)
1383 3349 1456 3405 in
1482 3345 1806 3416 arborem,
1843 3345 2105 3404 scilicet
2139 3345 2203 3403 in
2238 3346 2656 3405 altitudinem
2691 3360 2889 3403 casus
2916 3359 3035 3419 per
3059 3342 3479 3403 dulcedinem

404 3446 769 3524 voluptatis
804 3464 988 3522 suae,
1025 3468 1454 3527 sycomorum,
1509 3451 1618 3510 ubi
1657 3467 1729 3508 se
1763 3466 1883 3526 per
1933 3451 2175 3510 malam
2226 3451 2726 3526 suggestionem
2759 3467 2797 3509 a
2831 3448 3240 3510 coelestibus
3289 3463 3479 3507 aver-

398 3549 500 3624 tit,
536 3558 608 3610 ut
636 3554 881 3612 videret
911 3556 1130 3629 illum,
1169 3556 1427 3615 scilicet
1477 3556 1569 3615 ita
1602 3555 1780 3630 quod
1814 3561 2039 3615 tamen
2072 3572 2199 3615 non
2232 3557 2377 3616 vult
2410 3561 2483 3615 ut
2514 3556 2691 3615 Deus
2728 3554 2947 3630 ipsum
2980 3570 3100 3630 pro
3137 3552 3483 3630 hujusmo-

393 3651 463 3712 di
493 3656 879 3715 excessibus
928 3656 1372 3735 derelinquat,
1421 3663 1580 3738 quia
1625 3661 1780 3720 inde
1830 3667 1973 3719 erat
2012 3663 2450 3735 transiturus,
2503 3660 2820 3736 quoniam
2865 3657 3041 3717 Deus
3076 3658 3242 3718 bene
3290 3657 3477 3718 novit

396 3757 573 3832 quod
607 3759 805 3818 homo
840 3759 921 3818 de
957 3760 1181 3836 fragili
1215 3765 1497 3824 materia
1531 3771 1797 3825 creatus
1832 3768 1956 3824 est.

486 3862 569 3920 Et
615 3881 765 3922 cum
812 3867 1094 3923 venisset
1129 3849 1338 3928 Filius
1371 3866 1488 3926 Dei
1536 3871 1622 3929 ad
1656 3871 1892 3944 locum,
1931 3867 1997 3928 id
2031 3875 2137 3929 est
2169 3886 2321 3930 eum
2353 3869 2639 3930 vidisset
2671 3870 3247 3931 conversationem
3296 3869 3479 3929 illius

396 3969 638 4027 malam
672 3984 852 4041 esse,
890 3975 1257 4049 suspiciens
1290 3975 1507 4049 gratia
1535 3991 1657 4034 sua
1683 3976 1874 4036 Jesus
1911 3976 2242 4051 Christus»,
2279 3977 2441 4036 vidit
2478 3977 2695 4049 illum,
2729 3976 2824 4035 ita
2856 3982 2929 4036 ut
2954 3992 3073 4053 per
3098 3975 3483 4035 misericor-

397 4073 574 4133 diam
607 4090 797 4134 suam
850 4075 1038 4134 illum
1073 4077 1277 4136 nollet
1310 4077 1795 4155 derelinquere,
1831 4084 1900 4139 et
1931 4080 2105 4140 dixit
2140 4080 2225 4140 ad
2250 4099 2403 4140 eum
2435 4082 2785 4140 vocatione
2820 4096 2961 4141 sua:
3014 4082 3329 4155 Zachaee,
3364 4079 3480 4156 qui

396 4182 584 4258 prius
616 4184 1119 4258 praevaricator
1150 4199 1330 4255 eraS,
1369 4185 1485 4244 sed
1518 4186 1714 4245 modo
1744 4185 2250 4261 justificaberiS,
2285 4190 2615 4266 festinans
2649 4186 3075 4263 poenitendo,
3125 4187 3475 4256 descende,

395 4289 461 4348 id
496 4295 600 4349 est
633 4288 1015 4360 humiliare,
1056 4296 1125 4350 ut
1158 4308 1196 4349 a
1229 4293 1521 4366 peccatis
1555 4293 1687 4352 tuis
1723 4293 2045 4364 abluariS‚
2084 4298 2240 4372 quia
2286 4297 2498 4370 hodie,
2552 4310 2703 4354 curn
2741 4300 2804 4353 te
2844 4294 3135 4370 requiro,
3186 4296 3259 4353 in
3294 4295 3480 4353 domo

395 4400 532 4468 tua,
569 4396 829 4455 scilicet
862 4397 1061 4456 corde
1099 4405 1238 4469 tuo,
1275 4406 1547 4475 oportet,
1585 4400 1643 4458 si
1679 4400 1928 4460 salvari
1964 4400 2334 4477 desideraS,
2368 4421 2473 4464 me
2508 4421 2811 4474 manere,
2848 4402 2913 4462 id
2945 4408 3050 4462 est
3084 4402 3151 4462 in
3183 4404 3248 4462 te
3281 4402 3481 4478 glori-

396 4498 646 4558 ficabor
681 4506 914 4559 sancta
948 4503 1312 4563 mansione.

486 4605 568 4665 Et
599 4608 928 4683 festinans
963 4608 1381 4684 poenitendo,
1417 4611 1776 4685 descendit,
1816 4612 1973 4687 quia
2007 4611 2205 4672 homo
2243 4613 2353 4672 ille
2388 4629 2508 4686 per
2539 4613 2990 4675 humilitatem
3036 4621 3310 4691 peccata
3356 4631 3481 4678 sua

396 4708 735 4771 dimittere
773 4714 1025 4787 incipit,
1062 4721 1122 4773 et
1157 4719 1415 4793 excepit
1448 4717 1644 4775 illum
1680 4718 1742 4776 in
1777 4719 2069 4795 suspirio
2104 4735 2250 4792 suo,
2284 4720 2578 4797 qaudens
2614 4719 2680 4777 in
2715 4719 3013 4779 lacrimis
3062 4720 3476 4780 salvationis.

484 4817 566 4876 Et
601 4836 750 4876 cum
796 4819 1094 4878 viderent
1144 4838 1388 4896 omnes,
1426 4822 1683 4882 scilicet
1718 4824 1916 4882 turba
1950 4824 2280 4884 malorum
2315 4839 2621 4892 suorum,
2658 4823 3160 4884 murmurabant
3197 4825 3480 4884 circum-

401 4921 614 4981 eundo
644 4915 695 5001 ⁸)
745 4922 812 4981 in
861 4924 1071 5000 illum,
1110 4925 1400 4987 dicentes
1451 4928 1518 4987 in
1567 4928 1808 5004 seipsis
1858 4945 1979 5005 per
2029 4928 2576 5005 indignationem,
2629 4929 2800 5006 quod
2849 4931 2935 4990 ad
2974 4932 3303 4992 hominem
3329 4949 3482 5006 pec·

473 5146 490 5184 ¹
500 5151 515 5212 )
544 5146 579 5201 s.
609 5154 1084 5219 praevaricatoris.
1123 5183 1180 5190 r—
1204 5153 1248 5220 ²)
1279 5155 1338 5207 in
1362 5169 1470 5209 om.
1502 5153 1623 5210 cod.
1657 5185 1715 5194 ἢ·
1746 5152 1790 5218 ³)
1816 5155 2103 5211 circumdo
2128 5153 2254 5221 cod,
2286 5153 2400 5211 fere
2426 5157 2492 5209 ut
2520 5169 2706 5226 supra.
