<?xml version="1.0" encoding="UTF-8"?>
<!DOCTYPE html PUBLIC "-//W3C//DTD XHTML 1.0 Transitional//EN"
    "http://www.w3.org/TR/xhtml1/DTD/xhtml1-transitional.dtd">
<html xmlns="http://www.w3.org/1999/xhtml" xml:lang="en" lang="en">
 <head>
  <title>
</title>
<meta http-equiv="Content-Type" content="text/html;charset=utf-8" />
  <meta name='ocr-system' content='tesseract 3.04.00' />
  <meta name='ocr-capabilities' content='ocr_page ocr_carea ocr_par ocr_line ocrx_word'/>
</head>
<body>
  <div class='ocr_page' id='page_1' title='image "analectasacrasp05pitrgoog_0549.png"; bbox 0 0 4036 6117; ppageno 0'>
   <div class='ocr_carea' id='block_1_1' title="bbox 1214 458 3317 526">
    <p class='ocr_par' dir='ltr' id='par_1_1' title="bbox 1214 458 3317 526">
     <span class='ocr_line' id='line_1_1' title="bbox 1214 458 3317 526; baseline -0.003 0"><span class='ocrx_word' id='word_1_1' title='bbox 1214 479 1449 526; x_wconf 77' lang='lat' dir='ltr'>LIBER</span> <span class='ocrx_word' id='word_1_2' title='bbox 1494 479 1991 525; x_wconf 73' lang='lat' dir='ltr'>comrosirAn</span> <span class='ocrx_word' id='word_1_3' title='bbox 2040 478 2490 525; x_wconf 62' lang='lat' dir='ltr'>Memorium</span> <span class='ocrx_word' id='word_1_4' title='bbox 3170 458 3317 519; x_wconf 64' lang='lat'>--181</span> 
     </span>
    </p>
   </div>
   <div class='ocr_carea' id='block_1_2' title="bbox 199 595 2677 2896">
    <p class='ocr_par' dir='ltr' id='par_1_2' title="bbox 303 595 2677 1880">
     <span class='ocr_line' id='line_1_2' title="bbox 304 595 2202 666; baseline -0.001 -11"><span class='ocrx_word' id='word_1_5' title='bbox 304 595 384 655; x_wconf 82' lang='lat' dir='ltr'>De</span> <span class='ocrx_word' id='word_1_6' title='bbox 413 595 513 656; x_wconf 87' lang='lat' dir='ltr'>ira.</span> <span class='ocrx_word' id='word_1_7' title='bbox 1923 596 2004 650; x_wconf 90' lang='lat' dir='ltr'>De</span> <span class='ocrx_word' id='word_1_8' title='bbox 2032 596 2202 666; x_wconf 88' lang='lat' dir='ltr'>lepra.</span> 
     </span>
     <span class='ocr_line' id='line_1_3' title="bbox 303 682 2364 756; baseline -0.001 -15"><span class='ocrx_word' id='word_1_9' title='bbox 303 684 383 741; x_wconf 84' lang='lat' dir='ltr'>De</span> <span class='ocrx_word' id='word_1_10' title='bbox 409 686 701 741; x_wconf 89' lang='lat' dir='ltr'>oculorum</span> <span class='ocrx_word' id='word_1_11' title='bbox 728 683 972 756; x_wconf 78' lang='lat' dir='ltr'>caligine</span> <span class='ocrx_word' id='word_1_12' title='bbox 1001 699 1071 739; x_wconf 82' lang='lat' dir='ltr'>cx</span> <span class='ocrx_word' id='word_1_13' title='bbox 1101 682 1254 741; x_wconf 84' lang='lat' dir='ltr'>fletu.</span> <span class='ocrx_word' id='word_1_14' title='bbox 1926 682 2069 736; x_wconf 86' lang='lat' dir='ltr'>Item</span> <span class='ocrx_word' id='word_1_15' title='bbox 2097 682 2165 737; x_wconf 89' lang='lat' dir='ltr'>de</span> <span class='ocrx_word' id='word_1_16' title='bbox 2196 682 2364 754; x_wconf 83' lang='lat' dir='ltr'>lepra.</span> 
     </span>
     <span class='ocr_line' id='line_1_4' title="bbox 304 767 2677 841; baseline -0 -14"><span class='ocrx_word' id='word_1_17' title='bbox 304 772 384 827; x_wconf 89' lang='lat' dir='ltr'>De</span> <span class='ocrx_word' id='word_1_18' title='bbox 411 772 530 827; x_wconf 89' lang='lat' dir='ltr'>risu</span> <span class='ocrx_word' id='word_1_19' title='bbox 559 771 947 830; x_wconf 88' lang='lat' dir='ltr'>immoderato.</span> <span class='ocrx_word' id='word_1_20' title='bbox 1922 767 2002 823; x_wconf 90' lang='lat' dir='ltr'>De</span> <span class='ocrx_word' id='word_1_21' title='bbox 2030 769 2444 826; x_wconf 80' lang='lat' dir='ltr'>incontinentia</span> <span class='ocrx_word' id='word_1_22' title='bbox 2473 771 2677 841; x_wconf 88' lang='lat' dir='ltr'>leprae.</span> 
     </span>
     <span class='ocr_line' id='line_1_5' title="bbox 305 851 2209 922; baseline -0.003 -8"><span class='ocrx_word' id='word_1_23' title='bbox 305 859 385 914; x_wconf 89' lang='lat' dir='ltr'>De</span> <span class='ocrx_word' id='word_1_24' title='bbox 410 858 703 915; x_wconf 88' lang='lat' dir='ltr'>ebrietate.</span> <span class='ocrx_word' id='word_1_25' title='bbox 1923 851 2003 907; x_wconf 85' lang='lat' dir='ltr'>De</span> <span class='ocrx_word' id='word_1_26' title='bbox 2030 861 2209 922; x_wconf 81' lang='lat' dir='ltr'>gutta.</span> 
     </span>
     <span class='ocr_line' id='line_1_6' title="bbox 305 938 2310 1001; baseline -0 -3"><span class='ocrx_word' id='word_1_27' title='bbox 305 942 392 998; x_wconf 76' lang='lat' dir='ltr'>Ad</span> <span class='ocrx_word' id='word_1_28' title='bbox 421 943 765 1001; x_wconf 87' lang='lat' dir='ltr'>vomitum...</span> <span class='ocrx_word' id='word_1_29' title='bbox 1921 939 2002 994; x_wconf 88' lang='lat' dir='ltr'>De</span> <span class='ocrx_word' id='word_1_30' title='bbox 2028 938 2310 996; x_wconf 83' lang='lat' dir='ltr'>scrosnlis.</span> 
     </span>
     <span class='ocr_line' id='line_1_7' title="bbox 308 1025 2463 1088; baseline -0.002 -1"><span class='ocrx_word' id='word_1_31' title='bbox 308 1032 388 1087; x_wconf 89' lang='lat' dir='ltr'>De</span> <span class='ocrx_word' id='word_1_32' title='bbox 412 1030 762 1088; x_wconf 85' lang='lat' dir='ltr'>dissinteria.</span> <span class='ocrx_word' id='word_1_33' title='bbox 1927 1026 2005 1080; x_wconf 86' lang='lat' dir='ltr'>De</span> <span class='ocrx_word' id='word_1_34' title='bbox 2032 1025 2463 1082; x_wconf 75' lang='lat' dir='ltr'>claudicatione.</span> 
     </span>
     <span class='ocr_line' id='line_1_8' title="bbox 309 1112 2395 1187; baseline -0.001 -16"><span class='ocrx_word' id='word_1_35' title='bbox 309 1117 388 1172; x_wconf 87' lang='lat' dir='ltr'>De</span> <span class='ocrx_word' id='word_1_36' title='bbox 415 1116 570 1171; x_wconf 84' lang='lat' dir='ltr'>ssuxu</span> <span class='ocrx_word' id='word_1_37' title='bbox 598 1117 910 1187; x_wconf 80' lang='lat' dir='ltr'>sanguinis.</span> <span class='ocrx_word' id='word_1_38' title='bbox 1924 1112 2005 1167; x_wconf 92' lang='lat' dir='ltr'>De</span> <span class='ocrx_word' id='word_1_39' title='bbox 2032 1112 2187 1167; x_wconf 80' lang='lat' dir='ltr'><strong>febre</strong></span> <span class='ocrx_word' id='word_1_40' title='bbox 2212 1119 2395 1168; x_wconf 85' lang='lat' dir='ltr'>acuta.</span> 
     </span>
     <span class='ocr_line' id='line_1_9' title="bbox 311 1198 2556 1272; baseline -0.001 -16"><span class='ocrx_word' id='word_1_41' title='bbox 311 1202 451 1257; x_wconf 84' lang='lat' dir='ltr'>Item</span> <span class='ocrx_word' id='word_1_42' title='bbox 479 1201 545 1257; x_wconf 92' lang='lat' dir='ltr'>de</span> <span class='ocrx_word' id='word_1_43' title='bbox 574 1202 729 1258; x_wconf 84' lang='lat' dir='ltr'>fluxu</span> <span class='ocrx_word' id='word_1_44' title='bbox 758 1202 1067 1272; x_wconf 85' lang='lat' dir='ltr'>sanguinis.</span> <span class='ocrx_word' id='word_1_45' title='bbox 1928 1198 2072 1252; x_wconf 86' lang='lat' dir='ltr'>Item</span> <span class='ocrx_word' id='word_1_46' title='bbox 2097 1198 2166 1253; x_wconf 93' lang='lat' dir='ltr'>de</span> <span class='ocrx_word' id='word_1_47' title='bbox 2194 1198 2349 1254; x_wconf 81' lang='lat' dir='ltr'>febre</span> <span class='ocrx_word' id='word_1_48' title='bbox 2375 1205 2556 1254; x_wconf 88' lang='lat' dir='ltr'>acuta.</span> 
     </span>
     <span class='ocr_line' id='line_1_10' title="bbox 306 1285 2390 1363; baseline -0.002 -17"><span class='ocrx_word' id='word_1_49' title='bbox 306 1291 386 1346; x_wconf 89' lang='lat' dir='ltr'>De</span> <span class='ocrx_word' id='word_1_50' title='bbox 412 1294 728 1363; x_wconf 81' lang='lat' dir='ltr'>einopto&#39;i&#39;ca</span> <span class='ocrx_word' id='word_1_51' title='bbox 756 1290 1036 1363; x_wconf 84' lang='lat' dir='ltr'>passione.</span> <span class='ocrx_word' id='word_1_52' title='bbox 1929 1286 2009 1341; x_wconf 89' lang='lat' dir='ltr'>De</span> <span class='ocrx_word' id='word_1_53' title='bbox 2036 1285 2390 1356; x_wconf 86' lang='lat' dir='ltr'>quotidiana.</span> 
     </span>
     <span class='ocr_line' id='line_1_11' title="bbox 308 1371 2363 1433; baseline -0.002 -1"><span class='ocrx_word' id='word_1_54' title='bbox 308 1378 387 1432; x_wconf 90' lang='lat' dir='ltr'>De</span> <span class='ocrx_word' id='word_1_55' title='bbox 413 1375 810 1433; x_wconf 84' lang='lat' dir='ltr'>emorrhoidis.</span> <span class='ocrx_word' id='word_1_56' title='bbox 1929 1371 2015 1428; x_wconf 71' lang='lat' dir='ltr'>Ad</span> <span class='ocrx_word' id='word_1_57' title='bbox 2048 1371 2363 1428; x_wconf 87' lang='lat' dir='ltr'>tertianam.</span> 
     </span>
     <span class='ocr_line' id='line_1_12' title="bbox 307 1458 2519 1532; baseline -0.002 -16"><span class='ocrx_word' id='word_1_58' title='bbox 307 1462 453 1517; x_wconf 84' lang='lat' dir='ltr'>Item</span> <span class='ocrx_word' id='word_1_59' title='bbox 479 1463 547 1518; x_wconf 92' lang='lat' dir='ltr'>dc</span> <span class='ocrx_word' id='word_1_60' title='bbox 574 1463 863 1532; x_wconf 78' lang='lat' dir='ltr'>sanguine.</span> <span class='ocrx_word' id='word_1_61' title='bbox 1933 1458 2077 1512; x_wconf 81' lang='lat' dir='ltr'>Item</span> <span class='ocrx_word' id='word_1_62' title='bbox 2104 1458 2169 1512; x_wconf 88' lang='lat' dir='ltr'>ad</span> <span class='ocrx_word' id='word_1_63' title='bbox 2203 1458 2519 1513; x_wconf 84' lang='lat' dir='ltr'>tertianam.</span> 
     </span>
     <span class='ocr_line' id='line_1_13' title="bbox 309 1543 2366 1620; baseline -0.001 -17"><span class='ocrx_word' id='word_1_64' title='bbox 309 1549 453 1604; x_wconf 76' lang='lat' dir='ltr'>{tem</span> <span class='ocrx_word' id='word_1_65' title='bbox 480 1547 548 1603; x_wconf 92' lang='lat' dir='ltr'>de</span> <span class='ocrx_word' id='word_1_66' title='bbox 574 1552 909 1620; x_wconf 79' lang='lat' dir='ltr'>einoplo‘ica.</span> <span class='ocrx_word' id='word_1_67' title='bbox 1927 1543 2016 1597; x_wconf 79' lang='lat' dir='ltr'>Ad</span> <span class='ocrx_word' id='word_1_68' title='bbox 2043 1551 2366 1613; x_wconf 85' lang='lat' dir='ltr'>quartanas.</span> 
     </span>
     <span class='ocr_line' id='line_1_14' title="bbox 316 1630 2427 1706; baseline -0.003 -15"><span class='ocrx_word' id='word_1_69' title='bbox 316 1637 456 1692; x_wconf 84' lang='lat' dir='ltr'>Item</span> <span class='ocrx_word' id='word_1_70' title='bbox 483 1638 552 1693; x_wconf 91' lang='lat' dir='ltr'>de</span> <span class='ocrx_word' id='word_1_71' title='bbox 579 1636 866 1706; x_wconf 85' lang='lat' dir='ltr'>sanguine.</span> <span class='ocrx_word' id='word_1_72' title='bbox 1929 1630 2136 1685; x_wconf 86' lang='lat' dir='ltr'>Contra</span> <span class='ocrx_word' id='word_1_73' title='bbox 2166 1645 2427 1685; x_wconf 79' lang='lat' dir='ltr'>vermem.</span> 
     </span>
     <span class='ocr_line' id='line_1_15' title="bbox 314 1718 2316 1797; baseline -0.004 -15"><span class='ocrx_word' id='word_1_74' title='bbox 314 1727 394 1782; x_wconf 89' lang='lat' dir='ltr'>De</span> <span class='ocrx_word' id='word_1_75' title='bbox 419 1725 692 1797; x_wconf 74' lang='lat' dir='ltr'>erisipile.</span> <span class='ocrx_word' id='word_1_76' title='bbox 1933 1719 2014 1773; x_wconf 88' lang='lat' dir='ltr'>De</span> <span class='ocrx_word' id='word_1_77' title='bbox 2040 1718 2242 1774; x_wconf 85' lang='lat' dir='ltr'>calibe.</span> <span class='ocrx_word' id='word_1_78' title='bbox 2271 1720 2316 1782; x_wconf 76' lang='grc'>2)</span> 
     </span>
     <span class='ocr_line' id='line_1_16' title="bbox 307 1803 2259 1880; baseline -0.004 -12"><span class='ocrx_word' id='word_1_79' title='bbox 307 1812 514 1868; x_wconf 84' lang='lat' dir='ltr'>Contra</span> <span class='ocrx_word' id='word_1_80' title='bbox 554 1825 822 1867; x_wconf 89' lang='lat' dir='ltr'>cancrum</span> <span class='ocrx_word' id='word_1_81' title='bbox 861 1814 919 1864; x_wconf 85' lang='lat' dir='ltr'>et</span> <span class='ocrx_word' id='word_1_82' title='bbox 956 1807 1024 1863; x_wconf 86' lang='lat' dir='ltr'>ad</span> <span class='ocrx_word' id='word_1_83' title='bbox 1063 1808 1354 1880; x_wconf 84' lang='lat' dir='ltr'>quaelibet</span> <span class='ocrx_word' id='word_1_84' title='bbox 1394 1810 1582 1865; x_wconf 85' lang='lat' dir='ltr'>ulcera</span> <span class='ocrx_word' id='word_1_85' title='bbox 1622 1808 1770 1863; x_wconf 86' lang='lat' dir='ltr'>etad</span> <span class='ocrx_word' id='word_1_86' title='bbox 1931 1803 2012 1858; x_wconf 89' lang='lat' dir='ltr'>De</span> <span class='ocrx_word' id='word_1_87' title='bbox 2039 1804 2259 1862; x_wconf 78' lang='lat' dir='ltr'>ovibus,</span> 
     </span>
    </p>

    <p class='ocr_par' dir='ltr' id='par_1_3' title="bbox 313 1891 2227 2226">
     <span class='ocr_line' id='line_1_17' title="bbox 420 1891 2205 1967; baseline -0.003 -16"><span class='ocrx_word' id='word_1_88' title='bbox 420 1897 668 1953; x_wconf 90' lang='lat' dir='ltr'>dolorem</span> <span class='ocrx_word' id='word_1_89' title='bbox 696 1893 917 1967; x_wconf 79' lang='lat' dir='ltr'>capitis.</span> <span class='ocrx_word' id='word_1_90' title='bbox 1935 1891 2015 1946; x_wconf 89' lang='lat' dir='ltr'>De</span> <span class='ocrx_word' id='word_1_91' title='bbox 2043 1906 2205 1962; x_wconf 88' lang='lat' dir='ltr'>equo.</span> 
     </span>
     <span class='ocr_line' id='line_1_18' title="bbox 313 1975 2219 2038; baseline -0.003 0"><span class='ocrx_word' id='word_1_92' title='bbox 313 1983 393 2038; x_wconf 86' lang='lat' dir='ltr'>De</span> <span class='ocrx_word' id='word_1_93' title='bbox 417 1981 620 2037; x_wconf 80' lang='lat' dir='ltr'>scabie.</span> <span class='ocrx_word' id='word_1_94' title='bbox 1931 1976 2014 2030; x_wconf 85' lang='lat' dir='ltr'>De</span> <span class='ocrx_word' id='word_1_95' title='bbox 2042 1975 2219 2032; x_wconf 86' lang='lat' dir='ltr'>asino.</span> 
     </span>
     <span class='ocr_line' id='line_1_19' title="bbox 313 2065 2226 2135; baseline -0.002 -11"><span class='ocrx_word' id='word_1_96' title='bbox 313 2069 394 2123; x_wconf 89' lang='lat' dir='ltr'>De</span> <span class='ocrx_word' id='word_1_97' title='bbox 419 2067 683 2124; x_wconf 83' lang='lat' dir='ltr'>icteritia.</span> <span class='ocrx_word' id='word_1_98' title='bbox 1933 2065 2013 2120; x_wconf 88' lang='lat' dir='ltr'>De</span> <span class='ocrx_word' id='word_1_99' title='bbox 2041 2081 2226 2135; x_wconf 77' lang='lat' dir='ltr'>porcO.</span> 
     </span>
     <span class='ocr_line' id='line_1_20' title="bbox 313 2152 2227 2226; baseline -0.002 -16"><span class='ocrx_word' id='word_1_100' title='bbox 313 2156 394 2210; x_wconf 86' lang='lat' dir='ltr'>De</span> <span class='ocrx_word' id='word_1_101' title='bbox 419 2152 764 2226; x_wconf 84' lang='lat' dir='ltr'>epilemptia.</span> <span class='ocrx_word' id='word_1_102' title='bbox 1937 2152 2016 2207; x_wconf 87' lang='lat' dir='ltr'>De</span> <span class='ocrx_word' id='word_1_103' title='bbox 2045 2166 2227 2223; x_wconf 91' lang='lat' dir='ltr'>capra.</span> 
     </span>
    </p>

    <p class='ocr_par' dir='ltr' id='par_1_4' title="bbox 199 2236 2617 2896">
     <span class='ocr_line' id='line_1_21' title="bbox 199 2236 2617 2312; baseline -0.001 -18"><span class='ocrx_word' id='word_1_104' title='bbox 199 2287 207 2294; x_wconf 89' lang='lat'>.</span> <span class='ocrx_word' id='word_1_105' title='bbox 315 2243 392 2297; x_wconf 88' lang='lat' dir='ltr'>De</span> <span class='ocrx_word' id='word_1_106' title='bbox 419 2239 731 2312; x_wconf 80' lang='lat' dir='ltr'>hydropisi.</span> <span class='ocrx_word' id='word_1_107' title='bbox 1938 2237 2084 2293; x_wconf 86' lang='lat' dir='ltr'>Item</span> <span class='ocrx_word' id='word_1_108' title='bbox 2111 2236 2179 2291; x_wconf 94' lang='lat' dir='ltr'>de</span> <span class='ocrx_word' id='word_1_109' title='bbox 2203 2252 2349 2307; x_wconf 89' lang='lat' dir='ltr'>equo</span> <span class='ocrx_word' id='word_1_110' title='bbox 2375 2241 2434 2292; x_wconf 84' lang='lat' dir='ltr'>et</span> <span class='ocrx_word' id='word_1_111' title='bbox 2456 2237 2617 2292; x_wconf 82' lang='lat' dir='ltr'>bove.</span> 
     </span>
     <span class='ocr_line' id='line_1_22' title="bbox 315 2311 2321 2382; baseline -0.002 0"><span class='ocrx_word' id='word_1_112' title='bbox 315 2328 395 2382; x_wconf 87' lang='lat' dir='ltr'>De</span> <span class='ocrx_word' id='word_1_113' title='bbox 423 2324 618 2381; x_wconf 87' lang='lat' dir='ltr'>colica.</span> <span class='ocrx_word' id='word_1_114' title='bbox 1162 2315 1170 2324; x_wconf 59' lang='lat'>⁵</span> <span class='ocrx_word' id='word_1_115' title='bbox 1936 2324 2015 2379; x_wconf 86' lang='lat' dir='ltr'>De</span> <span class='ocrx_word' id='word_1_116' title='bbox 2041 2338 2163 2378; x_wconf 87' lang='lat' dir='ltr'>ove.</span> <span class='ocrx_word' id='word_1_117' title='bbox 2314 2311 2321 2317; x_wconf 57' lang='grc'><strong><em>’</em></strong></span> 
     </span>
     <span class='ocr_line' id='line_1_23' title="bbox 307 2407 2502 2475; baseline -0.002 -9"><span class='ocrx_word' id='word_1_118' title='bbox 307 2407 394 2466; x_wconf 72' lang='lat' dir='ltr'>Ile</span> <span class='ocrx_word' id='word_1_119' title='bbox 422 2408 717 2466; x_wconf 87' lang='lat' dir='ltr'>lumbricis</span> <span class='ocrx_word' id='word_1_120' title='bbox 743 2410 784 2473; x_wconf 88' lang='lat'>¹)</span> <span class='ocrx_word' id='word_1_121' title='bbox 1933 2411 2017 2466; x_wconf 85' lang='lat' dir='ltr'>De</span> <span class='ocrx_word' id='word_1_122' title='bbox 2044 2410 2234 2464; x_wconf 91' lang='lat' dir='ltr'>dolore</span> <span class='ocrx_word' id='word_1_123' title='bbox 2261 2407 2502 2475; x_wconf 67' lang='lat' dir='ltr'>linguae.</span> 
     </span>
     <span class='ocr_line' id='line_1_24' title="bbox 317 2494 2286 2568; baseline -0.001 -16"><span class='ocrx_word' id='word_1_124' title='bbox 317 2498 396 2552; x_wconf 85' lang='lat' dir='ltr'>De</span> <span class='ocrx_word' id='word_1_125' title='bbox 423 2494 716 2568; x_wconf 78' lang='lat' dir='ltr'>pediculis,</span> <span class='ocrx_word' id='word_1_126' title='bbox 1936 2497 2017 2551; x_wconf 87' lang='lat' dir='ltr'>De</span> <span class='ocrx_word' id='word_1_127' title='bbox 2047 2501 2286 2568; x_wconf 87' lang='lat' dir='ltr'>pectore.</span> 
     </span>
     <span class='ocr_line' id='line_1_25' title="bbox 311 2579 2477 2649; baseline -0.002 -11"><span class='ocrx_word' id='word_1_128' title='bbox 311 2583 518 2638; x_wconf 87' lang='lat' dir='ltr'>Contra</span> <span class='ocrx_word' id='word_1_129' title='bbox 543 2579 874 2636; x_wconf 82' lang='lat' dir='ltr'>lumbricos,</span> <span class='ocrx_word' id='word_1_130' title='bbox 1939 2581 2099 2637; x_wconf 87' lang='lat' dir='ltr'>Unde</span> <span class='ocrx_word' id='word_1_131' title='bbox 2125 2581 2411 2649; x_wconf 82' lang='lat' dir='ltr'>agazzele?</span> <span class='ocrx_word' id='word_1_132' title='bbox 2434 2581 2477 2645; x_wconf 74' lang='lat'>³&gt;</span> 
     </span>
     <span class='ocr_line' id='line_1_26' title="bbox 316 2666 659 2724; baseline -0.006 -2"><span class='ocrx_word' id='word_1_133' title='bbox 316 2669 397 2724; x_wconf 82' lang='lat' dir='ltr'>De</span> <span class='ocrx_word' id='word_1_134' title='bbox 425 2666 659 2723; x_wconf 83' lang='lat' dir='ltr'>calculo.</span> 
     </span>
     <span class='ocr_line' id='line_1_27' title="bbox 1680 2832 2042 2896; baseline 0.006 -2"><span class='ocrx_word' id='word_1_135' title='bbox 1680 2832 1920 2896; x_wconf 86' lang='lat' dir='ltr'>LIBER</span> <span class='ocrx_word' id='word_1_136' title='bbox 1972 2833 2042 2896; x_wconf 90' lang='lat' dir='ltr'>V.</span> 
     </span>
    </p>
   </div>
   <div class='ocr_carea' id='block_1_3' title="bbox 318 3028 3415 3531">
    <p class='ocr_par' dir='ltr' id='par_1_5' title="bbox 318 3028 3415 3531">
     <span class='ocr_line' id='line_1_28' title="bbox 410 3028 3409 3110; baseline 0.001 -20"><span class='ocrx_word' id='word_1_137' title='bbox 410 3029 502 3090; x_wconf 85' lang='lat' dir='ltr'>De</span> <span class='ocrx_word' id='word_1_138' title='bbox 551 3031 721 3088; x_wconf 79' lang='lat' dir='ltr'>vilae</span> <span class='ocrx_word' id='word_1_139' title='bbox 759 3029 982 3106; x_wconf 75' lang='lat' dir='ltr'>siqniS.</span> <span class='ocrx_word' id='word_1_140' title='bbox 1038 3028 1200 3089; x_wconf 90' lang='lat' dir='ltr'>Cum</span> <span class='ocrx_word' id='word_1_141' title='bbox 1235 3028 1431 3088; x_wconf 86' lang='lat' dir='ltr'>homo</span> <span class='ocrx_word' id='word_1_142' title='bbox 1483 3045 1685 3089; x_wconf 81' lang='lat' dir='ltr'>sanus</span> <span class='ocrx_word' id='word_1_143' title='bbox 1722 3030 1787 3089; x_wconf 89' lang='lat' dir='ltr'>in</span> <span class='ocrx_word' id='word_1_144' title='bbox 1836 3045 2117 3105; x_wconf 88' lang='lat' dir='ltr'>corpore</span> <span class='ocrx_word' id='word_1_145' title='bbox 2151 3035 2277 3103; x_wconf 86' lang='lat' dir='ltr'>est,</span> <span class='ocrx_word' id='word_1_146' title='bbox 2317 3031 2372 3090; x_wconf 83' lang='lat' dir='ltr'>si</span> <span class='ocrx_word' id='word_1_147' title='bbox 2409 3032 2643 3091; x_wconf 86' lang='lat' dir='ltr'>oculos</span> <span class='ocrx_word' id='word_1_148' title='bbox 2678 3048 2885 3107; x_wconf 87' lang='lat' dir='ltr'>puros</span> <span class='ocrx_word' id='word_1_149' title='bbox 2935 3039 3003 3093; x_wconf 86' lang='lat' dir='ltr'>et</span> <span class='ocrx_word' id='word_1_150' title='bbox 3035 3033 3409 3110; x_wconf 80' lang='lat' dir='ltr'>pellucidos</span> 
     </span>
     <span class='ocr_line' id='line_1_29' title="bbox 321 3130 3408 3213; baseline 0.002 -20"><span class='ocrx_word' id='word_1_151' title='bbox 321 3134 543 3208; x_wconf 87' lang='lat' dir='ltr'>habet,</span> <span class='ocrx_word' id='word_1_152' title='bbox 596 3134 1078 3209; x_wconf 86' lang='lat' dir='ltr'>cujuscumque</span> <span class='ocrx_word' id='word_1_153' title='bbox 1128 3133 1375 3191; x_wconf 87' lang='lat' dir='ltr'>eoloris</span> <span class='ocrx_word' id='word_1_154' title='bbox 1431 3130 1577 3205; x_wconf 83' lang='lat' dir='ltr'>fuit,</span> <span class='ocrx_word' id='word_1_155' title='bbox 1616 3134 1879 3207; x_wconf 82' lang='lat' dir='ltr'>signum</span> <span class='ocrx_word' id='word_1_156' title='bbox 1930 3135 2110 3193; x_wconf 82' lang='lat' dir='ltr'>vitae</span> <span class='ocrx_word' id='word_1_157' title='bbox 2146 3141 2347 3208; x_wconf 86' lang='lat' dir='ltr'>tenet;</span> <span class='ocrx_word' id='word_1_158' title='bbox 2404 3136 2495 3194; x_wconf 86' lang='lat' dir='ltr'>ita</span> <span class='ocrx_word' id='word_1_159' title='bbox 2533 3137 2589 3194; x_wconf 87' lang='lat' dir='ltr'>si</span> <span class='ocrx_word' id='word_1_160' title='bbox 2641 3138 2815 3196; x_wconf 89' lang='lat' dir='ltr'>oculi</span> <span class='ocrx_word' id='word_1_161' title='bbox 2852 3138 2999 3213; x_wconf 76' lang='lat' dir='ltr'>eJus</span> <span class='ocrx_word' id='word_1_162' title='bbox 3051 3139 3177 3198; x_wconf 88' lang='lat' dir='ltr'>hoc</span> <span class='ocrx_word' id='word_1_163' title='bbox 3217 3141 3408 3199; x_wconf 75' lang='lat' dir='ltr'>modo</span> 
     </span>
     <span class='ocr_line' id='line_1_30' title="bbox 318 3238 3415 3315; baseline 0.002 -17"><span class='ocrx_word' id='word_1_164' title='bbox 318 3239 632 3314; x_wconf 82' lang='lat' dir='ltr'>pellucidi</span> <span class='ocrx_word' id='word_1_165' title='bbox 677 3244 860 3312; x_wconf 82' lang='lat' dir='ltr'>sunt,</span> <span class='ocrx_word' id='word_1_166' title='bbox 896 3238 1456 3313; x_wconf 87' lang='lat' dir='ltr'>quemadmodum</span> <span class='ocrx_word' id='word_1_167' title='bbox 1494 3238 1775 3297; x_wconf 86' lang='lat' dir='ltr'>candida</span> <span class='ocrx_word' id='word_1_168' title='bbox 1809 3238 2022 3298; x_wconf 87' lang='lat' dir='ltr'>nubes</span> <span class='ocrx_word' id='word_1_169' title='bbox 2057 3241 2181 3311; x_wconf 86' lang='lat' dir='ltr'>est,</span> <span class='ocrx_word' id='word_1_170' title='bbox 2219 3254 2339 3315; x_wconf 88' lang='lat' dir='ltr'>per</span> <span class='ocrx_word' id='word_1_171' title='bbox 2384 3257 2582 3315; x_wconf 88' lang='lat' dir='ltr'>quam</span> <span class='ocrx_word' id='word_1_172' title='bbox 2622 3243 2953 3303; x_wconf 88' lang='lat' dir='ltr'>interdum</span> <span class='ocrx_word' id='word_1_173' title='bbox 2989 3246 3172 3305; x_wconf 87' lang='lat' dir='ltr'>velut</span> <span class='ocrx_word' id='word_1_174' title='bbox 3216 3248 3415 3306; x_wconf 76' lang='lat' dir='ltr'>Weit—</span> 
     </span>
     <span class='ocr_line' id='line_1_31' title="bbox 319 3342 3406 3419; baseline 0.003 -18"><span class='ocrx_word' id='word_1_175' title='bbox 319 3344 474 3416; x_wconf 78' lang='lat' dir='ltr'>den,</span> <span class='ocrx_word' id='word_1_176' title='bbox 508 3343 597 3419; x_wconf 79' lang='lat' dir='ltr'>(id</span> <span class='ocrx_word' id='word_1_177' title='bbox 636 3344 765 3419; x_wconf 86' lang='lat' dir='ltr'>est)</span> <span class='ocrx_word' id='word_1_178' title='bbox 806 3343 1016 3403; x_wconf 88' lang='lat' dir='ltr'>nubes</span> <span class='ocrx_word' id='word_1_179' title='bbox 1051 3345 1349 3418; x_wconf 83' lang='lat' dir='ltr'>apparet,</span> <span class='ocrx_word' id='word_1_180' title='bbox 1387 3348 1453 3400; x_wconf 80' lang='lat' dir='ltr'>et</span> <span class='ocrx_word' id='word_1_181' title='bbox 1490 3342 1617 3401; x_wconf 88' lang='lat' dir='ltr'>iste</span> <span class='ocrx_word' id='word_1_182' title='bbox 1654 3343 1858 3416; x_wconf 86' lang='lat' dir='ltr'>vivet,</span> <span class='ocrx_word' id='word_1_183' title='bbox 1910 3358 2032 3401; x_wconf 90' lang='lat' dir='ltr'>nec</span> <span class='ocrx_word' id='word_1_184' title='bbox 2064 3344 2197 3403; x_wconf 76' lang='lat' dir='ltr'>cito</span> <span class='ocrx_word' id='word_1_185' title='bbox 2236 3346 2576 3406; x_wconf 87' lang='lat' dir='ltr'>morietur.</span> <span class='ocrx_word' id='word_1_186' title='bbox 2606 3378 2693 3391; x_wconf 93' lang='lat'><strong>—</strong></span> <span class='ocrx_word' id='word_1_187' title='bbox 2730 3349 2823 3407; x_wconf 84' lang='lat' dir='ltr'>De</span> <span class='ocrx_word' id='word_1_188' title='bbox 2859 3352 3083 3411; x_wconf 80' lang='lat' dir='ltr'>oculis,</span> <span class='ocrx_word' id='word_1_189' title='bbox 3120 3352 3283 3410; x_wconf 85' lang='lat' dir='ltr'>Nam</span> <span class='ocrx_word' id='word_1_190' title='bbox 3323 3352 3406 3411; x_wconf 74' lang='lat' dir='ltr'>vi-</span> 
     </span>
     <span class='ocr_line' id='line_1_32' title="bbox 322 3446 3409 3531; baseline 0.002 -25"><span class='ocrx_word' id='word_1_191' title='bbox 322 3464 439 3507; x_wconf 83' lang='lat' dir='ltr'>sus</span> <span class='ocrx_word' id='word_1_192' title='bbox 475 3449 736 3506; x_wconf 87' lang='lat' dir='ltr'>animae</span> <span class='ocrx_word' id='word_1_193' title='bbox 789 3449 848 3506; x_wconf 88' lang='lat' dir='ltr'>in</span> <span class='ocrx_word' id='word_1_194' title='bbox 901 3448 1115 3506; x_wconf 87' lang='lat' dir='ltr'>oculis</span> <span class='ocrx_word' id='word_1_195' title='bbox 1165 3446 1455 3505; x_wconf 80' lang='lat' dir='ltr'>hominis</span> <span class='ocrx_word' id='word_1_196' title='bbox 1492 3446 1686 3519; x_wconf 81' lang='lat' dir='ltr'>huJus</span> <span class='ocrx_word' id='word_1_197' title='bbox 1722 3452 1956 3521; x_wconf 84' lang='lat' dir='ltr'>potens</span> <span class='ocrx_word' id='word_1_198' title='bbox 1992 3454 2119 3521; x_wconf 87' lang='lat' dir='ltr'>est,</span> <span class='ocrx_word' id='word_1_199' title='bbox 2167 3464 2316 3508; x_wconf 90' lang='lat' dir='ltr'>cum</span> <span class='ocrx_word' id='word_1_200' title='bbox 2352 3451 2526 3509; x_wconf 89' lang='lat' dir='ltr'>oculi</span> <span class='ocrx_word' id='word_1_201' title='bbox 2565 3452 2780 3526; x_wconf 86' lang='lat' dir='ltr'>ipsius</span> <span class='ocrx_word' id='word_1_202' title='bbox 2813 3455 2962 3528; x_wconf 90' lang='lat' dir='ltr'>puri</span> <span class='ocrx_word' id='word_1_203' title='bbox 2999 3462 3062 3513; x_wconf 88' lang='lat' dir='ltr'>et</span> <span class='ocrx_word' id='word_1_204' title='bbox 3097 3455 3409 3531; x_wconf 85' lang='lat' dir='ltr'>pellucidi</span> 
     </span>
    </p>
   </div>
   <div class='ocr_carea' id='block_1_4' title="bbox 320 3551 3410 3733">
    <p class='ocr_par' dir='ltr' id='par_1_6' title="bbox 320 3551 3410 3733">
     <span class='ocr_line' id='line_1_33' title="bbox 324 3551 3410 3635; baseline 0.002 -23"><span class='ocrx_word' id='word_1_205' title='bbox 324 3560 502 3627; x_wconf 86' lang='lat' dir='ltr'>sunt,</span> <span class='ocrx_word' id='word_1_206' title='bbox 540 3553 852 3628; x_wconf 88' lang='lat' dir='ltr'>quoniam</span> <span class='ocrx_word' id='word_1_207' title='bbox 890 3553 1110 3611; x_wconf 86' lang='lat' dir='ltr'>anima</span> <span class='ocrx_word' id='word_1_208' title='bbox 1149 3553 1212 3609; x_wconf 89' lang='lat' dir='ltr'>in</span> <span class='ocrx_word' id='word_1_209' title='bbox 1247 3567 1526 3626; x_wconf 82' lang='lat' dir='ltr'>corpore</span> <span class='ocrx_word' id='word_1_210' title='bbox 1561 3551 1706 3626; x_wconf 84' lang='lat' dir='ltr'>ejus</span> <span class='ocrx_word' id='word_1_211' title='bbox 1740 3557 2051 3626; x_wconf 82' lang='lat' dir='ltr'>potenter</span> <span class='ocrx_word' id='word_1_212' title='bbox 2084 3552 2303 3627; x_wconf 82' lang='lat' dir='ltr'>sedet,</span> <span class='ocrx_word' id='word_1_213' title='bbox 2342 3556 2659 3630; x_wconf 81' lang='lat' dir='ltr'>quatinus</span> <span class='ocrx_word' id='word_1_214' title='bbox 2694 3558 2886 3631; x_wconf 88' lang='lat' dir='ltr'>plura</span> <span class='ocrx_word' id='word_1_215' title='bbox 2920 3576 3125 3634; x_wconf 87' lang='lat' dir='ltr'>opera</span> <span class='ocrx_word' id='word_1_216' title='bbox 3163 3561 3223 3618; x_wconf 93' lang='lat' dir='ltr'>in</span> <span class='ocrx_word' id='word_1_217' title='bbox 3264 3560 3410 3635; x_wconf 64' lang='lat' dir='ltr'>ipso</span> 
     </span>
     <span class='ocr_line' id='line_1_34' title="bbox 320 3655 2287 3733; baseline -0.001 -16"><span class='ocrx_word' id='word_1_218' title='bbox 320 3664 654 3733; x_wconf 82' lang='lat' dir='ltr'>operetur.</span> <span class='ocrx_word' id='word_1_219' title='bbox 691 3657 879 3716; x_wconf 87' lang='lat' dir='ltr'>Oculi</span> <span class='ocrx_word' id='word_1_220' title='bbox 914 3655 1090 3715; x_wconf 86' lang='lat' dir='ltr'>enim</span> <span class='ocrx_word' id='word_1_221' title='bbox 1120 3656 1410 3715; x_wconf 87' lang='lat' dir='ltr'>hominis</span> <span class='ocrx_word' id='word_1_222' title='bbox 1450 3657 1780 3713; x_wconf 76' lang='lat' dir='ltr'>fenestrae</span> <span class='ocrx_word' id='word_1_223' title='bbox 1815 3656 2079 3715; x_wconf 84' lang='lat' dir='ltr'>animae</span> <span class='ocrx_word' id='word_1_224' title='bbox 2114 3661 2287 3717; x_wconf 72' lang='lat' dir='ltr'>sunt„</span> 
     </span>
    </p>
   </div>
   <div class='ocr_carea' id='block_1_5' title="bbox 322 3797 3411 4392">
    <p class='ocr_par' dir='ltr' id='par_1_7' title="bbox 322 3797 3411 4392">
     <span class='ocr_line' id='line_1_35' title="bbox 398 3797 2721 3871; baseline 0.002 -18"><span class='ocrx_word' id='word_1_225' title='bbox 398 3799 476 3853; x_wconf 91' lang='lat' dir='ltr'>De</span> <span class='ocrx_word' id='word_1_226' title='bbox 503 3799 685 3854; x_wconf 87' lang='lat' dir='ltr'>oculis</span> <span class='ocrx_word' id='word_1_227' title='bbox 712 3797 958 3853; x_wconf 90' lang='lat' dir='ltr'>turbidis</span> <span class='ocrx_word' id='word_1_228' title='bbox 983 3803 1041 3852; x_wconf 88' lang='lat' dir='ltr'>et</span> <span class='ocrx_word' id='word_1_229' title='bbox 1071 3797 1230 3867; x_wconf 84' lang='lat' dir='ltr'>signo</span> <span class='ocrx_word' id='word_1_230' title='bbox 1256 3798 1473 3853; x_wconf 86' lang='lat' dir='ltr'>mortis.</span> <span class='ocrx_word' id='word_1_231' title='bbox 1948 3798 2031 3855; x_wconf 88' lang='lat' dir='ltr'>De</span> <span class='ocrx_word' id='word_1_232' title='bbox 2056 3805 2350 3871; x_wconf 86' lang='lat' dir='ltr'>quartana.</span> <span class='ocrx_word' id='word_1_233' title='bbox 2718 3860 2721 3863; x_wconf 74' lang='grc'><strong>,</strong></span> 
     </span>
     <span class='ocr_line' id='line_1_36' title="bbox 330 3883 2759 3957; baseline 0.003 -18"><span class='ocrx_word' id='word_1_234' title='bbox 330 3885 408 3939; x_wconf 88' lang='lat' dir='ltr'>De</span> <span class='ocrx_word' id='word_1_235' title='bbox 434 3884 616 3952; x_wconf 89' lang='lat' dir='ltr'>signis</span> <span class='ocrx_word' id='word_1_236' title='bbox 644 3883 809 3939; x_wconf 82' lang='lat' dir='ltr'>vitae.</span> <span class='ocrx_word' id='word_1_237' title='bbox 1951 3887 2032 3943; x_wconf 89' lang='lat' dir='ltr'>De</span> <span class='ocrx_word' id='word_1_238' title='bbox 2057 3886 2236 3957; x_wconf 79' lang='lat' dir='ltr'>siguis</span> <span class='ocrx_word' id='word_1_239' title='bbox 2261 3889 2461 3945; x_wconf 89' lang='lat' dir='ltr'>mortis</span> <span class='ocrx_word' id='word_1_240' title='bbox 2490 3889 2549 3944; x_wconf 90' lang='lat' dir='ltr'>in</span> <span class='ocrx_word' id='word_1_241' title='bbox 2579 3890 2759 3946; x_wconf 79' lang='lat' dir='ltr'>urina.</span> 
     </span>
     <span class='ocr_line' id='line_1_37' title="bbox 322 3968 2735 4040; baseline 0.002 -14"><span class='ocrx_word' id='word_1_242' title='bbox 322 3971 404 4026; x_wconf 87' lang='lat' dir='ltr'>De</span> <span class='ocrx_word' id='word_1_243' title='bbox 432 3969 728 4026; x_wconf 88' lang='lat' dir='ltr'>urinarum</span> <span class='ocrx_word' id='word_1_244' title='bbox 755 3968 1288 4040; x_wconf 83' lang='lat' dir='ltr'>significationibus.</span> <span class='ocrx_word' id='word_1_245' title='bbox 1947 3974 2032 4028; x_wconf 87' lang='lat' dir='ltr'>De</span> <span class='ocrx_word' id='word_1_246' title='bbox 2058 3972 2358 4029; x_wconf 81' lang='lat' dir='ltr'>fluminum</span> <span class='ocrx_word' id='word_1_247' title='bbox 2387 3974 2735 4031; x_wconf 82' lang='lat' dir='ltr'>diversitate.</span> 
     </span>
     <span class='ocr_line' id='line_1_38' title="bbox 327 4056 2653 4130; baseline 0.001 -18"><span class='ocrx_word' id='word_1_248' title='bbox 327 4058 409 4112; x_wconf 89' lang='lat' dir='ltr'>De</span> <span class='ocrx_word' id='word_1_249' title='bbox 433 4056 696 4112; x_wconf 88' lang='lat' dir='ltr'>dissuria.</span> <span class='ocrx_word' id='word_1_250' title='bbox 1950 4060 2032 4114; x_wconf 86' lang='lat' dir='ltr'>De</span> <span class='ocrx_word' id='word_1_251' title='bbox 2058 4058 2256 4115; x_wconf 90' lang='lat' dir='ltr'>urinae</span> <span class='ocrx_word' id='word_1_252' title='bbox 2283 4057 2653 4130; x_wconf 85' lang='lat' dir='ltr'>inspectione.</span> 
     </span>
     <span class='ocr_line' id='line_1_39' title="bbox 329 4135 3411 4216; baseline 0.001 -18"><span class='ocrx_word' id='word_1_253' title='bbox 329 4144 411 4198; x_wconf 89' lang='lat' dir='ltr'>De</span> <span class='ocrx_word' id='word_1_254' title='bbox 438 4142 699 4216; x_wconf 82' lang='lat' dir='ltr'>paralysi.</span> <span class='ocrx_word' id='word_1_255' title='bbox 1955 4144 2035 4199; x_wconf 80' lang='lat' dir='ltr'>De</span> <span class='ocrx_word' id='word_1_256' title='bbox 2075 4149 2255 4200; x_wconf 89' lang='lat' dir='ltr'>terrae</span> <span class='ocrx_word' id='word_1_257' title='bbox 2303 4135 2710 4201; x_wconf 70' lang='lat' dir='ltr'>immobilitate</span> <span class='ocrx_word' id='word_1_258' title='bbox 2753 4150 2811 4200; x_wconf 90' lang='lat' dir='ltr'>et</span> <span class='ocrx_word' id='word_1_259' title='bbox 2853 4143 3159 4214; x_wconf 75' lang='lat' dir='ltr'>egestionis</span> <span class='ocrx_word' id='word_1_260' title='bbox 3203 4145 3411 4202; x_wconf 88' lang='lat' dir='ltr'>discre—</span> 
     </span>
     <span class='ocr_line' id='line_1_40' title="bbox 326 4232 2237 4291; baseline -0.001 0"><span class='ocrx_word' id='word_1_261' title='bbox 326 4234 406 4291; x_wconf 87' lang='lat' dir='ltr'>De</span> <span class='ocrx_word' id='word_1_262' title='bbox 433 4234 599 4290; x_wconf 87' lang='lat' dir='ltr'>malis</span> <span class='ocrx_word' id='word_1_263' title='bbox 628 4232 978 4289; x_wconf 62' lang='lat' dir='ltr'>humoribus</span> <span class='ocrx_word' id='word_1_264' title='bbox 2066 4232 2237 4290; x_wconf 90' lang='lat' dir='ltr'>tione.</span> 
     </span>
     <span class='ocr_line' id='line_1_41' title="bbox 325 4318 3147 4392; baseline -0.001 -15"><span class='ocrx_word' id='word_1_265' title='bbox 325 4319 409 4377; x_wconf 89' lang='lat' dir='ltr'>De</span> <span class='ocrx_word' id='word_1_266' title='bbox 433 4319 783 4392; x_wconf 88' lang='lat' dir='ltr'>quotidiana.</span> <span class='ocrx_word' id='word_1_267' title='bbox 1949 4318 2031 4373; x_wconf 89' lang='lat' dir='ltr'>De</span> <span class='ocrx_word' id='word_1_268' title='bbox 2056 4334 2325 4388; x_wconf 87' lang='lat' dir='ltr'>aquarum</span> <span class='ocrx_word' id='word_1_269' title='bbox 2354 4318 2687 4374; x_wconf 83' lang='lat' dir='ltr'>diversitate</span> <span class='ocrx_word' id='word_1_270' title='bbox 2714 4324 2771 4373; x_wconf 91' lang='lat' dir='ltr'>et</span> <span class='ocrx_word' id='word_1_271' title='bbox 2798 4319 3147 4375; x_wconf 87' lang='lat' dir='ltr'>balneorum.</span> 
     </span>
    </p>
   </div>
   <div class='ocr_carea' id='block_1_6' title="bbox 326 4405 857 4464">
    <p class='ocr_par' dir='ltr' id='par_1_8' title="bbox 326 4405 857 4464">
     <span class='ocr_line' id='line_1_42' title="bbox 326 4405 857 4464; baseline 0.002 -1"><span class='ocrx_word' id='word_1_272' title='bbox 326 4405 468 4464; x_wconf 88' lang='lat' dir='ltr'>ltem</span> <span class='ocrx_word' id='word_1_273' title='bbox 498 4407 566 4463; x_wconf 90' lang='lat' dir='ltr'>de</span> <span class='ocrx_word' id='word_1_274' title='bbox 596 4407 857 4464; x_wconf 87' lang='lat' dir='ltr'>tertiana.</span> 
     </span>
    </p>
   </div>
   <div class='ocr_carea' id='block_1_7' title="bbox 325 4522 3419 4816">
    <p class='ocr_par' dir='ltr' id='par_1_9' title="bbox 325 4522 3419 4816">
     <span class='ocr_line' id='line_1_43' title="bbox 416 4522 3412 4609; baseline 0 -17"><span class='ocrx_word' id='word_1_275' title='bbox 416 4533 510 4593; x_wconf 87' lang='lat' dir='ltr'>De</span> <span class='ocrx_word' id='word_1_276' title='bbox 555 4532 958 4609; x_wconf 67' lang='grc' dir='ltr'>ῃανῃαιονίἰε</span> <span class='ocrx_word' id='word_1_277' title='bbox 988 4532 1242 4607; x_wconf 77' lang='lat' dir='ltr'>poenis,</span> <span class='ocrx_word' id='word_1_278' title='bbox 1288 4522 1336 4606; x_wconf 73' lang='lat'>⁴)</span> <span class='ocrx_word' id='word_1_279' title='bbox 1374 4523 1649 4599; x_wconf 81' lang='lat' dir='ltr'>Quidam</span> <span class='ocrx_word' id='word_1_280' title='bbox 1702 4529 1905 4589; x_wconf 81' lang='lat' dir='ltr'>etiam</span> <span class='ocrx_word' id='word_1_281' title='bbox 1939 4527 2478 4602; x_wconf 79' lang='lat' dir='ltr'>inextinguibiles</span> <span class='ocrx_word' id='word_1_282' title='bbox 2527 4526 2715 4603; x_wconf 82' lang='lat' dir='ltr'>ignes</span> <span class='ocrx_word' id='word_1_283' title='bbox 2752 4530 2816 4587; x_wconf 92' lang='lat' dir='ltr'>in</span> <span class='ocrx_word' id='word_1_284' title='bbox 2868 4545 3019 4588; x_wconf 87' lang='lat' dir='ltr'>aere</span> <span class='ocrx_word' id='word_1_285' title='bbox 3055 4538 3243 4607; x_wconf 81' lang='lat' dir='ltr'>sunt,</span> <span class='ocrx_word' id='word_1_286' title='bbox 3297 4535 3412 4609; x_wconf 84' lang='lat' dir='ltr'>qui</span> 
     </span>
     <span class='ocr_line' id='line_1_44' title="bbox 325 4632 3415 4709; baseline 0.001 -14"><span class='ocrx_word' id='word_1_287' title='bbox 325 4638 405 4696; x_wconf 91' lang='lat' dir='ltr'>de</span> <span class='ocrx_word' id='word_1_288' title='bbox 439 4636 730 4695; x_wconf 85' lang='lat' dir='ltr'>diversis</span> <span class='ocrx_word' id='word_1_289' title='bbox 766 4634 1082 4709; x_wconf 83' lang='lat' dir='ltr'>operibus</span> <span class='ocrx_word' id='word_1_290' title='bbox 1118 4632 1460 4692; x_wconf 84' lang='lat' dir='ltr'>hominurn</span> <span class='ocrx_word' id='word_1_291' title='bbox 1498 4633 1959 4705; x_wconf 87' lang='lat' dir='ltr'>incenduntur,</span> <span class='ocrx_word' id='word_1_292' title='bbox 1998 4633 2308 4707; x_wconf 78' lang='lat' dir='ltr'>quoniam</span> <span class='ocrx_word' id='word_1_293' title='bbox 2346 4634 2459 4707; x_wconf 88' lang='lat' dir='ltr'>qui</span> <span class='ocrx_word' id='word_1_294' title='bbox 2509 4632 2643 4690; x_wconf 88' lang='lat' dir='ltr'>illis</span> <span class='ocrx_word' id='word_1_295' title='bbox 2678 4633 2758 4691; x_wconf 77' lang='lat' dir='ltr'>ad</span> <span class='ocrx_word' id='word_1_296' title='bbox 2796 4634 3076 4708; x_wconf 83' lang='lat' dir='ltr'>gloriam</span> <span class='ocrx_word' id='word_1_297' title='bbox 3121 4652 3271 4695; x_wconf 85' lang='lat' dir='ltr'>esse</span> <span class='ocrx_word' id='word_1_298' title='bbox 3306 4640 3415 4697; x_wconf 83' lang='lat' dir='ltr'>de-</span> 
     </span>
     <span class='ocr_line' id='line_1_45' title="bbox 326 4736 3419 4816; baseline -0 -16"><span class='ocrx_word' id='word_1_299' title='bbox 326 4741 593 4813; x_wconf 87' lang='lat' dir='ltr'>bebant,</span> <span class='ocrx_word' id='word_1_300' title='bbox 632 4755 706 4798; x_wconf 85' lang='lat' dir='ltr'>ex</span> <span class='ocrx_word' id='word_1_301' title='bbox 745 4739 938 4797; x_wconf 85' lang='lat' dir='ltr'>malis</span> <span class='ocrx_word' id='word_1_302' title='bbox 973 4738 1287 4813; x_wconf 89' lang='lat' dir='ltr'>operibus</span> <span class='ocrx_word' id='word_1_303' title='bbox 1322 4754 1549 4796; x_wconf 86' lang='lat' dir='ltr'>eorum</span> <span class='ocrx_word' id='word_1_304' title='bbox 1589 4738 1755 4812; x_wconf 83' lang='lat' dir='ltr'>ipsis</span> <span class='ocrx_word' id='word_1_305' title='bbox 1791 4736 1871 4795; x_wconf 84' lang='lat' dir='ltr'>ad</span> <span class='ocrx_word' id='word_1_306' title='bbox 1921 4739 2238 4812; x_wconf 86' lang='lat' dir='ltr'>poenales</span> <span class='ocrx_word' id='word_1_307' title='bbox 2276 4738 2463 4812; x_wconf 80' lang='lat' dir='ltr'>ignes</span> <span class='ocrx_word' id='word_1_308' title='bbox 2499 4736 2681 4797; x_wconf 86' lang='lat' dir='ltr'>fiunt.</span> <span class='ocrx_word' id='word_1_309' title='bbox 2717 4737 2797 4797; x_wconf 87' lang='lat' dir='ltr'>Et</span> <span class='ocrx_word' id='word_1_310' title='bbox 2832 4738 2925 4798; x_wconf 79' lang='lat' dir='ltr'>ita</span> <span class='ocrx_word' id='word_1_311' title='bbox 2964 4738 3028 4797; x_wconf 90' lang='lat' dir='ltr'>in</span> <span class='ocrx_word' id='word_1_312' title='bbox 3062 4740 3286 4816; x_wconf 86' lang='lat' dir='ltr'>aliqua</span> <span class='ocrx_word' id='word_1_313' title='bbox 3327 4742 3419 4799; x_wconf 85' lang='lat' dir='ltr'>lo·</span> 
     </span>
    </p>
   </div>
   <div class='ocr_carea' id='block_1_8' title="bbox 345 4896 3411 4980">
    <p class='ocr_par' dir='ltr' id='par_1_10' title="bbox 345 4896 3411 4980">
     <span class='ocr_line' id='line_1_46' title="bbox 345 4896 3411 4980; baseline -0.001 -12"><span class='ocrx_word' id='word_1_314' title='bbox 345 4896 348 4901; x_wconf 40' lang='lat'>¹</span> <span class='ocrx_word' id='word_1_315' title='bbox 397 4912 441 4978; x_wconf 88' lang='lat'>¹)</span> <span class='ocrx_word' id='word_1_316' title='bbox 468 4910 602 4968; x_wconf 85' lang='lat' dir='ltr'>Sive</span> <span class='ocrx_word' id='word_1_317' title='bbox 626 4911 696 4965; x_wconf 91' lang='lat' dir='ltr'>de</span> <span class='ocrx_word' id='word_1_318' title='bbox 724 4909 1012 4965; x_wconf 80' lang='lat' dir='ltr'>vermibus</span> <span class='ocrx_word' id='word_1_319' title='bbox 1043 4908 1337 4964; x_wconf 84' lang='lat' dir='ltr'>venenosis</span> <span class='ocrx_word' id='word_1_320' title='bbox 1364 4908 1424 4964; x_wconf 92' lang='lat' dir='ltr'>in</span> <span class='ocrx_word' id='word_1_321' title='bbox 1451 4907 1680 4964; x_wconf 89' lang='lat' dir='ltr'>homine</span> <span class='ocrx_word' id='word_1_322' title='bbox 1707 4925 1824 4965; x_wconf 85' lang='lat' dir='ltr'>cre·</span> <span class='ocrx_word' id='word_1_323' title='bbox 1915 4907 2255 4977; x_wconf 78' lang='lat' dir='ltr'>vertiginem</span> <span class='ocrx_word' id='word_1_324' title='bbox 2282 4914 2340 4964; x_wconf 91' lang='lat' dir='ltr'>et</span> <span class='ocrx_word' id='word_1_325' title='bbox 2364 4907 2710 4964; x_wconf 79' lang='lat' dir='ltr'>oblivionem</span> <span class='ocrx_word' id='word_1_326' title='bbox 2740 4909 3078 4980; x_wconf 88' lang='lat' dir='ltr'>producunt.</span> <span class='ocrx_word' id='word_1_327' title='bbox 3106 4941 3169 4949; x_wconf 93' lang='lat'>—</span> <span class='ocrx_word' id='word_1_328' title='bbox 3189 4911 3230 4975; x_wconf 85' lang='lat'>⁴&gt;</span> <span class='ocrx_word' id='word_1_329' title='bbox 3258 4911 3411 4965; x_wconf 80' lang='lat' dir='ltr'>Faci-</span> 
     </span>
    </p>
   </div>
   <div class='ocr_carea' id='block_1_9' title="bbox 321 4989 3409 5237">
    <p class='ocr_par' dir='ltr' id='par_1_11' title="bbox 321 4989 3409 5237">
     <span class='ocr_line' id='line_1_47' title="bbox 321 4989 3408 5067; baseline -0.001 -12"><span class='ocrx_word' id='word_1_330' title='bbox 321 4998 635 5055; x_wconf 76' lang='lat' dir='ltr'>scentibuS.</span> <span class='ocrx_word' id='word_1_331' title='bbox 689 5029 755 5036; x_wconf 94' lang='lat'><strong>—</strong></span> <span class='ocrx_word' id='word_1_332' title='bbox 789 4999 837 5059; x_wconf 78' lang='lat'>²)</span> <span class='ocrx_word' id='word_1_333' title='bbox 887 4994 1076 5050; x_wconf 85' lang='lat' dir='ltr'>Calibs</span> <span class='ocrx_word' id='word_1_334' title='bbox 1108 5010 1235 5050; x_wconf 92' lang='lat' dir='ltr'>cum</span> <span class='ocrx_word' id='word_1_335' title='bbox 1275 4993 1569 5049; x_wconf 83' lang='lat' dir='ltr'>adamante</span> <span class='ocrx_word' id='word_1_336' title='bbox 1606 4989 1825 5049; x_wconf 82' lang='lat' dir='ltr'>conser—</span> <span class='ocrx_word' id='word_1_337' title='bbox 1914 4996 1966 5050; x_wconf 89' lang='lat' dir='ltr'>le</span> <span class='ocrx_word' id='word_1_338' title='bbox 2015 4993 2231 5050; x_wconf 87' lang='lat' dir='ltr'>dixeris</span> <span class='ocrx_word' id='word_1_339' title='bbox 2279 4996 2385 5051; x_wconf 91' lang='lat' dir='ltr'>hoc</span> <span class='ocrx_word' id='word_1_340' title='bbox 2436 4994 2574 5049; x_wconf 88' lang='lat' dir='ltr'>satis</span> <span class='ocrx_word' id='word_1_341' title='bbox 2626 4995 3049 5065; x_wconf 81' lang='lat' dir='ltr'>inexpectatum</span> <span class='ocrx_word' id='word_1_342' title='bbox 3095 4997 3408 5067; x_wconf 86' lang='lat' dir='ltr'>capitulum</span> 
     </span>
     <span class='ocr_line' id='line_1_48' title="bbox 330 5079 3409 5160; baseline 0.001 -23"><span class='ocrx_word' id='word_1_343' title='bbox 330 5091 440 5139; x_wconf 87' lang='lat' dir='ltr'>tur.</span> <span class='ocrx_word' id='word_1_344' title='bbox 484 5083 755 5152; x_wconf 84' lang='lat' dir='ltr'>Sequitur</span> <span class='ocrx_word' id='word_1_345' title='bbox 799 5080 921 5136; x_wconf 86' lang='lat' dir='ltr'>sine</span> <span class='ocrx_word' id='word_1_346' title='bbox 980 5080 1152 5134; x_wconf 90' lang='lat' dir='ltr'>titulo</span> <span class='ocrx_word' id='word_1_347' title='bbox 1201 5079 1513 5160; x_wconf 78' lang='lat' dir='ltr'>capitulum</span> <span class='ocrx_word' id='word_1_348' title='bbox 1567 5082 1630 5134; x_wconf 80' lang='lat' dir='ltr'>(le.</span> <span class='ocrx_word' id='word_1_349' title='bbox 1679 5082 1825 5135; x_wconf 78' lang='lat' dir='ltr'>bovi·</span> <span class='ocrx_word' id='word_1_350' title='bbox 1917 5081 2026 5135; x_wconf 88' lang='lat' dir='ltr'>buc</span> <span class='ocrx_word' id='word_1_351' title='bbox 2062 5086 2490 5136; x_wconf 78' lang='lat' dir='ltr'>transmeavisse</span> <span class='ocrx_word' id='word_1_352' title='bbox 2524 5096 2593 5134; x_wconf 84' lang='lat' dir='ltr'>ex</span> <span class='ocrx_word' id='word_1_353' title='bbox 2620 5079 2894 5150; x_wconf 89' lang='lat' dir='ltr'>superiori</span> <span class='ocrx_word' id='word_1_354' title='bbox 2927 5086 3118 5135; x_wconf 90' lang='lat' dir='ltr'>nostro</span> <span class='ocrx_word' id='word_1_355' title='bbox 3145 5082 3288 5138; x_wconf 81' lang='lat' dir='ltr'>libro</span> <span class='ocrx_word' id='word_1_356' title='bbox 3324 5082 3409 5140; x_wconf 65' lang='lat' dir='ltr'>Va·—</span> 
     </span>
     <span class='ocr_line' id='line_1_49' title="bbox 324 5164 3265 5237; baseline -0.002 -12"><span class='ocrx_word' id='word_1_357' title='bbox 324 5171 442 5225; x_wconf 72' lang='lat' dir='ltr'>bus.</span> <span class='ocrx_word' id='word_1_358' title='bbox 491 5200 554 5208; x_wconf 94' lang='lat'>—</span> <span class='ocrx_word' id='word_1_359' title='bbox 582 5168 627 5228; x_wconf 80' lang='lat'>³)</span> <span class='ocrx_word' id='word_1_360' title='bbox 667 5168 760 5223; x_wconf 90' lang='lat' dir='ltr'>Sic</span> <span class='ocrx_word' id='word_1_361' title='bbox 799 5165 913 5222; x_wconf 87' lang='lat' dir='ltr'>dici</span> <span class='ocrx_word' id='word_1_362' title='bbox 958 5165 1220 5220; x_wconf 74' lang='lat' dir='ltr'>videntur</span> <span class='ocrx_word' id='word_1_363' title='bbox 1258 5165 1393 5220; x_wconf 88' lang='lat' dir='ltr'>mali</span> <span class='ocrx_word' id='word_1_364' title='bbox 1433 5166 1698 5221; x_wconf 83' lang='lat' dir='ltr'>humores</span> <span class='ocrx_word' id='word_1_365' title='bbox 1723 5166 1823 5237; x_wconf 93' lang='lat' dir='ltr'>qui</span> <span class='ocrx_word' id='word_1_366' title='bbox 1914 5174 1999 5223; x_wconf 81' lang='lat' dir='ltr'>tae</span> <span class='ocrx_word' id='word_1_367' title='bbox 2024 5170 2355 5228; x_wconf 76' lang='lat' dir='ltr'>meritorum,</span> <span class='ocrx_word' id='word_1_368' title='bbox 2388 5164 2444 5219; x_wconf 92' lang='lat' dir='ltr'>iu</span> <span class='ocrx_word' id='word_1_369' title='bbox 2470 5181 2582 5235; x_wconf 87' lang='lat' dir='ltr'>quo</span> <span class='ocrx_word' id='word_1_370' title='bbox 2612 5170 2800 5219; x_wconf 86' lang='lat' dir='ltr'>tamen</span> <span class='ocrx_word' id='word_1_371' title='bbox 2828 5181 2936 5219; x_wconf 94' lang='lat' dir='ltr'>non</span> <span class='ocrx_word' id='word_1_372' title='bbox 2968 5165 3265 5235; x_wconf 78' lang='lat' dir='ltr'>reperitur,</span> 
     </span>
    </p>
   </div>
   <div class='ocr_carea' id='block_1_10' title="bbox 507 5270 1327 5333">
    <p class='ocr_par' dir='ltr' id='par_1_12' title="bbox 507 5270 1327 5333">
     <span class='ocr_line' id='line_1_50' title="bbox 507 5270 1327 5333; baseline -0.005 0"><span class='ocrx_word' id='word_1_373' title='bbox 507 5275 852 5333; x_wconf 68' lang='lat' dir='ltr'>ANMAECT.</span> <span class='ocrx_word' id='word_1_374' title='bbox 906 5273 976 5331; x_wconf 85' lang='grc' dir='ltr'>Τ.</span> <span class='ocrx_word' id='word_1_375' title='bbox 1027 5270 1188 5330; x_wconf 83' lang='lat' dir='ltr'>VIII.</span> <span class='ocrx_word' id='word_1_376' title='bbox 1241 5272 1327 5329; x_wconf 74' lang='lat'>32</span> 
     </span>
    </p>
   </div>
  </div>
 </body>
</html>
