4036 6117
667 424 795 484 166
1821 447 1873 490 s.
1935 446 2471 494 nunt-:sanum

2012 669 2271 733 XXXV.

1893 867 1987 926 De
2038 868 2390 928 discordia.

687 1070 791 1133 46.
843 1072 922 1133 Et
954 1073 1145 1133 vides
1194 1074 1392 1134 aliam
1445 1074 1825 1151 imaginem,
1877 1075 2285 1135 discordiam
2333 1076 2919 1152 praefigurantem,
2971 1092 3049 1136 ac
3090 1075 3200 1135 hic
3249 1076 3695 1153 cupiditatem

602 1182 1017 1251 sequentem,
1070 1178 1386 1253 quoniam
1420 1195 1574 1239 cum
1606 1180 1882 1255 maligni
1917 1177 2222 1240 homines
2258 1180 2469 1240 multa
2503 1196 2622 1256 per
2654 1180 3089 1257 cupiditatem
3125 1187 3479 1257 quaerunt,
3516 1196 3697 1256 quae

597 1273 845 1337 habere
893 1295 1022 1338 non
1054 1285 1360 1355 possunt,
1412 1280 1821 1342 discordiam
1856 1284 1922 1341 in
1958 1282 2219 1342 insania
2268 1283 2512 1343 mentis
2547 1298 2710 1343 suae
2745 1284 3116 1359 incurrunt,
3153 1290 3221 1343 et
3255 1289 3559 1344 caeteros
3594 1283 3700 1341 in-

598 1378 867 1456 festant,
920 1385 1477 1458 quemadmodum
1527 1388 1714 1446 canis
1748 1386 2083 1447 hominem
2136 1386 2413 1447 furendo
2448 1387 2727 1460 invadit,
2765 1404 2842 1447 ac
2876 1388 3205 1463 plurimas
3239 1388 3699 1448 dissentiones

596 1494 936 1561 paranteS,
991 1490 1058 1549 in
1105 1492 1474 1552 acerbitate
1521 1499 1588 1552 et
1638 1492 1706 1551 in
1739 1492 2183 1552 amaritudine
2233 1509 2353 1553 sua
2386 1493 2778 1568 dispergunt
2824 1500 2891 1553 et
2932 1493 3267 1570 dissipant
3313 1509 3393 1552 ea
3440 1507 3614 1568 quae
3648 1506 3694 1548 a

595 1589 733 1649 Deo
762 1590 939 1652 facta
966 1596 1139 1668 sunt,
1170 1596 1327 1671 quia
1352 1612 1584 1672 pacem
1612 1597 1867 1671 nolunt,
1904 1603 1969 1656 et
2003 1596 2162 1673 quia
2193 1597 2388 1656 valde
2422 1597 2734 1672 gaudent,
2772 1613 2925 1657 cum
2958 1598 3128 1657 alios
3164 1599 3231 1658 et
3264 1598 3330 1656 in
3362 1596 3590 1657 verbis
3623 1600 3701 1654 et

599 1690 667 1750 in
701 1690 901 1753 factis
946 1694 1294 1757 dilaniant.
1330 1698 1511 1770 Quae
1543 1700 1788 1759 erectis
1822 1699 2104 1776 pedibus
2142 1700 2281 1759 suis
2318 1701 2384 1759 in
2417 1699 2741 1775 praefatis
2768 1699 3354 1776 tenebris-pendet,
3385 1700 3541 1775 quia
3570 1699 3698 1758 hu·-

597 1796 889 1871 Jusmodi
924 1799 1228 1861 homines
1264 1801 1388 1861 hoc
1420 1802 1586 1862 vitio
1620 1804 1945 1879 instigati,
1984 1820 2106 1879 per
2138 1803 2496 1864 elationem
2528 1807 2596 1865 et
2628 1805 3097 1865 contumeliam
3135 1798 3180 1883 ¹)
3219 1805 3283 1863 in
3336 1802 3696 1862 itineribus

598 1902 742 1960 suis
778 1898 1532 1979 ad‘praevaricationem
1567 1907 1980 1967 infidelitatis
2015 1923 2283 1983 semper
2314 1909 2531 1983 parati
2567 1911 2746 1983 sunt,
2784 1908 2950 1969 nulli
2978 1906 3517 1981 cedente5,·nulli
3543 1922 3700 1981 par·-

603 2007 855 2080 centes,
893 2006 1009 2066 sed
1043 2010 1266 2069 omnia
1300 2025 1472 2085 quae
1505 2015 1808 2069 evertere
1841 2017 2148 2087 possunt,
2190 2011 2255 2069 in
2289 2013 2837 2071 contrarietatem
2871 2015 3394 2082 commoventeS,
3424 2023 3545 2066 nec
3577 2007 3700 2067 bo-

600 2125 760 2169 num
795 2110 1229 2173 humanitatis
1259 2109 1310 2193 ²)
1348 2114 1790 2189 attendenteS,
1828 2116 2389 2191 quemadmodum
2433 2116 2530 2175 illi
2579 2115 3030 2190 attenderunt,
3084 2114 3200 2191 qui
3250 2113 3471 2173 omnia
3520 2127 3697 2187 quae

601 2211 956 2289 habebant,
997 2215 1148 2275 aliis
1185 2216 1250 2275 in
1282 2217 1454 2278 bono
1490 2220 1869 2279 communia
1902 2219 2254 2296 parabant,
2293 2225 2366 2278 ut
2401 2220 2725 2295 scriptum
2761 2226 2882 2280 est:

2017 2443 2286 2504 XXXVI.

1350 2640 1442 2700 De
1493 2639 1757 2699 Actibus
1805 2641 2247 2717 apostolorum
2297 2641 2382 2698 ad
2431 2641 2730 2698 eamdem
2780 2658 2940 2698 rem.

697 2841 802 2905 47.
855 2845 1279 2905 Multitudini
1328 2848 1743 2907 credentium
1779 2855 1921 2907 erat
1956 2865 2065 2908 cor
2097 2866 2311 2907 unum
2345 2854 2406 2906 et
2443 2849 2671 2906 aimna
2700 2865 2856 2906 una.
2896 2847 3029 2906 Nec
3071 2847 3417 2923 quisquam
3466 2860 3700 2902 eorum

615 2970 784 3027 quae
812 2951 1206 3029 possidebat,
1244 2954 1502 3030 aliquid
1536 2972 1731 3013 suum
1764 2973 1901 3013 esse
1937 2953 2212 3028 dicebat,
2251 2954 2364 3013 sed
2398 2959 2590 3012 erant
2625 2954 2764 3013 illis
2799 2954 3020 3011 omnia
3054 2951 3445 3010 communia.
3493 2947 3702 3023 Cujus

609 3071 848 3115 sensus
882 3055 1037 3116 talis
1068 3063 1193 3116 est.
1232 3056 1632 3117 Multitudini
1670 3074 1841 3134 quae
1877 3057 1943 3118 in
1977 3057 2102 3117 fide
2130 3057 2459 3117 catholica
2494 3063 2620 3130 est,
2659 3054 3102 3130 multiplicata
3135 3057 3203 3112 et
3229 3052 3379 3127 igne
3406 3049 3700 3126 Spiritus

609 3159 833 3223 Sancti
863 3161 1227 3236 assignata,
1259 3161 1374 3238 qui
1402 3168 1658 3221 mentes
1692 3162 2108 3222 credentium
2144 3163 2241 3222 sic
2277 3162 2597 3238 aspergit,
2628 3161 2803 3236 quod
2841 3161 2908 3219 in
2941 3157 3194 3219 unitate
3221 3155 3472 3232 speculi
3502 3170 3708 3213 verae

607 3262 758 3322 fidei
800 3264 1008 3324 Deum
1041 3265 1289 3341 vident,
1327 3282 1478 3325 esse
1512 3266 1708 3327 debet
1743 3283 1859 3326 cor
1904 3283 2108 3326 unum
2151 3267 2215 3326 in
2251 3268 2506 3325 unitate
2553 3281 2753 3324 verae
2788 3264 3156 3337 Trinitatis,
3202 3263 3268 3320 in
3302 3277 3432 3337 qua
3468 3261 3561 3319 ita
3598 3276 3707 3318 ar·-

607 3368 831 3443 deant‚
871 3369 1046 3446 quod
1080 3387 1210 3430 non
1246 3371 1312 3430 in
1344 3372 1552 3431 alium
1599 3372 1729 3430 nisi
1769 3372 1832 3430 in
1883 3373 2098 3432 solum
2133 3371 2342 3430 Deum
2390 3370 2773 3446 respiciant.
2820 3368 2944 3428 Sed
2992 3374 3058 3426 et
3094 3368 3260 3442 ipsis
3304 3379 3455 3423 esse
3504 3363 3703 3422 debet

611 3472 834 3531 anima
863 3489 1013 3547 una,
1046 3473 1110 3532 in
1138 3475 1610 3536 ardentissimo
1637 3492 1862 3535 amore
1893 3476 2031 3551 illo,
2062 3493 2193 3551 quo
2229 3476 2451 3535 omnia
2485 3490 2690 3549 regna
2723 3473 2950 3533 mundi
2984 3473 3430 3543 contemnant,
3467 3475 3535 3528 et
3569 3485 3704 3544 quo

613 3577 818 3635 etiam
866 3592 1118 3652 poenas
1154 3579 1282 3638 sibi
1327 3586 1755 3639 occurrentes
1790 3597 1910 3656 pro
1945 3579 2154 3639 nihilo
2191 3582 2599 3655 computent,
2636 3579 2793 3654 quia
2826 3593 2975 3637 cum
3013 3592 3168 3636 caro
3215 3577 3277 3636 in
3310 3576 3575 3635 culmen
3607 3573 3703 3632 of·

608 3679 910 3739 ficiorum
943 3681 1204 3740 animae
1238 3683 1560 3758 ascendit,
1614 3685 1851 3745 merito
1887 3686 1970 3745 ab
2018 3685 2258 3744 officiis
2293 3686 2517 3744 carnis
2566 3700 2723 3743 caro
2759 3683 3103 3759 affligitur;
3156 3689 3223 3742 et
3264 3685 3539 3756 propter
3573 3679 3703 3739 hoc

611 3782 816 3843 etiam
851 3784 917 3843 in
943 3785 1253 3846 omnibus
1288 3786 1390 3846 his
1426 3787 1779 3863 gaudeant,
1818 3790 1974 3865 quia
2009 3805 2140 3848 non
2174 3788 2438 3862 divites,
2477 3788 2591 3847 sed
2620 3803 2949 3864 pauperes
2975 3803 3126 3846 esse
3161 3786 3413 3845 volunt.
3441 3785 3520 3844 Et
3545 3800 3712 3860 quo-

618 3888 800 3948 niam
817 3892 892 3949 ut
911 3890 1193 3966 cineres,
1223 3890 1497 3951 divitias
1525 3908 1696 3968 quae
1723 3909 1842 3969 per
1867 3894 2221 3953 avaritiam
2242 3896 2541 3953 mortuae
2570 3895 2742 3966 sunt,
2768 3898 3112 3968 spernunt,
3141 3892 3340 3952 etiam
3366 3889 3490 3948 hoc
3516 3888 3713 3948 modo

618 3995 845 4055 nullus
895 4012 1126 4055 eorum
1162 3996 1524 4073 quidquam
1579 3998 1943 4057 secundum
1980 3999 2394 4058 voluntatem
2430 4014 2621 4058 suam
2666 3998 2930 4072 habeat,
2976 3996 3092 4056 sed
3126 3995 3350 4055 omnia
3383 4009 3555 4069 quae
3591 4007 3711 4068 per

615 4100 862 4161 donum
885 4101 1004 4162 Dei
1040 4101 1260 4178 hahet,
1298 4120 1446 4162 cum
1473 4103 1606 4164 Deo
1641 4104 2006 4180 possideat,
2044 4120 2164 4165 nec
2200 4104 2450 4181 aliquid
2488 4120 2611 4163 sua
2641 4105 2893 4163 virtute
2928 4103 3058 4163 sibi
3096 4102 3335 4161 adesse
3360 4100 3562 4173 dicat,
3594 4098 3713 4157 sed

611 4204 771 4280 De0‚
808 4206 922 4281 qui
951 4206 1144 4266 bonis
1192 4209 1415 4267 omnia
1463 4209 1636 4269 bona
1683 4210 1816 4270 dat.
1854 4210 2034 4281 Quae
2088 4216 2242 4270 sunt
2279 4210 2426 4270 illa?
2458 4209 2720 4269 Veritas
2769 4215 2837 4268 et
2866 4209 3152 4284 justitia,
3205 4206 3451 4284 quibus
3486 4203 3711 4262 omnia

618 4308 793 4368 bona
843 4310 1289 4385 implicantur.
1340 4314 1461 4372 Isti
1508 4315 1683 4374 enim
1736 4321 2039 4374 mutuum
2074 4315 2279 4374 Deum
2315 4314 2561 4374 habere
2604 4314 2857 4388 nolunt,
2905 4314 3018 4389 qui
3054 4313 3276 4372 omnia
3309 4312 3480 4371 bona
3514 4309 3715 4368 abne-

623 4417 804 4487 gant,
832 4415 900 4472 et
922 4414 1039 4489 qui
1064 4415 1285 4476 omnia
1319 4418 1493 4477 mala
1527 4419 1656 4478 sibi
1691 4419 2037 4479 attrahunt
2059 4415 2132 4497 ³).
2162 4420 2240 4478 Et
2267 4420 2373 4478 hic
2398 4424 2594 4478 erunt
2629 4418 2763 4477 illis
2792 4419 2907 4495 qui
2931 4417 3137 4477 Deum
3168 4416 3475 4490 diligunt,
3506 4420 3572 4473 et
3599 4414 3716 4488 qui

616 4516 828 4577 vitam
876 4517 1124 4579 habere
1170 4521 1425 4596 volunt,
1476 4522 1699 4582 omnia
1731 4524 2131 4598 communia,
2184 4523 2499 4599 quoniam
2551 4523 2927 4598 proprietas
2968 4521 3338 4581 voluntatis
3374 4517 3714 4578 hominum

697 4767 743 4834 ¹)
777 4774 1170 4827 contumaciam
1192 4772 1259 4827 Α.
1293 4803 1360 4811 —-
1386 4773 1432 4838 2)
1473 4771 2006 4845 ΙηεοΙευεζυῑετᾳυε
2033 4789 2120 4829 co-
2209 4777 2309 4829 nia
2333 4774 2482 4829 mala
2505 4776 2616 4830 sibi
2639 4772 2893 4834 attrahit,
2923 4778 2971 4827 et
2995 4772 3085 4828 hic
3110 4775 3269 4826 erunt
3293 4775 3386 4825 etc.
3419 4765 3520 4822 ubi
3543 4763 3716 4821 etiam

622 4854 751 4917 dex.
775 4857 1217 4920 immanitati⁸A‚
1240 4862 1624 4914 unanimitatis
1642 4859 1734 4913 W.
1763 4858 1893 4925 —-⁸)
1913 4857 2119 4914 anxius
2215 4860 2308 4914 vix
2335 4875 2446 4914 non
2475 4858 2671 4914 malim
2705 4864 2755 4914 et
2791 4860 2924 4914 haec
2959 4863 3135 4913 erunt.
3180 4855 3288 4912 Sed
3328 4857 3419 4911 hic
3453 4853 3714 4909 absolute

625 4940 918 4997 emendavi
962 4942 1146 4998 locum
1172 4943 1497 5004 obscurum.
1541 4941 1599 4997 in
1625 4958 1738 5013 quo
1764 4941 2121 5014 duotcodices
2212 4943 2479 5014 scriptori
2508 4944 2710 5016 placet.
2736 4942 2986 4998 Tandem
3016 4956 3145 4995 mox
3172 4940 3330 4996 codd.
3362 4941 3575 4995 habent
3594 4957 3719 5012 pro-

624 5027 898 5083 absonum
936 5027 1078 5083 illud
1106 5028 1336 5084 habent:
1369 5028 1481 5084 Ista
1514 5032 1653 5085 enim
1681 5034 1924 5083 mutuum
1953 5028 2120 5083 Deum
2206 5034 2491 5102 prietatem
2530 5030 2851 5091 voluntatis,
2886 5027 3035 5099 quod
3077 5043 3187 5081 non
3216 5025 3454 5089 extrico,
3498 5026 3606 5081 nisi
3644 5028 3719 5081 lo-

624 5115 819 5169 habere
840 5115 1047 5176 nolunt.
1067 5118 1167 5188 qui
1184 5119 1367 5172 omnia
1389 5116 1524 5171 bona
1548 5117 1801 5186 abne-qul,
1826 5114 1994 5187 etjqui
2013 5135 2113 5170 om-
2217 5121 2381 5184 gatur
2402 5118 2727 5188 proprietas.
2798 5163 2804 5168 .
2969 5122 2972 5125 ’
