4036 6117
678 466 763 526 86
1834 483 1886 530 s.
1939 485 2477 536 annEcAnms

602 603 781 670 niam
815 601 993 679 quod
1028 607 1259 663 contra
1291 602 1498 662 Deum
1532 605 1658 679 est,
1695 619 1830 663 non·
1859 604 2089 681 stabit,
2125 607 2240 667 sed
2277 609 2343 668 in
2376 608 2720 669 interitum
2751 608 2891 670 ibit.
2921 608 3104 670 Haec
3129 611 3351 671 autem
3383 610 3569 671 velut
3603 610 3705 670 lu-

600 721 727 782 pus
761 709 887 781 est,
925 707 1085 784 quia
1118 708 1185 767 in
1221 709 1404 767 rabie
1438 707 1573 767 doli
1607 715 1672 768 et
1710 710 1774 768 in
1807 725 2053 786 aspera
2087 712 2552 773 vicissitudine
2585 716 2879 774 omnium
2915 715 3241 776 malorum
3271 718 3416 777 sine
3448 717 3701 777 discre-

606 814 786 879 tione
818 815 941 874 est.
979 813 1159 885 Quae
1193 815 1380 874 ssexis
1429 816 1740 876 cruribus
1775 831 1979 891 super
2027 817 2231 891 pedes
2265 834 2426 878 suos
2469 819 2670 894 jacet,
2707 825 2775 880 et
2808 820 3055 897 ubique
3100 821 3584 898 circumspicit,
3624 827 3697 879 ut

603 922 826 982 omnia
862 936 1033 998 quae
1072 937 1309 997 rapere
1341 924 1584 997 potest,
1621 922 1968 997 deglutiat,
2007 924 2318 999 quoniam
2359 925 2672 986 inclinata
2703 925 3092 986 fortitudine
3127 942 3251 987 sua
3276 927 3359 987 ad
3392 939 3701 1003 quaeque

600 1024 936 1086 deteriora
969 1026 1289 1102 pessimis
1326 1025 1676 1085 itineribus
1708 1027 2020 1102 propriae
2045 1028 2407 1088 voluntatis
2436 1044 2597 1088 suae
2634 1028 2977 1104 incumbit,
3005 1035 3073 1089 et
3103 1045 3332 1089 omnes
3358 1029 3694 1088 vanitates

602 1126 1004 1203 considerat,
1041 1133 1116 1187 ut
1148 1143 1264 1187 eas
1297 1127 1381 1188 ad
1418 1145 1489 1188 se
1523 1129 1822 1204 colligat,
1860 1132 2190 1206 quatenus
2222 1147 2343 1207 per
2378 1132 2529 1192 illas
2564 1138 2875 1192 cunctam
2907 1132 3325 1193 honestatem
3361 1132 3527 1192 recti
3561 1147 3702 1190 mo-

601 1232 967 1293 deraminis
1015 1234 1368 1308 disturbet,
1404 1241 1470 1294 et
1520 1234 1600 1295 ad
1635 1235 1914 1296 nihilum
1964 1236 2272 1311 deducat,
2310 1244 2376 1297 et
2426 1242 2499 1298 ut
2533 1238 2599 1298 in
2631 1241 2976 1316 voluptate
3026 1239 3258 1299 libitus
3301 1241 3404 1299 sui
3440 1254 3704 1315 perma-

603 1341 779 1416 neat;
816 1337 1372 1416 quemadmodum
1407 1341 1609 1400 etiam
1643 1342 1956 1416 superius
1994 1341 2058 1400 in
2091 1342 2317 1402 verbis
2352 1342 2489 1402 suis
2540 1342 2979 1404 demonstrat.
3019 1344 3139 1405 Cui
3173 1359 3291 1419 per
3338 1359 3567 1403 veram
3604 1342 3705 1402 ᾱίο·

608 1444 1008 1505 scretionem
1060 1445 1523 1523 respondetur3
1575 1453 1641 1506 et
1674 1453 1748 1507 ut
1798 1447 2099 1507 homines
2149 1450 2216 1508 in
2264 1449 2571 1509 omnibus
2621 1448 3143 1511 moderationem
3196 1449 3703 1509 convenientem

611 1551 992 1628 inspiciant,
1032 1551 1487 1614 admonentur.
1829 1538 1849 1556 ’

2134 1763 2199 1823 L.

1651 1991 1656 1998 ·
1672 1975 1764 2035 De
1821 1976 2203 2035 Perditione
2253 1978 2655 2035 animarum.

707 2181 813 2244 59.
864 2183 991 2243 Sed
1024 2189 1264 2245 octava
1298 2184 1518 2259 imago
1552 2184 1991 2258 perditionem
2030 2186 2402 2244 animarum
2439 2187 2648 2259 notat,
2684 2199 2859 2261 quae
2892 2190 3050 2260 post
3084 2183 3705 2245 immoderationem

612 2286 720 2348 hic
755 2289 1022 2366 incedit,
1058 2291 1216 2368 quia
1251 2307 1401 2351 cum
1435 2307 1554 2366 per
1588 2289 2208 2351 immoderationem
2239 2292 2373 2350 Deo
2424 2297 2749 2368 repugnet
2781 2297 3034 2366 aperte,
3086 2290 3527 2367 perditionem
3562 2291 3706 2350 ani-

611 2408 761 2453 mae
797 2394 1096 2471 incurrit,
1134 2411 1306 2472 quae
1340 2412 1489 2455 cum
1525 2394 1657 2455 Deo
1691 2411 1843 2454 esse
1880 2402 2170 2471 recusat,
2209 2397 2275 2455 et
2309 2412 2480 2472 quae
2515 2400 2748 2456 contra
2788 2412 2940 2455 eum
2979 2395 3245 2471 frendit,
3279 2391 3325 2477 ¹)
3362 2397 3474 2457 ubi
3525 2412 3708 2456 mon⁶

623 2504 759 2558 tem
794 2499 1031 2561 salutis
1081 2517 1151 2561 se
1187 2500 1329 2561 fore
1376 2500 1690 2576 ostendit,
1728 2517 1878 2560 cum
1926 2501 2125 2577 plena
2159 2502 2353 2561 ruina
2401 2502 2510 2576 sit,
2547 2501 2617 2561 in
2649 2517 2780 2578 qua
2828 2503 3084 2578 primus
3117 2502 3397 2577 angelus
3445 2502 3709 2561 ruinam

614 2606 1015 2684 sibimetipsi
1066 2615 1134 2671 et
1181 2609 1493 2669 omnibus
1533 2617 1613 2669 'se
1663 2610 2101 2686 sequentibus
2148 2609 2547 2670 aedificavit.
2584 2610 2662 2668 Et
2715 2608 2880 2669 turri
2925 2608 3365 2681 assimilatur,
3418 2622 3591 2683 quae
3643 2606 3707 2664 in

616 2699 1054 2787 supremitate
1089 2732 1210 2774 sua
1245 2714 1706 2775 testitudinem
1738 2714 1963 2790 habet,
2003 2717 2070 2775 in
2102 2732 2232 2791 qua
2269 2722 2405 2775 tres
2443 2714 2772 2774 fenestrae
2806 2720 2983 2788 sunt,
3021 2713 3336 2789 quoniam
3370 2726 3609 2786 magna
3642 2713 3713 2770 et

622 2815 1023 2879 inconcussa
1055 2819 1338 2879 firmitas
1372 2820 1556 2880 velut
1588 2820 1795 2880 turris
1832 2820 1895 2878 in
1930 2819 2304 2895 perditione
2338 2826 2467 2894 est,
2503 2820 2570 2878 in
2602 2835 2735 2895 qua
2783 2817 3101 2894 superbia
3133 2815 3326 2892 quasi
3380 2816 3445 2874 in
3478 2829 3711 2890 supre-

617 2920 851 2982 mitate
886 2939 1009 2982 sua
1042 2923 1396 2999 quamdam
1433 2925 1863 2984 securitatem
1897 2925 2083 2985 velut
2114 2925 2576 2986 testitudinem
2610 2929 2825 2998 parat,
2860 2939 3031 3000 quae
3065 2938 3193 2981 non
3220 2920 3304 2980 ad
3325 2919 3559 2995 Deum,
3590 2920 3709 2979 sed

618 3026 686 3087 in
720 3025 1067 3088 tristitiam
1095 3030 1331 3089 mortis
1360 3028 1592 3104 tendit;
1625 3029 1736 3089 ubi
1764 3030 1969 3090 etiam
1996 3046 2199 3090 sensu
2233 3033 2300 3091 et
2332 3030 2680 3091 intellectu
2712 3044 2789 3088 ac
2824 3027 3129 3103 scientia,
3161 3027 3356 3105 quasi
3391 3027 3459 3086 in
3489 3026 3710 3087 tribus

617 3128 929 3191 fenestris
963 3133 1311 3210 prospicit,
1349 3140 1677 3210 quatenus
1711 3135 1969 3196 animas
2003 3135 2087 3195 ad
2122 3135 2557 3211 perditionem
2591 3133 2940 3210 perducat;
2977 3133 3044 3192 in
3079 3133 3323 3208 quibus
3357 3132 3563 3192 etiam
3596 3147 3707 3190 ve-

620 3250 762 3295 ram
798 3236 992 3298 fidem
1030 3240 1301 3298 sanctae
1335 3238 1680 3299 Trinitatis
1715 3240 2024 3316 abnegat,
2063 3256 2213 3299 cum
2264 3257 2465 3300 unum
2499 3238 2706 3299 Deum
2753 3238 2821 3297 in
2868 3237 3085 3297 tribus
3118 3237 3423 3313 personis
3472 3242 3541 3295 et
3571 3242 3713 3295 tres

619 3356 944 3418 personas
982 3343 1048 3403 in
1080 3359 1210 3403 uno
1242 3324 1377 3403 Deo
1412 3359 1560 3404 esse
1594 3361 1725 3404 non
1757 3345 1990 3405 credit.
2029 3344 2214 3416 Quod
2248 3348 2469 3405 autem
2506 3343 2631 3404 sub
2663 3344 2764 3403 eis
2796 3342 2927 3403 duo
2963 3341 3238 3402 brachia
3272 3341 3565 3401 hominis
3598 3356 3711 3415 ap-

620 3449 880 3522 parent,
916 3464 1201 3524 quorum
1235 3465 1469 3510 manus
1505 3466 1708 3526 super
1739 3450 2041 3510 eamdem
2078 3450 2540 3510 testitudinem
2572 3447 3039 3521 extenduntur,
3079 3446 3202 3506 hoc
3234 3452 3339 3505 est
3375 3444 3550 3521 quod
3587 3447 3713 3506 sub

618 3552 1085 3628 prospectione
1109 3553 1503 3628 ,perditionis
1538 3555 1760 3614 nullus
1793 3557 2140 3630 respectus
2169 3552 2581 3614 fortitudinis
2605 3551 2655 3633 ²)
2694 3553 2775 3613 ad
2809 3553 3041 3627 Deum,
3079 3551 3196 3612 sed
3240 3550 3321 3609 ad
3358 3550 3706 3611 Diabolum

531 3688 534 3689 ν
620 3661 749 3731 est,
786 3656 898 3717 ubi
933 3657 1130 3716 homo
1162 3673 1283 3734 per
1310 3658 1766 3719 infidelitatem
1792 3676 1865 3719 se
1900 3659 1982 3719 ad
2017 3660 2266 3719 malum
2295 3675 2561 3735 semper
2584 3658 2805 3733 erigit,
2843 3657 2938 3717 ita
2961 3655 3140 3732 quod
3175 3655 3529 3715 maledicta
3556 3672 3714 3731 ope-

625 3777 700 3822 ra
735 3778 856 3821 sua
891 3777 1095 3838 super
1129 3762 1543 3839 mortiferam
1578 3764 2012 3824 securitatem
2046 3764 2361 3838 extendit,
2400 3778 2550 3822 cum
2587 3777 2777 3839 spem
2810 3776 2997 3820 suam
3034 3776 3161 3819 non
3213 3758 3294 3818 ad
3327 3758 3558 3832 Deum,
3597 3758 3717 3817 sed

621 3867 704 3929 ad
739 3880 1016 3927 vacuam
1051 3868 1414 3928 vanitatem
1450 3867 1700 3943 dirigit.
1737 3868 1814 3927 Et
1846 3867 2079 3929 eadem
2116 3868 2390 3928 brachia
2418 3868 2711 3927 tenebris
2745 3866 2940 3941 quasi
2970 3864 3251 3923 manicis
3278 3864 3609 3935 velantur,
3645 3868 3715 3921 et

622 3987 859 4033 manus
891 3987 1122 4036 eorum
1158 3971 1395 4046 nudae,
1433 3971 1549 4031 sed
1586 3977 1805 4033 tamen
1840 3972 2073 4046 igneae
2107 3974 2286 4046 sunt;
2320 3973 2477 4048 quia
2513 3969 2832 4030 fortitudo
2867 3973 2935 4027 et
2957 3967 3372 4043 perversitas
3404 3964 3720 4041 perditio-

625 4076 734 4138 nis
772 4075 836 4136 in
871 4075 1282 4153 obscuritate
1317 4090 1397 4143 ac
1429 4076 1506 4135 in·
1527 4075 1858 4136 absconso
1883 4076 2434 4137 ,latrocinantium
2470 4089 2728 4134 morum
2764 4074 2891 4146 est,
2944 4087 3093 4130 cum
3128 4070 3387 4129 animas
3437 4084 3719 4145 sequen-

624 4181 792 4241 tium
829 4198 901 4242 se
938 4182 1224 4241 latenter
1257 4180 1523 4255 occidit,
1563 4180 1675 4241 ubi
1709 4181 1914 4241 etiam
1949 4197 2153 4257 opera
2186 4195 2655 4256 perversorum
2693 4177 3036 4237 hominum
3079 4173 3255 4234 nuda
3290 4172 3546 4248 absque
3580 4187 3718 4232 om-

628 4284 696 4343 ni
733 4284 1086 4345 sanctitate
1123 4289 1301 4357 sunt;
1339 4283 1456 4344 sed
1492 4290 1714 4345 tamen
1748 4285 2052 4345 ardentia
2087 4285 2153 4344 in
2184 4284 2336 4360 igne
2372 4281 2858 4355 amaritudiniS,
2897 4279 3042 4339 sine
3089 4278 3267 4338 omni
3300 4293 3419 4353 spe
3453 4277 3716 4350 salutis;

627 4403 782 4447 nam
816 4387 979 4446 haec
1009 4388 1296 4463 perditio
1324 4388 1487 4448 nihil
1520 4388 1701 4448 aliud
1735 4390 2025 4464 quaerit,
2054 4389 2217 4449 nihil
2249 4388 2432 4449 aliud
2457 4386 2819 4459 desiderat,
2855 4399 3057 4460 quam
3083 4382 3343 4442 animas
3380 4381 3539 4440 illuc
3570 4393 3722 4456 per-

630 4491 900 4564 ducere,
940 4492 1052 4552 ubi
1100 4499 1169 4553 et
1203 4492 1349 4569 ipsa
1396 4495 1522 4567 est,
1560 4500 1632 4553 ut
1664 4495 1868 4554 etiam
1922 4494 1988 4553 in
2022 4495 2289 4569 loquela
2324 4509 2445 4552 sua
2478 4490 2792 4565 ostendit,
2829 4496 2905 4549 ut
2951 4493 3559 4563 praemonstratum
3593 4493 3719 4546 est.

632 4595 759 4657 Sed
809 4596 1094 4657 salvatio
1144 4598 1517 4657 animarum
1564 4598 1780 4674 ipsam
1832 4597 2205 4673 redarguit,
2263 4600 2331 4657 et
2383 4611 2467 4656 ne
2517 4595 2820 4656 homines
2858 4594 3038 4653 illam
3077 4592 3443 4664 imitentur,
3496 4588 3723 4648 admo-
3823 4604 3826 4605 ⁷

632 4703 749 4760 net
777 4692 853 4779 ³),
891 4700 1204 4776 quoniam
1239 4699 1524 4776 perditio
1559 4700 2024 4775 salvationem,
2055 4701 2248 4777 quasi
2284 4699 2565 4759 nihilum
2595 4698 2705 4772 sit,
2737 4696 2956 4757 habet.
2992 4696 3143 4772 Ipsa
3176 4697 3402 4754 autem
3433 4690 3725 4768 perditio

633 4803 700 4864 in
732 4803 1106 4881 perditione
1154 4813 1282 4879 est,
1320 4822 1440 4867 nec
1490 4805 1699 4865 ullum
1733 4806 2102 4867 remedium
2152 4806 2545 4866 salvationis
2583 4805 2646 4864 in
2696 4803 3068 4864 salvatione
3112 4800 3335 4876 habet,
3374 4799 3530 4875 quia
3568 4814 3722 4857 con-

635 4915 740 4970 tra
772 4895 978 4977 Deum
1013 4917 1140 4986 est,
1193 4912 1505 4988 quoniam
1543 4912 1640 4972 illi
1677 4911 2044 4972 adhaerere
2076 4913 2312 4987 voluit,
2365 4912 2476 4988 qui
2511 4911 2766 4973 nullam
2816 4909 3033 4970 lucem
3076 4906 3301 4982 habet,
3356 4905 3471 4966 sed
3507 4905 3621 4981 qui
3658 4903 3724 4962 in

633 5014 930 5075 tenebris
963 5022 1209 5090 manet;
1249 5018 1322 5076 ut
1350 5016 1675 5077 Jeremias
1710 5002 2035 5099 propheta
2070 5018 2319 5093 Spiritu
2348 5017 2587 5077 Sancto
2621 5014 3001 5075 admonitus
3036 5012 3219 5072 dicit.
3704 4995 3711 5001 ’

709 5166 750 5233 ¹)
774 5169 997 5240 frendat
1027 5170 1115 5224 W.
1152 5203 1214 5208 —ff-
1242 5172 1286 5235 2)
1314 5172 1631 5239 formidinis
1657 5172 1719 5225 A.
1791 5202 1822 5208 --
1848 5170 1892 5235 3)
1921 5176 2127 5226 monent
2154 5171 2243 5224 W.
