4036 6117
1246 513 1481 560 LIBER
1527 513 1728 558 VITAE
1783 511 2269 559 MERITORUM.
2321 514 2379 558 P.
2430 513 2520 558 vl.

353 628 486 703 dia,
518 631 610 692 sic
636 633 837 692 etiam
863 634 1232 711 infernales
1259 636 1560 695 miserias
1593 633 1823 692 nullus

349 737 782 813 manifestare
815 737 1072 798 valebit.

396 836 586 900 XXV.
626 844 720 902 De
754 843 1036 920 quadam
1073 844 1377 904 claritate
1412 852 1473 902 et
1509 841 1590 900 de
1623 856 1783 917 qau-

346 946 473 1005 diis
505 948 889 1005 animarum
912 946 1353 1023 quorumdam
1382 944 1828 1005 saecularium

347 1051 714 1123 hominum,
768 1052 883 1126 qui
931 1055 1087 1109 ante
1136 1052 1364 1110 horam
1409 1050 1639 1107 mortis
1674 1064 1830 1106 suae

341 1153 745 1231 poenitendo
800 1156 1090 1230 peccatis
1156 1153 1827 1224 abrenuntiaverant,

346 1265 410 1317 et
459 1259 844 1316 animarum
892 1257 1340 1335 quorumdam
1390 1246 1842 1316 saecularium

348 1364 715 1435 hominum,
738 1363 853 1439 qui
884 1361 1127 1438 leqalia
1140 1366 1500 1438 praecepta
1523 1362 1594 1419 in
1614 1365 1837 1419 actua-

348 1466 398 1525 li
431 1468 574 1524 vita
608 1466 833 1524 devote
870 1465 1380 1541 compleverant,
1416 1470 1479 1523 et
1514 1482 1718 1540 quare
1753 1463 1836 1521 il-

349 1570 416 1629 la
450 1572 546 1629 sic
578 1568 880 1630 habeant.

437 1671 658 1732 XXVI.
712 1672 885 1732 Item
917 1673 996 1732 de
1044 1674 1181 1733 alia
1233 1672 1526 1752 quadam
1575 1671 1840 1732 clarita-

346 1784 409 1837 te
446 1785 511 1837 et
547 1778 628 1836 de
658 1778 922 1855 qaudiis
969 1779 1354 1836 animarum
1401 1775 1837 1854 quorumdam

349 1882 802 1942 saecularium
825 1883 1189 1954 hominum,
1221 1881 1336 1957 qui
1361 1882 1434 1938 in
1461 1880 1674 1939 activa
1704 1878 1840 1938 vita

349 1991 717 2063 praecepta
743 1986 903 2061 leqis
936 1980 1292 2061 diliqenter
1319 1981 1836 2057 observaverant,

359 2095 424 2147 et
466 2108 584 2149 cur
618 2107 696 2147 ea
725 2091 839 2149 hoc
869 2090 1057 2147 modo
1089 2089 1484 2164 receperint.

449 2188 704 2252 XXVII.
766 2193 936 2252 Item
986 2193 1067 2251 de
1147 2192 1300 2250 aliis
1377 2192 1638 2268 qaudiis
1702 2192 1847 2251 ani-

353 2313 625 2354 marum
700 2295 1136 2372 quorumdam
1228 2296 1640 2373 spiritalium
1732 2298 1843 2355 ho-

355 2402 646 2475 minum,
697 2404 812 2477 qui
858 2403 932 2461 in
959 2401 1254 2477 spiritali
1277 2403 1413 2459 vita
1437 2400 1841 2459 obedientiae

362 2524 428 2563 se
490 2505 942 2579 subdiderant,
992 2511 1053 2563 et
1093 2505 1192 2564 ita
1240 2505 1372 2566 Deo
1421 2508 1603 2564 omni
1652 2506 1842 2564 devo-

358 2611 540 2669 tione
597 2612 986 2683 servierant,
1039 2613 1103 2668 et
1148 2627 1353 2685 quare
1404 2608 1528 2667 illa
1575 2610 1668 2668 sic
1731 2611 1844 2668 ha-

365 2711 584 2773 beant.

449 2817 726 2877 XXVIII.
764 2817 931 2876 Item
963 2818 1043 2876 de
1078 2815 1470 2895 quibusdam
1507 2818 1662 2877 aliis
1686 2833 1846 2895 qau-

361 2923 496 2982 diis
559 2925 942 2984 animarum
985 2922 1430 2999 quorumdam
1477 2926 1841 2998 hominum,

363 3028 483 3105 qui
539 3027 830 3088 doctores
879 3032 941 3086 et
992 3032 1285 3088 rectores
1336 3028 1583 3106 populo
1643 3029 1764 3090 Dei
1796 3022 1841 3107 ¹)

362 3139 729 3197 existentes
777 3136 940 3196 bona
1002 3154 1201 3214 opera
1247 3141 1504 3218 operati
1549 3144 1727 3212 sunt,
1780 3144 1844 3196 et

366 3261 492 3303 eur
524 3244 649 3302 illa
679 3246 793 3303 hoc
824 3243 1014 3301 modo
1046 3244 1395 3319 recipiant.

459 3341 709 3406 XXIX.
746 3347 916 3406 Item
947 3345 1026 3403 de
1062 3345 1214 3404 aliis
1251 3343 1645 3422 quibusdam
1692 3361 1851 3421 qau-

370 3453 503 3512 diis
534 3451 972 3529 quarumdam
1004 3453 1408 3524 animarum,
1447 3452 1694 3510 scilicet
1741 3451 1852 3509 ho-

368 3561 635 3619 minum
681 3558 982 3631 illorum,
1040 3559 1155 3633 qui
1196 3574 1321 3633 pro
1374 3556 1587 3632 qloria
1643 3554 1765 3614 Dei
1794 3551 1846 3634 ²)

367 3662 665 3722 membra
697 3680 818 3722 sua
848 3664 921 3722 in
953 3662 1283 3737 martyrio
1313 3662 1514 3719 morti
1542 3652 1593 3738 ⁸)
1645 3655 1853 3735 subje-

371 3771 626 3841 cerant,
661 3770 724 3825 et
759 3783 960 3843 quare
995 3783 1074 3823 ea
1105 3764 1197 3824 sic
1230 3763 1527 3824 habeant.

459 3869 647 3930 XXX.
687 3869 858 3929 Item
882 3869 962 3929 de
987 3867 1378 3947 quibusdam
1404 3870 1560 3929 aliis
1586 3869 1851 3948 qaudiis

368 3979 754 4038 animarum
778 3975 1217 4055 quorumdam
1241 3978 1608 4051 hominum,
1639 3975 1753 4053 qui
1779 3976 1853 4034 in

366 4083 771 4159 virqinitatis
797 4080 1260 4158 sinqularitate
1289 4079 1423 4139 Deo
1449 4080 1849 4150 servierant,

370 4192 438 4245 et
472 4205 590 4247 cur
621 4185 745 4246 illa
774 4188 889 4246 hoc
920 4186 1109 4245 modo
1141 4183 1447 4245 habeant.

463 4293 678 4354 XXXI.
716 4294 810 4354 De
844 4293 1147 4353 claritate
1189 4294 1264 4351 in
1296 4309 1426 4366 qua
1458 4288 1672 4347 multo
1697 4288 1855 4365 plu-

374 4418 457 4458 ra
514 4399 852 4474 multoque
905 4392 1165 4480 majora
1219 4394 1464 4471 qaudia
1523 4392 1858 4469 prioribus

371 4505 632 4584 qaudiis
668 4504 996 4564 occultata
1033 4507 1209 4560 sunt.
1312 4582 1316 4585 .

462 4608 709 4668 XXXII.
756 4603 957 4666 Verba
990 4603 1150 4664 Filii
1182 4604 1501 4664 hominis.

460 4713 737 4776 XXXIII.
769 4711 956 4784 Quod
986 4711 1059 4769 in
1100 4709 1311 4785 qloria
1341 4706 1667 4785 paradisi,
1710 4706 1860 4765 ani-

372 4835 516 4881 mae
547 4819 627 4877 de
650 4817 940 4895 peccatis
962 4818 1289 4892 purqatae
1323 4811 1655 4889 qaudent,
1692 4828 1860 4887 quae

425 5097 470 5164 ¹)
493 5095 780 5170 inpopulo
815 5093 921 5150 Dei
943 5092 1013 5148 A.
1043 5091 1180 5158 —²)
1217 5107 1318 5163 pro
1341 5089 1530 5163 aleria
1568 5089 1763 5145 mundi
1785 5087 1853 5145 A.

363 5182 508 5256 turpi
551 5198 762 5252 naevo„
791 5212 856 5220 -
892 5180 937 5247 ³)
977 5183 1137 5252 morti
1173 5192 1283 5234 om.
1329 5175 1393 5231 Α.
1439 5202 1505 5215 —-
1531 5174 1574 5243 ⁴)
1613 5175 1863 5232 coelestia

3227 498 3355 559 221

1931 640 1994 691 et
2038 653 2163 710 per
2202 636 2687 711 poenitentiam
2734 637 2797 692 et
2839 653 2964 710 per
3003 632 3168 693 bona
3201 651 3403 711 opera

1932 737 2067 797 Deo
2100 738 2559 799 adhaeserant.

2025 841 2297 902 XXXIV.
2352 842 2535 914 Quod
2580 844 2653 901 in
2703 841 2965 901 coelesti
3010 840 3405 901 celsitudine

1935 944 2279 1003 animabus
2342 950 2721 1005 sanctorum
2776 945 2985 1022 plura
3038 950 3099 1003 et
3152 939 3408 1018 majora

1937 1059 2331 1113 ornamenta
2379 1057 2787 1129 praeparata
2834 1058 3011 1125 sunt,
3049 1067 3246 1127 quam
3292 1052 3414 1109 hu-

1938 1176 2139 1216 mana
2169 1158 2540 1216 aestimatio
2575 1159 2812 1234 capiat.

2031 1242 2271 1320 XXXV.
2335 1261 2517 1333 Quod
2573 1264 2645 1320 in
2702 1260 2965 1322 coelesti
3012 1277 3212 1337 reyno
3259 1264 3412 1318 sunt

1941 1368 2204 1424 animae
2240 1365 2705 1440 saecularium,
2742 1363 3224 1442 spiritualium,
3270 1353 3441 1420 sub?

1932 1466 2283 1544 jectorum,
2328 1469 2810 1546 praelatorum,
2858 1472 3256 1544 martyrum,
3284 1466 3415 1523 vir·-

1943 1579 2198 1653 qinum,
2233 1578 2348 1653 qui
2382 1575 2514 1635 Deo
2549 1576 2938 1633 servierant.

2036 1679 2306 1740 XXXVI.
2340 1680 2521 1752 Quod
2545 1672 3183 1748 animaejustorum,
3212 1675 3283 1732 in
3317 1668 3419 1729 re-

1948 1786 2377 1844 surrectionis
2409 1780 2692 1857 judicio,
2728 1778 2939 1859 multo
2971 1776 3228 1852 majora
3266 1784 3423 1853 qa‘u-

1946 1889 2060 1948 dia
2091 1891 2443 1966 accipiant,
2482 1904 2682 1964 quam
2712 1904 2893 1945 nunc
2925 1883 3221 1945 habeant.

2036 1992 2336 2052 XXXVII.
2376 1990 2560 2064 Quod
2593 1989 2897 2050 coelestia
2929 1993 3342 2060 ornamenta,
3367 1981 3417 2063 ⁴)

1949 2113 2081 2155 non
2109 2101 2262 2156 sunt
2282 2113 2523 2155 aurum
2543 2100 2605 2154 et
2627 2092 2879 2169 lapides
2898 2097 2960 2151 et
2978 2108 3270 2169 qemmae
3291 2095 3426 2148 ter-

1952 2203 2101 2260 reni
2129 2201 2425 2277 pulveris
2434 2242 2454 2271 ,
2490 2200 2606 2258 sed
2639 2204 2793 2258 sunt
2828 2197 3193 2257 secundum
3226 2212 3425 2271 opera

1953 2312 2352 2379 sanctorum,
2388 2323 2554 2382 quae
2601 2304 2778 2364 Deus
2814 2319 2939 2378 per
2997 2301 3424 2377 semetipsum

1948 2412 2132 2487 facit.

2039 2511 2403 2576 XXXVIII.
2458 2515 2641 2587 Quod
2688 2516 2760 2573 in
2794 2512 3056 2574 coelesti
3087 2507 3432 2570 habitatio-

1952 2639 2036 2679 ne
2056 2621 2361 2697 plurima
2386 2624 2563 2693 sunt,
2593 2636 2761 2695 quae
2789 2634 2993 2694 supra
3010 2612 3429 2675 intellectum

1953 2725 2239 2792 hominis
2288 2727 2474 2797 sunt,
2527 2728 2589 2782 et
2653 2740 2820 2799 quae
2875 2719 3107 2779 nullus
3160 2714 3428 2776 mortali

1954 2847 2151 2889 carne
2207 2832 2540 2905 qravatus,
2589 2829 2664 2885 in
2713 2826 2993 2886 scientia
3048 2821 3428 2883 intellectus

1956 2935 2061 2992 sui
2094 2935 2392 3009 accipere
2422 2936 2659 3008 potest.

2044 3030 2358 3097 XXXIX.
2417 3034 2600 3107 Quod
2639 3032 2893 3092 malum
2925 3028 3257 3091 mendacii
3290 3029 3431 3089 sine

1957 3146 2091 3204 Deo
2125 3145 2442 3203 surrexit.

2041 3245 2176 3308 XL.
2216 3248 2399 3322 Quod
2423 3249 2607 3306 homo
2633 3243 2805 3301 malo
2840 3242 3246 3315 dominatur,
3283 3257 3433 3299 cum

1956 3355 2132 3414 illud
2161 3356 2384 3432 facere
2420 3354 2706 3410 recusat.

2046 3455 2211 3518 XLI.
2266 3457 2448 3530 Quod
2488 3460 2674 3517 homo
2707 3455 2780 3513 in
2815 3453 3064 3512 caduca
3094 3457 3279 3510 terra
3310 3450 3435 3509 im»

1955 3565 2323 3626 maculatas
2353 3561 2731 3622 mansiones
2763 3557 2985 3617 videre
3031 3572 3162 3613 non
3190 3558 3430 3631 potest,

1959 3672 2096 3730 nisi
2141 3673 2468 3746 quantum
2517 3666 2693 3727 Deus
2740 3663 2849 3723 illi
2886 3661 3249 3740 permittit,
3286 3675 3437 3719 cum

1959 3780 2183 3834 autem
2203 3777 2435 3850 postea
2461 3770 2675 3831 Deum
2708 3765 3100 3840 intuebitur,
3139 3762 3436 3822 omnium

1959 3884 2382 3938 terrenorum
2415 3874 2849 3935 obliviscetur.

2051 3976 2248 4041 XLII.
2293 3979 2476 4053 Quod
2509 3978 2685 4039 Deus
2717 3977 2978 4037 diversa
3005 3970 3335 4033 miracula
3359 3971 3435 4031 in

1965 4090 2145 4148 omni
2177 4092 2390 4146 aetate
2422 4084 2661 4144 mundi
2694 4080 3002 4141 ostendit.

2052 4189 2280 4253 XLIII.
2306 4190 2488 4264 Quod
2506 4190 2865 4266 prophetae
2891 4180 3214 4262 quaedam
3236 4179 3438 4239 mira-

1967 4299 2120 4360 cula
2150 4296 2477 4368 videbant,
2512 4293 2835 4371 quaedam
2866 4307 3020 4348 non.
3121 4346 3125 4350 ,

2056 4398 2277 4460 XLIV.
2334 4388 2515 4472 Quod
2547 4398 2758 4456 omnis
2793 4398 3101 4455 creatura
3130 4395 3193 4450 et
3228 4392 3441 4448 aeter-

1971 4525 2062 4566 na
2097 4508 2229 4566 vita
2258 4525 2341 4564 ex
2378 4504 2509 4565 Deo
2544 4508 2659 4562 est.

2059 4591 2248 4655 XLV.
2267 4594 2448 4668 Quod
2460 4593 2730 4670 quidam
2746 4588 3024 4666 maliqni
3042 4586 3317 4663 spiritus
3335 4584 3443 4642 ho-

1968 4703 2182 4760 mines
2208 4699 2511 4778 decipere
2537 4714 2668 4757 non
2688 4697 2987 4774 possunt,
3016 4689 3150 4750 nisi
3168 4706 3295 4765 per
3320 4685 3443 4747 ali-

1973 4824 2172 4884 quam
2198 4806 2635 4865 ostensionem
2653 4801 2832 4860 velut
2866 4798 3171 4860 coelestes
3205 4794 3338 4852 sint
3369 4783 3439 4869 ⁵).

1956 5087 2173 5161 aaudia
2206 5083 2300 5141 W.
2331 5112 2401 5124 —
2423 5083 2468 5150 ⁵)
2504 5033 2734 5138 Prolixs
2770 5075 3020 5150 capitula
3056 5063 3462 5130 commentario

1962 5168 2329 5243 sequentium
2357 5167 2473 5224 sere
2500 5163 2845 5222 inserviunt.
