4036 6117
709 483 837 544 130
1857 503 1909 549 s.
1973 501 2507 550 nxnnEcARms

729 616 833 676 57.
887 615 967 676 Et
997 631 1154 676 ecce
1189 615 1323 677 vidi
1359 618 1742 693 praedictae
1779 620 2231 680 multitudinis
2262 621 2435 681 alios
2469 622 2751 697 spiritus
2778 621 2898 699 qui
2932 623 3476 686 vociferabantur
3507 623 3735 687 dicen-

640 726 762 779 tes:
799 720 959 791 Quis
993 723 1097 781 est
1127 720 1481 781 Dominus?
1515 721 1779 782 Lucifer
1810 722 2131 784 Dominus
2163 731 2291 800 est,
2328 731 2395 785 et
2423 726 2597 786 alius
2630 742 2762 786 non
2794 733 2920 787 est.
2952 727 3032 788 Et
3060 729 3174 789 isti
3200 730 3579 806 superbiam
3618 729 3737 789 ho·-

637 825 928 885 minibus
958 825 1444 901 demonstrant,
1480 832 1547 885 et
1581 833 1655 886 ut
1687 843 1760 886 se
1793 828 1947 888 aliis
1980 830 2489 890 excellentiores
2521 845 2672 891 esse
2704 831 3088 892 existiment
3119 833 3220 891 eis
3253 832 3680 909 persuadent.

2082 1053 2290 1115 XLVI.

1515 1246 1608 1310 De
1663 1248 2093 1328 superborum
2136 1244 2372 1328 poenis
2414 1253 2846 1330 purqatoriiS.

720 1463 827 1525 58.
867 1464 944 1523 Et
977 1462 1114 1522 vidi
1151 1461 1514 1521 maximum
1551 1459 1792 1536 ignem,
1830 1460 1945 1536 qui
1980 1464 2162 1519 totus
2197 1458 2569 1521 fortissimo
2602 1459 2842 1521 ardore
2877 1459 3179 1536 ardebat,
3214 1463 3282 1522 et
3317 1461 3380 1521 in
3414 1477 3547 1538 quo
3582 1477 3726 1521 ma·

630 1584 912 1644 gnorum
961 1571 1029 1625 et
1063 1565 1487 1625 horribilium
1535 1564 1866 1623 vermium
1899 1564 2257 1624 multitudo
2304 1570 2469 1624 erat.
2507 1565 2580 1624 In
2631 1564 2779 1640 igne
2812 1571 3035 1625 autem
3087 1566 3219 1625 isto
3260 1566 3526 1626 animae
3572 1565 3725 1625 illo-

633 1690 780 1732 rum
814 1671 1281 1748 puniebantur,
1319 1670 1448 1746 qui'
1469 1669 1940 1728 exaltationem
1977 1667 2334 1743 superbiae
2371 1667 2565 1728 factis
2600 1674 2667 1728 et
2699 1667 2898 1730 dictis
2932 1671 2998 1730 in
3032 1686 3104 1729 se
3139 1669 3529 1745 habuerant,
3563 1671 3723 1731 dum

637 1780 700 1839 in
738 1778 1007 1839 saeculo
1061 1776 1366 1836 fuissent.
1402 1774 1682 1850 Propter
1730 1771 2118 1848 superbiam
2151 1773 2397 1849 quippe
2449 1773 2515 1833 in
2548 1773 2700 1850 igne
2738 1774 2891 1848 isto,
2926 1779 2994 1834 et
3025 1778 3300 1851 propter
3325 1775 3721 1851 Jactantiam

630 1900 666 1942 a
699 1882 1045 1942 vermibus
1079 1880 1195 1956 qui
1230 1880 1297 1939 in
1330 1895 1409 1938 eo
1445 1882 1659 1953 erant,
1696 1876 2189 1953 affligebantur.

2052 2096 2290 2160 XLVII.

1688 2296 1781 2355 De
1825 2295 2243 2371 poenitentia
2298 2291 2663 2370 superbiae.

712 2513 819 2572 59.
870 2513 950 2570 Et
985 2509 1120 2569 vidi
1168 2515 1235 2568 et
1269 2506 1561 2568 intellexi
1613 2505 1796 2565 haec.
1831 2505 1911 2564 Et
1942 2504 2025 2564 de
2073 2503 2378 2581 praefata
2410 2504 2677 2565 vivente
2727 2505 2873 2564 luce
2919 2506 3160 2564 iterum
3209 2505 3435 2565 audivi
3484 2519 3717 2567 vocem

627 2616 790 2676 mihi
823 2615 1176 2675 dicentem:
1212 2611 1391 2672 Haec
1424 2624 1596 2686 quae
1629 2609 1818 2668 vides
1849 2624 2012 2668 vera
2061 2612 2236 2667 sunt.
2274 2607 2400 2667 Sed
2436 2607 2740 2668 homines
2775 2608 2889 2684 qui
2926 2609 3256 2684 malignos
3289 2610 3572 2684 spiritus
3605 2626 3717 2670 su-

621 2721 921 2798 perbiam
957 2719 1085 2778 sibi
1121 2717 1513 2793 objicientes
1538 2707 1608 2793 ¹),
1647 2711 2027 2773 studuerint
2074 2711 2452 2786 devincere,
2489 2717 2555 2771 et
2590 2728 2839 2787 poenas
2883 2714 3138 2774 eisdem
3174 2715 3357 2775 vitiis
3391 2714 3711 2790 effugere,

622 2825 842 2885 cilicio
876 2830 943 2883 et
976 2823 1224 2882 flexura
1259 2834 1547 2896 genuum
1587 2834 1663 2878 ac
1699 2817 2117 2890 verberibuS‚
2156 2816 2471 2892 suspiriis
2503 2822 2570 2875 et
2605 2817 2904 2878 lacrimis
2938 2834 3183 2895 corpus
3217 2836 3413 2880 suum
3446 2821 3721 2880 doment

621 2938 688 2992 et
722 2930 1072 3003 castigent.

2027 3036 2308 3103 XLVIII.

1965 3234 2059 3296 De
2118 3236 2363 3295 eodem.

707 3455 813 3514 60.
866 3453 1026 3513 Cum
1063 3451 1196 3510 ista
1245 3464 1531 3525 namque
1582 3446 1943 3506 afflictione
1979 3445 2296 3520 superbia
2331 3443 2397 3504 in
2431 3444 2697 3505 homine
2746 3450 3126 3520 superatur;
3164 3442 3329 3505 haec
3377 3444 3549 3504 enim
3588 3460 3711 3519 pu-

619 3577 747 3637 gna
781 3563 1013 3619 contra
1064 3553 1448 3629 superbiam
1481 3557 1605 3612 est.
1659 3550 1966 3612 Cilicium
2001 3551 2253 3626 quippe
2299 3549 2657 3609 elationem
2692 3549 2936 3608 mentis
2973 3549 3321 3623 insurgere
3369 3548 3707 3623 prohibet;

620 3664 814 3726 flexio
849 3676 1115 3738 quoque
1150 3674 1439 3735 genuum
1472 3657 1553 3716 ad
1593 3655 1886 3731 suspiria
1920 3655 2215 3714 animum
2253 3654 2550 3730 instigat;
2588 3653 2869 3714 verbera
2900 3654 3104 3714 etiam
3139 3654 3521 3731 superbiam
3554 3669 3712 3714 con-

617 3769 978 3843 stringunt,
1019 3763 1313 3837 suspiria
1344 3776 1491 3821 eam
1528 3760 1882 3819 vulnerant
1909 3755 1986 3839 ²),
2015 3761 2083 3818 et
2109 3759 2427 3818 lacrimae
2460 3774 2605 3817 eam
2635 3757 3091 3833 submergunt:
3119 3758 3483 3834 suspirium
3518 3758 3712 3835 quip-

616 3889 696 3950 pe
730 3871 935 3931 Deum
972 3869 1177 3942 videt,
1216 3866 1490 3926 lacrima
1525 3868 1747 3923 autem
1783 3864 2003 3938 ipsum
2038 3862 2411 3923 confitetur.

2007 4084 2309 4145 XLVIlII.

1678 4278 1999 4357 Superbia
2044 4286 2260 4338 mater
2304 4281 2638 4339 vitiorum.

699 4495 805 4555 61.
856 4494 964 4553 Sic
1012 4490 1327 4569 superbia
1375 4487 1877 4564 comprimenda
1924 4490 2049 4548 est.
2085 4487 2410 4563 Superbia
2458 4502 2744 4562 namque
2782 4488 2998 4561 prima
3027 4486 3334 4564 deceptio
3365 4493 3490 4563 est,
3527 4504 3704 4564 quae

608 4600 816 4659 Deum
864 4598 1146 4674 respuit,
1197 4594 1369 4654 unde
1403 4599 1471 4653 et
1504 4599 1719 4653 mater
1752 4592 2050 4652 omnium
2091 4591 2407 4651 vitiorum
2458 4591 2705 4651 existit.
2755 4591 2835 4650 Et
2868 4593 3043 4652 sicut
3075 4592 3272 4653 homo
3306 4599 3522 4654 totum
3554 4610 3705 4654 cor-

609 4722 733 4781 pus
782 4720 977 4763 suum
1026 4702 1318 4778 quinque
1369 4698 1680 4760 sensibus
1729 4698 1924 4772 regit,
1977 4698 2073 4756 ita
2119 4703 2187 4755 et
2221 4696 2536 4772 superbia
2583 4696 2985 4772 quibusdam
3030 4698 3217 4757 vitiis
3252 4700 3511 4760 scilicet
3544 4698 3702 4761 odio

606 4815 672 4866 et
711 4806 1161 4867 inobedientia
1192 4811 1259 4864 et
1294 4803 1473 4863 inani
1505 4801 1720 4877 gloria
1746 4791 1826 4860 ac
1853 4800 2123 4861 fallacia
2145 4794 2221 4879 ³),
2250 4815 2443 4859 omne
2469 4815 2679 4875 genus
2704 4800 3024 4860 vitiorum
3050 4802 3177 4862 sibi
3205 4803 3507 4877 attrahit,
3534 4805 3603 4863 et
3633 4803 3706 4864 in

604 4927 903 4973 errorem
953 4910 1178 4970 mittit.
1214 4908 1377 4968 Nam
1429 4905 1744 4981 superbia
1779 4920 1982 4980 supra
2029 4902 2237 4963 Deum
2274 4903 2636 4963 ascendere
2685 4905 2920 4979 voluit,
2973 4906 3232 4980 etquid
3281 4907 3703 4983 possibilitas

605 5018 751 5093 ejus
791 5015 1008 5075 facere
1059 5015 1309 5090 posset,
1349 5010 1653 5083 tentavit;
1706 5008 1930 5068 odium
1965 5013 2189 5068 autem
2222 5007 2427 5067 Deum
2464 5008 2764 5068 confiteri
2801 5008 3032 5084 noluit,
3078 5008 3193 5069 sed
3225 5012 3458 5070 contra
3502 5010 3703 5084 justi-

679 5171 720 5235 ¹)
746 5169 1133 5241 abjicientibus
1159 5166 1248 5221 W.
1282 5196 1349 5205 —-
1373 5165 1418 5231 2)
1445 5163 1715 5219 vulnerat.
1749 5162 1817 5224 Α,
1845 5168 1894 5216 et
1920 5160 2191 5231 lacrymae
2216 5160 2373 5216 illam
2399 5161 2488 5216 W.
2522 5191 2587 5203 -
2611 5161 2654 5227 ³)
2682 5160 2965 5227 Quintum
2996 5161 3202 5216 vitium
3235 5167 3595 5236 expectatur.
