4036 6117
733 465 862 526 266
1878 488 1930 531 s.
1983 488 2540 537 ninneoannis

661 607 944 677 utraque
994 610 1206 678 parte,
1248 604 1339 663 ita
1388 610 1460 663 ut
1496 621 1764 664 carnem
1816 622 2032 665 meam
2068 614 2181 667 tuo
2232 609 2671 670 medicamine
2706 613 2977 686 tangas,
3029 615 3191 673 etin
3244 619 3355 674 tua
3407 614 3750 675 viriditate

660 721 808 764 cum
844 706 1250 768 discretione
1289 725 1505 768 sanes.

747 810 916 868 Nam
952 819 1010 868 et
1065 828 1176 887 eqo
1208 814 1395 871 homo
1444 831 1614 887 sum,
1652 813 1912 874 scilicet
1946 819 2281 891 operator,
2319 817 2433 876 sub
2464 824 2787 894 potestate
2823 820 3317 896 rationalitatis,
3351 821 3601 883 habens
3636 818 3752 879 sub

653 930 757 971 me
791 915 1062 986 milites,
1100 914 1414 975 videlicet
1445 917 1962 990 possibilitatem
2000 920 2342 995 operandi,
2380 927 2440 979 et
2491 923 2633 982 dico
2668 922 3055 982 discernens
3088 928 3265 986 huic:
3311 925 3503 1000 Vade,
3539 924 3611 984 id
3646 925 3751 983 est

655 1019 892 1078 vitium
925 1034 1131 1079 unum
1180 1021 1508 1096 relinquo,
1545 1027 1606 1079 et
1657 1022 1858 1096 vadit,
1902 1023 1992 1081 ita
2042 1024 2216 1100 quod
2254 1025 2417 1084 illud
2467 1026 2643 1101 nolo;
2695 1033 2756 1086 et
2805 1028 2954 1087 alii:
3011 1028 3193 1104 Veni,
3244 1029 3422 1105 quod
3471 1044 3650 1102 amo,
3686 1035 3751 1087 et

652 1124 829 1182 venit
867 1124 1327 1199 amplectendo
1379 1141 1505 1199 me,
1543 1133 1602 1185 et
1654 1145 1836 1185 servo
1868 1146 2034 1201 meo,
2087 1129 2345 1188 scilicet
2378 1137 2673 1205 peccato:
2728 1131 2857 1191 Fac
2890 1136 3028 1207 hoc,
3065 1134 3345 1193 ostendo
3389 1133 3450 1192 ei
3485 1132 3646 1205 alia,
3683 1136 3749 1189 et

648 1232 812 1306 facit
865 1229 1196 1307 implendo
1245 1247 1324 1290 ea
1373 1246 1543 1307 quae
1593 1233 1764 1291 volo.
1817 1232 2034 1306 Unde,
2089 1250 2125 1293 o
2176 1235 2434 1310 anima,
2487 1252 2688 1311 parce
2738 1236 2901 1296 mibi
2966 1243 3031 1297 et
3066 1238 3213 1313 tibi,
3262 1244 3332 1298 et
3378 1253 3529 1297 cum
3578 1250 3749 1313 pace

651 1336 926 1395 erimuS.

739 1443 1034 1503 Audiens
1068 1449 1313 1515 autem,
1353 1442 1417 1501 id
1450 1448 1554 1501 est
1593 1442 1969 1516 intelligens
2004 1445 2223 1513 Jesus,
2260 1447 2539 1503 miratus
2573 1451 2693 1519 cst,
2732 1446 2991 1505 scilicet
3040 1446 3262 1505 anima
3294 1444 3641 1518 exterrita,
3678 1447 3746 1501 et

652 1546 1068 1622 sequentibus
1106 1566 1170 1604 se
1206 1545 1465 1605 viribus
1502 1546 1644 1605 suis
1679 1547 1879 1605 dixit:
1918 1548 2128 1606 Amen
2164 1548 2306 1607 dico
2337 1546 2507 1606 vobis
2543 1549 2607 1608 in
2643 1549 2926 1608 veritate
2960 1548 3351 1625 sapientiae,
3404 1563 3573 1624 quae
3608 1552 3747 1606 ter-

658 1668 816 1712 rena
848 1658 915 1710 et
962 1652 1282 1710 coelestia
1317 1651 1383 1710 in
1432 1651 1846 1726 amplexione
1883 1651 2104 1725 habet,
2141 1670 2272 1711 non
2304 1654 2532 1712 inveni
2582 1654 2943 1713 scrutando
2990 1659 3246 1713 tantam
3278 1654 3499 1732 fidem,
3534 1652 3598 1711 id
3635 1652 3747 1711 est

647 1758 1244 1829 temperamentum
1294 1757 1366 1813 in
1416 1753 1812 1829 Jerusalem,
1866 1756 2126 1813 scilicet
2180 1756 2240 1814 in
2274 1756 2627 1815 altitudine
2676 1758 3124 1831 austeritatiS,
3173 1757 3239 1816 in
3273 1773 3405 1832 qua
3440 1772 3612 1830 sum,
3668 1756 3745 1815 ut

643 1859 876 1918 clavus
911 1859 1121 1934 quiin
1154 1859 1288 1917 alto
1325 1859 1586 1933 positus
1611 1863 1739 1932 est,
1769 1854 1813 1936 ¹)
1852 1859 1944 1917 ita
1968 1861 2044 1918 ut
2077 1859 2258 1918 carni
2295 1875 2570 1934 parcere
2606 1876 2735 1918 non
2769 1860 3048 1935 possim,
3086 1861 3400 1936 quoniam
3429 1859 3737 1935 spiracu-

642 1963 778 2021 lum
828 1979 978 2022 sum
1036 1980 1074 2022 a
1122 1962 1254 2022 Deo
1306 1964 1601 2034 venienS,
1655 1961 1771 2020 sed
1832 1962 2161 2036 sapientia
2210 1963 2429 2023 omnia
2488 1962 2654 2023 haec
2704 1969 3059 2040 temperat,
3111 1969 3184 2023 ut
3233 1964 3557 2039 scriptum
3605 1966 3736 2022 est:

649 2084 680 2122 <t
720 2064 1056 2141 Sapientia
1092 2064 1396 2125 clamitat
1430 2065 1495 2124 in
1530 2065 1791 2139 plateiS.
1827 2062 1876 2142 ²)
1920 2082 1951 2121 ι»

733 2171 887 2230 Dico
935 2176 1160 2228 autem
1193 2167 1364 2228 vobis
1401 2168 1786 2242 asserendo,
1825 2168 1998 2245 quod
2030 2168 2230 2228 multi
2266 2170 2331 2227 in
2365 2168 2753 2242 virtutibuS,
2790 2168 2865 2227 ab
2901 2168 3195 2244 Oriente,
3233 2168 3346 2228 ubi
3382 2168 3447 2227 in
3480 2167 3727 2227 divinis

641 2272 900 2346 ardent,
952 2279 1011 2330 et
1066 2272 1436 2342 Occidente,
1488 2272 1705 2347 quiin
1738 2272 2035 2347 peccatis
2083 2271 2499 2345 ceciderunt,
2541 2272 2632 2331 ita
2681 2277 2754 2330 ut
2790 2272 2900 2330 isti
2948 2271 3133 2332 carni
3169 2271 3724 2345 condescendant,

649 2379 716 2436 et
750 2377 846 2437 illi
896 2394 968 2436 se
1003 2395 1040 2435 a
1074 2377 1260 2436 vitiis
1310 2376 1571 2449 tollant,
1609 2382 1671 2435 et
1720 2375 2098 2435 recumbent
2137 2394 2286 2434 cum
2320 2374 2671 2448 Abraham,
2712 2376 2776 2434 in
2814 2375 2937 2433 fide
2971 2374 3381 2448 obedienteS,
3433 2382 3495 2434 et
3548 2376 3736 2437 Isaac

642 2484 708 2541 in
743 2497 860 2557 spe
908 2481 1296 2556 gaudentes»,
1333 2485 1395 2538 et
1448 2478 1638 2539 Jacob
1670 2478 2024 2538 DIabolum
2058 2477 2454 2553 effugantes,
2490 2481 2565 2538 in
2613 2497 2815 2555 reqno
2851 2479 3202 2552 coelorum,
3242 2478 3305 2537 id
3339 2485 3444 2538 est
3482 2479 3548 2538 in
3580 2495 3735 2539 con-

642 2586 1071 2662 templatione
1119 2584 1256 2644 Dei.
1294 2583 1454 2644 Filii
1504 2589 1728 2643 autem
1760 2586 1972 2659 reyni,
2028 2584 2090 2641 id
2125 2584 2376 2658 estqui
2428 2599 2633 2660 supra
2684 2583 2950 2642 modum
3006 2584 3071 2642 in
3103 2584 3398 2659 peccatis
3433 2583 3725 2659 sordent,

638 2697 705 2750 et
741 2690 1105 2750 secundum
1154 2689 1568 2748 voluntatem
1603 2704 1792 2747 suam
1843 2687 2152 2761 vivendo,
2190 2693 2256 2746 et
2305 2704 2433 2747 non
2485 2687 2846 2746 secundum
2900 2687 3346 2747 obedientiam
3398 2704 3470 2746 se
3521 2687 3728 2747 humi-

641 2794 900 2869 liand0,
953 2791 1306 2867 ejicientur
1340 2793 1622 2868 projecti
1672 2796 1742 2852 in
1779 2794 2079 2852 tenebras
2116 2793 2622 2868 imprudentiae,
2660 2796 3048 2868 exteriores,
3093 2793 3353 2853 scilicet
3403 2794 3603 2853 alieni
3638 2795 3728 2854 lo·

637 2900 722 2973 ci,
761 2899 874 2958 ubi
924 2913 1043 2956 nec
1075 2898 1304 2956 vinum
1339 2896 1730 2971 sapientiae,
1767 2910 1886 2954 nec
1924 2895 2329 2955 frumentum
2362 2896 2790 2955 discretionis
2842 2896 3201 2968 invenient3
3237 2893 3323 2955 ibi
3371 2898 3499 2955 erit
3532 2898 3720 2974 fletus

641 3007 706 3065 in
739 3005 922 3065 nulla
971 3003 1427 3064 consolatione
1461 3002 1880 3077 purgationis
1904 3048 1919 3075 ,
1971 3009 2030 3060 et
2069 3001 2312 3061 stridor
2346 3002 2647 3061 dentium
2672 3047 2687 3076 ‚
2742 3001 2806 3060 id
2841 3007 2942 3061 est
2973 3001 3303 3062 inutilium
3342 3016 3717 3078 causarum,

641 3112 729 3171 ita
765 3116 836 3169 ut
886 3110 976 3169 ibi
1010 3110 1259 3169 nullam
1298 3109 1656 3168 utilitatem
1693 3109 1957 3182 riment,
1997 3109 2111 3167 sed
2148 3114 2406 3168 tantum
2442 3110 2636 3185 quasi
2672 3125 2958 3168 vacuum
3001 3109 3355 3169 stridorem
3392 3110 3717 3169 emittant.

724 3214 806 3274 Et
854 3213 1025 3272 dimit
1061 3212 1273 3285 Jesus,
1327 3211 1588 3271 scilicet
1621 3211 1864 3285 anima,
1907 3212 2317 3284 centurioni,
2355 3211 2668 3270 videlicet
2717 3211 3008 3286 quinque
3061 3211 3390 3272 sensibus:
3439 3212 3606 3272 Vade
3637 3212 3716 3271 ad

634 3317 950 3392 quietem,
1003 3322 1062 3374 et
1102 3318 1268 3374 sicut
1318 3315 1662 3398 credidisti
1697 3314 2003 3388 volend0,
2043 3314 2205 3374 mihi
2239 3314 2746 3390 praecipiendo,
2799 3320 2866 3373 et
2910 3331 3013 3374 me
3056 3315 3382 3390 docend0,
3433 3316 3545 3394 fiat
3582 3314 3713 3391 tibi,

636 3422 696 3480 id
743 3428 846 3481 est
894 3421 975 3480 ad
1025 3421 1499 3479 discretionem
1551 3421 1670 3479 tibi
1721 3420 2024 3494 subjecta
2075 3436 2210 3478 ero.
2264 3421 2346 3479 Et
2399 3426 2671 3478 sanatus
2721 3426 2815 3477 est
2868 3419 2931 3478 in
2981 3420 3204 3495 quiete
3230 3438 3426 3496 puer,
3466 3421 3718 3479 scilicet

634 3524 912 3582 scientia
948 3523 1259 3596 hominiS,
1298 3526 1368 3581 in
1403 3523 1526 3581 illa
1557 3526 1738 3595 hora,
1778 3522 1902 3581 boc
1937 3523 2132 3581 modo
2172 3525 2537 3597 temperata
2573 3538 2723 3580 cum
2758 3522 3185 3581 discretionis
3226 3522 3577 3598 adjutorio⁸

2072 3851 2275 3956 IX.

1565 4090 1642 4148 In
1691 4092 1858 4166 festo
1910 4091 2403 4168 Purificationis
2456 4091 2531 4148 B.
2587 4089 2668 4148 Μ.
2730 4087 2790 4146 V.

2148 4314 2195 4372 1.

709 4545 1067 4618 Postquam
1103 4540 1363 4614 impleti
1412 4545 1565 4596 sunt
1602 4533 1649 4614 ³)
1691 4539 1754 4596 in
1790 4539 2391 4609 consummatione,
2443 4538 2607 4610 dieS,
2660 4537 2920 4595 scilicet
2963 4532 3428 4595 solemnitates
3470 4552 3710 4611 purya-

619 4650 839 4720 tionis,
878 4646 989 4705 ubi
1027 4650 1220 4703 vetus
1257 4642 1669 4702 consuetudo
1709 4643 1771 4701 in
1809 4643 2050 4702 melius
2086 4647 2342 4701 mutata
2376 4647 2504 4714 est,
2544 4643 2818 4714 Mariae,
2857 4639 3170 4699 videlicet
3202 4639 3451 4698 veteris
3485 4639 3710 4699 Testa·-

615 4752 844 4822 menti,
896 4750 1260 4809 secundum
1299 4749 1557 4823 Leqem,
1598 4746 1660 4804 id
1696 4753 1800 4806 est
1835 4747 2366 4822 inspirationem,
2408 4748 2639 4823 Moysi,
2676 4746 2935 4804 scilicet
2967 4744 3444 4821 prophetarum
3485 4744 3599 4819 qui
3631 4742 3712 4802 de

611 4856 968 4930 Evangelio
1006 4852 1469 4928 loquebantur.
1507 4851 1828 4921 Quoniam
1868 4858 1939 4909 ut
1978 4852 2218 4909 mulier
2252 4857 2405 4926 post
2441 4857 2704 4924 partum
2741 4851 2805 4908 in
2840 4849 3107 4909 silentio
3142 4855 3265 4921 est,
3304 4862 3518 4923 usque
3552 4847 3708 4907 dum

612 4960 932 5019 infantem
967 4957 1050 5015 ad
1102 4956 1424 5030 templum
1471 4953 1731 5027 offerat,
1771 4955 1868 5013 sic
1902 4960 2097 5013 vetus
2148 4955 2648 5013 Testamentum
2684 4954 2747 5011 in
2784 4953 3043 5012 occulto
3094 4952 3313 5026 latuit,
3367 4967 3581 5027 usque
3624 4951 3704 5010 ad

687 5146 728 5212 ¹)
761 5147 940 5202 Ecclc.
974 5144 1104 5205 xli,
1140 5149 1220 5197 11.
1257 5173 1320 5181 -
1349 5143 1392 5207 2)
1423 5141 1583 5195 Prov.
1620 5147 1670 5203 1.
1699 5145 1785 5197 2¹.
1824 5171 1885 5180 -—-
1911 5140 1955 5204 ³)
1982 5141 2115 5195 Luc.
2149 5139 2225 5201 u,
2254 5142 2321 5191 22
2348 5171 2365 5178 -
2395 5143 2478 5193 32.
