4036 6117
1586 489 2056 539 emsa-onas.
3181 474 3310 539 381

380 615 477 677 Tu
512 621 733 677 autem
769 614 1331 692 gloriosissimum
1370 615 1662 692 hortum,
1696 633 1897 693 quem
1930 615 2229 676 charitas
2262 615 2613 692 plantavit,
2648 617 2898 694 aspice,
2922 622 2994 678 et
3016 631 3379 694 numquam

286 719 612 780 virtutem
664 721 731 779 in
766 735 927 786 vera
975 719 1355 781 humilitate
1386 727 1456 780 et
1504 720 1935 797 simplicitate
1968 721 2195 780 cordis
2243 721 2328 781 ad
2361 727 2426 780 te
2472 721 2734 797 collige:
2768 728 2837 784 et
2870 723 3028 784 licet
3060 724 3234 784 inter
3265 721 3384 783 ho-

293 823 509 882 mines
531 870 548 897 ,
601 823 825 883 varias
863 830 1123 884 mentes
1170 826 1239 886 et
1268 824 1538 885 diversa
1585 824 1811 885 studia
1843 824 2170 885 habentes
2192 871 2209 899 ,
2260 824 2670 886 constitutus
2705 826 2826 902 sie,
2858 821 2906 907 ¹)
2939 825 3127 887 disce
3157 831 3385 886 tamen

288 927 604 1001 quoniam
655 927 1129 1002 longanimiter
1161 935 1229 988 et
1276 929 1610 1004 patienter
1640 943 1875 988 omnes
1923 944 2047 989 nos
2079 927 2308 988 divina
2354 928 2620 988 bonitas
2653 930 2918 991 tolerat.
2953 930 3134 1005 Fuge
3168 929 3377 990 etiam

289 1027 806 1090 inconstantiam
856 1032 1031 1107 pigri
1080 1032 1284 1106 servi,
1331 1033 1450 1108 qui
1499 1032 1698 1093 hodie
1745 1033 1859 1092 uni
1915 1032 2225 1106 domino,
2280 1048 2435 1093 cras
2480 1033 2680 1094 alteri
2738 1033 2983 1108 servit;
3041 1034 3111 1093 et
3156 1031 3380 1108 gladio

284 1133 477 1192 verbi
526 1133 644 1193 Dei
693 1135 986 1195 viriliter
1032 1136 1421 1211 accingere,
1470 1137 1774 1213 exemplo
1827 1135 2357 1197 fortissimorum
2405 1135 2729 1210 militum,
2774 1136 2895 1212 qui
2940 1136 3189 1195 lectum
3232 1132 3381 1193 veri

287 1235 660 1298 Salomonis
708 1239 1083 1300 ambientes
1116 1241 1526 1315 custodiunt;
1580 1241 1826 1301 mentis
1858 1255 2124 1317 quoque
2159 1242 2314 1301 tuae
2342 1240 2826 1315 sinceritatem,
2861 1253 3016 1300 cum
3046 1237 3385 1314 vigilanti-

288 1338 415 1398 bus
449 1341 688 1416 oculiS,
723 1342 857 1402 Deo
890 1344 1363 1421 omnipotenti,
1400 1358 1481 1404 ne
1531 1345 1600 1404 in
1629 1344 1833 1405 dubio
1881 1343 2176 1405 dormire
2211 1345 2527 1421 incipiaS,
2579 1346 2825 1405 iterum
2852 1341 3266 1404 commenda.
3300 1342 3383 1401 Et

288 1449 436 1503 esto
487 1445 739 1520 probus
770 1449 839 1507 et
870 1446 1157 1508 dilectus
1189 1448 1497 1523 agonista
1525 1445 1577 1527 2)
1614 1449 1757 1508 veri
1791 1447 2192 1519 Salomonis,
2227 1465 2429 1525 quem
2460 1465 2581 1525 pro
2615 1449 2902 1510 victoria
2947 1446 3379 1524 quotidianae

286 1564 550 1625 pugnae
583 1550 806 1626 diligit
839 1558 906 1612 et
939 1558 1234 1613 coronat.
1272 1552 1558 1630 Spiritus
1591 1551 1874 1613 Sanctus
1909 1553 2060 1628 igne
2095 1554 2200 1614 sui
2232 1554 2484 1614 amoris
2516 1555 2580 1614 te
2610 1551 2957 1627 accendat,
2991 1556 3066 1612 ut
3099 1551 3167 1611 in
3198 1564 3380 1610 amo-

289 1671 362 1716 re
411 1658 675 1718 servitii
722 1659 828 1718 sui
878 1659 1262 1719 indeficiens
1309 1674 1748 1735 persevere5‚
1798 1664 2130 1734 quatenus
2178 1660 2377 1719 vivus
2426 1660 2597 1734 lapis
2642 1657 2959 1720 coelestis
3000 1655 3375 1717 Jerusalem

294 1761 692 1838 quandoque
723 1763 868 1822 fieri
902 1763 1244 1824 merearis,
1275 1757 1328 1842 ⁸)

379 1863 473 1923 De
522 1866 1028 1940 quaestionibus
1062 1882 1245 1940 vem,
1281 1883 1451 1944 quas
1481 1867 1649 1927 mihi
1679 1867 2040 1928 solvendas
2073 1867 2346 1943 misisti,
2383 1867 2467 1928 ad
2499 1883 2730 1928 verum
2762 1866 3015 1927 Lumen
3045 1861 3383 1940 prospexi,

289 1968 654 2029 obsecrans
705 1978 777 2031 ut
803 1971 893 2034 de
942 1971 1160 2032 rivulo
1208 1972 1349 2032 vivi
1399 1971 1601 2032 fontis
1635 1971 1717 2031 ad
1765 1971 2123 2032 bibendum
2159 1972 2244 2035 ab
2291 1973 2438 2050 ipso
2474 1972 2638 2034 mihi
2668 1972 2993 2046 ⁴daret*ur;
3044 1973 3380 2045 quatenus

290 2072 556 2148 aliquas
591 2074 961 2134 solutiones
996 2075 1461 2150 rescriberem,
1495 2071 1542 2154 ⁴)
1581 2077 1894 2151 quamvis
1936 2076 2325 2138 infirmitate
2370 2076 2677 2154 corporis
2724 2075 2857 2136 mei
2904 2086 3118 2149 usque
3165 2069 3385 2131 adhue

292 2174 632 2251 laborem,
681 2183 749 2236 et
795 2195 834 2237 a
867 2178 1167 2239 lacrimis
1214 2179 1460 2239 nedum
1495 2182 1872 2258 temperare
1918 2183 2208 2254 valeam,
2254 2182 2569 2259 quoniam
2618 2181 2930 2242 baculum
2978 2175 3382 2239 consolatio-

291 2278 398 2337 nis
432 2295 619 2339 meae
653 2297 784 2341 non
817 2280 1050 2344 habeo.
1081 2283 1244 2343 Cum
1279 2291 1502 2345 tamen
1547 2301 1859 2361 magnum
1908 2286 2226 2361 gaudium
2260 2286 2340 2346 de
2372 2287 2595 2347 anima
2629 2286 2842 2363 ipsius
2874 2283 3182 2358 habeam,
3218 2296 3383 2357 quo-

289 2382 469 2441 niam
517 2383 598 2442 de
633 2386 935 2446 mercede
983 2386 1130 2463 ejus
1166 2404 1405 2449 secura
1451 2406 1626 2465 sum,
1662 2396 1730 2450 et
1773 2390 1933 2450 licet
1967 2396 2178 2466 tanto,
2225 2392 2298 2451 ut
2326 2391 2488 2467 dixi,
2524 2391 2765 2453 solatio
2797 2391 3146 2464 destituta,
3176 2392 3250 2447 et
3278 2384 3383 2446 di-

292 2487 652 2561 sponendis
701 2492 1091 2552 monasterii
1132 2493 1349 2554 nostri
1396 2494 1804 2554 utilitatibus
1851 2501 2180 2572 occupata
2226 2496 2383 2571 sim,
2419 2502 2646 2557 tamen
2686 2500 3018 2574 quantum
3063 2507 3183 2572 per
3227 2504 3376 2568 gra-

290 2590 454 2652 tiam
486 2592 604 2655 Dei
631 2611 936 2672 possum,
973 2597 1042 2659 in
1065 2597 1391 2673 praefatis
1421 2598 1935 2676 quaestionibus
1968 2599 2332 2662 enodandis
2365 2599 2617 2662 labor0.

1755 2835 1924 2901 XVI.

1100 3062 1489 3143 Hildeqardi
1539 3062 1891 3125 Guibertus
1941 3064 2448 3127 GemblacensiS.
2494 3060 2544 3144 ⁶)

295 3257 589 3324 Quomodo
613 3266 836 3333 recepta
871 3261 1237 3333 Hildegardis
1272 3265 1510 3337 epistola
1538 3266 1734 3332 fuerit,
1771 3267 2055 3339 quomodo
2108 3270 2253 3325 lecta
2288 3268 2619 3327 aGuiberto
2643 3275 2703 3326 et
2725 3284 2858 3326 cum
2896 3268 3098 3325 multis
3121 3280 3370 3324 cummu-

367 3344 577 3481 tliicata.
616 3346 860 3488 singililis
896 3363 1055 3403 suam
1093 3350 1435 3407 sententiam
1474 3352 1888 3425 promentibus,
1929 3352 2054 3411 fuse
2088 3354 2417 3426 exponitur,
2453 3368 2811 3428 quocumque
2849 3353 3077 3412 tandem
3116 3356 3371 3426 tempore

397 3437 546 3487 uerit
571 3431 755 3505 episto
781 3449 811 3488 a
836 3439 1081 3507 recepta.

1603 3632 1756 3691 Fert.
1789 3650 1845 3691 a.
1882 3635 2060 3691 1177.

387 3833 826 3901 Serenissimo
860 3840 1023 3903 mihi
1056 3857 1321 3918 semper
1353 3842 1601 3904 affectu
1631 3845 2098 3923 suscipiendae
2146 3852 2213 3908 et
2244 3846 2553 3910 dominae
2598 3854 2666 3909 et
2697 3847 2899 3911 matri
2947 3862 3135 3908 meae
3181 3845 3259 3907 H.
3295 3845 3371 3908 G.

298 3952 487 4015 sum,
523 3956 876 4017 perennem
928 3951 996 4005 et
1039 3948 1284 4007 mentis
1329 3954 1398 4008 et
1430 3950 1735 4026 corporis
1768 3969 1807 4012 a
1851 3951 1986 4014 Deo
2030 3953 2430 4014 salutarium
2461 3958 2850 4015 nostrorum
2890 3953 3174 4014 salutem
3206 3933 3375 4011 obti-

297 4059 476 4106 nere.

385 4149 459 4209 In
492 4150 762 4228 litterIS,
799 4170 968 4231 quas
1002 4154 1086 4216 ad
1117 4156 1554 4218 beatitudinis
1587 4165 1742 4219 tuae
1773 4159 2229 4236 dignationem
2277 4163 2529 4238 primas
2576 4161 2813 4236 direxi,
2847 4176 3000 4221 cum
3045 4156 3376 4235 quaedam

296 4253 418 4313 abs
451 4261 515 4315 te
548 4260 929 4332 quaerenda
957 4262 1070 4321 ‘vel
1105 4262 1226 4322 tibi
1279 4262 1644 4325 intimanda
1677 4281 2140 4343 proponerem,
2190 4284 2393 4343 super
2439 4267 2684 4344 quibus
2732 4268 3134 4344 rescriptum
3180 4271 3371 4326 tuum

296 4355 758 4421 desiderabam
807 4364 1113 4425 absolute
1161 4368 1602 4443 pronuntiari,
1651 4370 1903 4430 nullam
1939 4370 2102 4429 mihi
2137 4370 2220 4431 ad
2253 4378 2318 4432 te
2350 4372 2816 4449 proficiscendi
2848 4372 3144 4449 aliquam
3182 4385 3376 4447 spem

300 4453 499 4545 [dixi]
536 4473 912 4540 suppetere.
944 4464 992 4548 ⁶)
1043 4470 1228 4543 Quod
1261 4473 1495 4549 utique
1529 4480 1666 4533 tam
1699 4474 1894 4550 nude,
1932 4474 2059 4536 hoc
2091 4483 2196 4537 est
2229 4477 2374 4538 sine
2404 4477 2696 4555 aiicujus
2728 4477 3050 4554 honestae
3095 4492 3375 4538 excusa-

371 4709 414 4776 ¹)
437 4717 489 4767 et
513 4714 636 4769 licet
662 4717 802 4771 inter
824 4721 1016 4773 varias
1035 4720 1313 4777 hominum
1330 4729 1521 4779 mentes
1535 4727 1793 4779 nomita-
1880 4722 2195 4795 positarum
2231 4725 2652 4796 quaestionum,
2686 4742 2829 4799 quae
2854 4725 3004 4783 infra
3030 4724 3367 4781 referentur.

298 4804 388 4853 tus
423 4802 499 4854 sis
534 4798 655 4856 edd.
693 4831 762 4840 —
784 4801 834 4867 2)
862 4804 1089 4860 dilectus
1111 4807 1263 4862 miles
1289 4806 1367 4863 ib.
1399 4838 1468 4848 -·-
1490 4805 1536 4873 ³)
1564 4808 1793 4864 Caetera
1880 4810 2098 4884 Operae
2124 4811 2371 4883 pretium
2399 4820 2547 4871 esset
2573 4830 2802 4871 noscere
2824 4814 2973 4869 diem
2996 4811 3190 4868 obitus
3209 4810 3373 4865 Prae-

305 4898 448 4938 nova
468 4884 878 4957 omninoJSunn
901 4903 1046 4958 quae
1066 4891 1258 4946 omnia
1286 4892 1565 4965 superiori
1587 4893 1794 4967 episto-
1881 4895 2055 4969 positi
2074 4898 2358 4963 Vulmari‚
2379 4899 2450 4955 de
2474 4915 2588 4971 quo
2620 4900 2716 4956 hic
2737 4905 2928 4957 sancta
2949 4898 3124 4960 dolet.
3152 4901 3217 4950 ut
3243 4910 3371 4951 exa·

307 4968 395 5024 lae
430 4970 570 5025 savis
606 4976 736 5043 apte
771 4974 1128 5046 respondent.
1166 4976 1348 5035 Immo
1381 4979 1564 5038 adhuc
1589 4982 1795 5038 mutila
1882 4985 2034 5042 etius
2082 4986 2355 5059 epistolae
2404 4992 2630 5060 tempus
2667 4990 3039 5048 sumeretur,
3085 4983 3159 5039 cf.
3206 4996 3370 5043 num.

309 5052 534 5111 videtur
567 5075 655 5129 ep.
692 5059 817 5116 XV.
862 5092 928 5104 --·
953 5063 997 5130 ὅ)
1024 5064 1385 5137 Praeparavit
1423 5065 1623 5137 igitur.
1663 5086 1799 5126 non-
1882 5072 2068 5130 xvn.
2087 5106 2155 5115 --
2175 5074 2303 5142 ⁵)1n
2326 5074 2447 5132 eod.
2478 5073 2602 5132 cod.
2622 5072 2873 5129 Bruxell.
2893 5071 2932 5128 f.
2954 5074 3054 5127 1⁴9
3070 5086 3105 5125 ι
3124 5073 3283 5138 tergo
3300 5068 3374 5123 ad

304 5145 438 5201 dum
482 5162 610 5203 vcro
637 5148 880 5205 absolvit
908 5148 1271 5221 Hildegardis
1292 5155 1643 5215 solutionem
1674 5175 1797 5233 pro·
1885 5160 1924 5217 s.
1954 5165 2073 5217 152.
2100 5161 2223 5231 ωδ)
2253 5161 2394 5219 Dixi
2418 5167 2518 5219 aut
2536 5160 2677 5234 quid
2702 5156 2890 5216 simile
2913 5154 3374 5221 desideratum--
