4036 6117
1321 555 1743 603 EXPOSITIO
1792 553 2429 601 EVANGELIORUM
3211 531 3339 593 267

319 711 593 769 novum,
632 694 744 756 ubi
778 694 986 753 Filius
1017 691 1135 751 Dei
1169 692 1556 752 incarnatus
1590 697 1712 751 est.
1755 692 1935 752 Sicut
1972 692 2292 766 scriptum
2326 693 2419 747 est
2456 689 2528 746 in
2564 686 2700 763 leqe
2739 685 3026 759 Domini,
3065 682 3407 762 (voluntas

318 799 496 878 eJus)
533 802 856 874 tulerunt,
909 798 1168 858 scilicet
1213 796 1537 856 sanctitas
1584 810 1756 870 quae
1792 795 1856 852 in
1890 794 2166 869 antiqua
2200 792 2368 866 Lege
2407 791 2552 864 fuit,
2589 791 2842 859 Jesum,
2878 788 2944 847 id
2977 791 3081 848 est
3114 787 3411 848 Salvato-

319 916 486 977 rem,
529 906 595 961 in
630 902 1071 975 Hierusalem,
1107 900 1420 960 videlicet
1469 899 1551 958 ad
1584 899 1910 959 visionem
1960 897 2149 974 pacis
2182 901 2476 968 nostrae,
2526 900 2597 953 ut
2643 896 2951 953 sisterent
3002 911 3154 952 eum
3188 893 3408 953 Domi-

317 1040 432 1091 ne,
488 1022 580 1081 ita
614 1025 688 1082 ut
737 1022 1119 1082 incarnatus
1169 1024 1523 1095 appareret
1553 1018 1750 1077 homo
1802 1018 1869 1077 in
1900 1018 2054 1077 Deo.
2095 1018 2275 1078 Sicut
2325 1018 2647 1093 scriptum
2680 1020 2799 1089 est,
2850 1014 3108 1073 scilicet
3133 1013 3409 1089 praede-

318 1124 646 1183 stinatum
678 1132 802 1198 est,
832 1127 904 1183 in
942 1126 1113 1201 Leqe
1150 1125 1438 1197 Domini,
1466 1122 1781 1182 videlicet
1816 1123 1883 1181 in
1916 1121 2355 1195 inspiratione
2386 1120 2497 1179 illa
2524 1120 2637 1179 ubi
2663 1119 2915 1178 dictum
2947 1123 3071 1177 est:
3108 1138 3139 1177 <t
3168 1118 3249 1177 Et
3280 1120 3411 1178 erit

320 1234 642 1303 tanquam
686 1229 939 1303 lignum
972 1227 1148 1304 quod
1183 1228 1553 1303 plantatum
1588 1232 1693 1285 est
1728 1241 1924 1284 secus
1959 1224 2283 1284 decursus
2318 1240 2665 1298 aquarum,
2701 1217 2747 1301 ¹)
2787 1241 2818 1279 i>
2861 1225 3019 1299 quia
3050 1238 3238 1281 omne
3271 1240 3410 1280 ma·-

318 1330 659 1390 sculinum
716 1330 1028 1390 videlicet
1084 1330 1293 1389 Adam
1343 1331 1600 1405 primus
1649 1330 2014 1402 masculus,
2074 1330 2469 1405 adaperiens
2502 1328 2785 1399 vulvam,
2839 1326 3101 1384 scilicet
3137 1331 3407 1398 terram,

319 1439 628 1494 sanctum
677 1435 956 1495 Domino
1002 1432 1355 1508 vocabitur,
1408 1433 1473 1491 id
1513 1438 1617 1492 est
1663 1449 1783 1509 per
1832 1432 2243 1508 spiraculum
2293 1431 2472 1489 vitae
2520 1428 2978 1490 sanctificatus
3037 1434 3161 1487 est.
3210 1428 3290 1487 Et
3339 1433 3411 1488 ut

324 1538 542 1599 Adam
590 1540 670 1598 de
721 1540 1106 1615 integritate
1156 1545 1377 1598 terrae
1426 1540 1748 1612 surrexit,
1810 1539 1908 1597 sic
1957 1539 2161 1596 etiam
2213 1537 2521 1596 Christus
2570 1536 2652 1593 de
2713 1535 3095 1610 integritate
3159 1535 3407 1594 Mariae

317 1645 552 1719 exivit,
604 1650 672 1704 et
705 1648 979 1705 sanctus
1027 1650 1191 1706 erat.
1229 1647 1309 1706 Et
1347 1650 1417 1704 ut
1453 1644 1690 1703 darent
1724 1645 2023 1717 hostiam,
2074 1643 2336 1701 scilicet
2383 1642 2757 1700 virtuosam
2804 1640 3274 1713 constantiam,
3313 1658 3411 1697 se-

317 1748 620 1807 cundum
644 1749 815 1825 quod
846 1749 1099 1809 dictum
1132 1755 1226 1807 est
1261 1751 1334 1807 in
1370 1751 1537 1824 Le9e
1573 1748 1861 1822 Domini,
1900 1749 2057 1823 quia
2095 1748 2239 1820 ipse
2271 1746 2709 1822 inspiratione
2735 1744 2938 1818 dedit,
2979 1749 3052 1803 ut
3080 1745 3406 1820 scriptum

314 1856 439 1911 est.
489 1851 880 1912 Emmanuel
933 1852 1301 1923 vocabitur3
1347 1871 1474 1928 par
1508 1858 1876 1925 turturum,
1931 1844 1996 1908 id
2032 1857 2137 1909 est
2170 1866 2466 1909 amorem
2514 1848 2775 1909 Domini
2807 1854 2875 1908 et
2924 1849 3256 1923 timorem,
3291 1856 3407 1907 aut

317 1954 483 2013 duos
513 1956 736 2032 pullos
769 1954 1243 2029 columbarum,
1279 1955 1593 2014 videlicet
1627 1955 1890 2013 initium
1926 1960 1993 2013 et
2028 1954 2223 2013 finem
2259 1953 2588 2012 bonorum
2624 1967 2919 2027 operum.

407 2060 494 2119 Et
548 2079 692 2119 ecce
726 2063 937 2129 homo,
975 2059 1232 2119 scilicet
1266 2059 1653 2133 prophetae,
1707 2059 1822 2135 qui
1856 2059 2058 2117 etiam
2092 2064 2377 2117 terrena
2420 2058 2749 2131 colebant,
2801 2063 2942 2116 erat
2987 2060 3057 2116 in
3093 2057 3409 2117 Hierusa-

324 2165 486 2237 lem,·
531 2164 621 2224 ita
654 2171 727 2224 ut
760 2165 1000 2224 Filium
1032 2164 1149 2223 Dei
1186 2164 1252 2222 in
1284 2179 1482 2223 carne
1531 2170 1885 2222 venturum
1931 2163 2257 2235 viderent,
2310 2165 2416 2221 cui
2449 2179 2687 2220 nomen
2725 2163 3012 2236 Simeon,
3065 2162 3221 2237 quia
3264 2163 3410 2221 sine

317 2266 740 2328 dubitatione
787 2273 996 2328 erant.
1033 2268 1115 2327 Et
1149 2271 1336 2327 homo
1382 2269 1504 2326 iste
1521 2263 1780 2340 justus,
1833 2267 1897 2325 id
1932 2272 2036 2325 est
2070 2266 2215 2324 sine
2246 2265 2422 2338 dolo,
2476 2265 2777 2340 simplex,
2829 2270 2893 2322 et
2942 2267 3289 2324 timoratus
3324 2265 3405 2324 ad

323 2369 647 2430 honorem
680 2371 819 2446 Dei,
870 2378 1229 2448 eoepectans
1264 2386 1413 2429 cum
1464 2370 1707 2445 gaudio
1758 2370 1933 2444 fidei,
1982 2370 2487 2431 consolationem
2538 2369 2770 2442 Israel,
2808 2368 3068 2428 scilicet
3099 2369 3274 2445 quod
3310 2370 3413 2429 Fi·-

319 2476 450 2537 lius
482 2476 605 2536 Dei
654 2476 1099 2536 incarnandus
1147 2481 1311 2536 erat.
1367 2475 1448 2535 Et
1501 2476 1791 2552 Spiritus
1844 2476 2126 2536 Sanctus
2176 2482 2314 2533 erat
2366 2476 2438 2532 in
2474 2490 2573 2547 eo,
2626 2472 2783 2549 quia
2815 2488 2938 2532 nec
2968 2472 3237 2549 dubiuS,
3290 2490 3410 2533 nec

320 2580 568 2657 duplex
602 2586 767 2642 erat.

408 2683 490 2744 Et
545 2702 933 2761 responsum
981 2691 1317 2765 acceperat
1372 2704 1410 2745 a
1447 2686 1705 2762 Spiritu
1743 2687 2001 2757 Sancte,
2055 2685 2370 2759 quoniam
2418 2684 2761 2759 respondit
2792 2684 3122 2744 desiderio
3173 2685 3406 2759 ipsiuS,

319 2803 450 2844 non
487 2787 789 2846 visurum
824 2806 889 2847 se
923 2794 1224 2863 mortem,
1265 2789 1357 2848 ita
1390 2795 1465 2847 ut
1499 2788 1847 2865 prophetia
1882 2803 2012 2847 non
2047 2788 2380 2860 deficeret,
2421 2792 2492 2845 ut
2526 2788 2851 2861 scriptum
2886 2792 3008 2847 est:
3052 2806 3083 2845 <r
3122 2787 3264 2847 Non
3296 2804 3411 2847 au·-

324 2888 578 2949 feretur
626 2897 967 2966 sceptrum
1014 2892 1096 2951 de
1140 2893 1330 2967 suda,
1366 2890 1416 2971 ²)
1459 2911 1490 2950 i>
1529 2895 1664 2952 nisi
1689 2895 1884 2969 prius
1919 2892 2169 2952 rideret
2210 2892 2543 2952 Christum
2579 2892 2873 2962 Domini,
2913 2892 3173 2952 scilicet
3222 2899 3403 2952 ante-

320 3008 520 3068 quam
556 2993 764 3053 Filius
802 2994 920 3054 Dei
955 2995 1437 3056 incarnaretur.

409 3100 497 3160 Et
546 3103 721 3159 venit
759 3104 829 3159 in
879 3104 1125 3178 spiritu
1172 3102 1563 3178 prophetiae
1612 3105 1686 3162 in
1719 3102 2074 3178 templum,
2127 3101 2439 3161 videlicet
2473 3100 2553 3160 ad
2605 3107 2904 3176 apertam
2955 3103 3407 3162 ostensionem

321 3202 680 3279 Ecclesiae,
718 3222 918 3280 quam
955 3208 1018 3265 in
1052 3207 1294 3282 spiritu
1328 3206 1660 3267 videbant.
1697 3206 1779 3267 Et
1814 3225 1962 3265 cum
1995 3207 2387 3266 inducerent
2434 3206 2785 3279 credendO,
2820 3226 3105 3284 puerum
3151 3207 3402 3283 Jesum,

324 3306 404 3366 ab
437 3309 621 3367 omni
654 3311 1047 3384 contagione
1096 3327 1358 3384 purum,
1399 3317 1712 3388 parentes
1747 3307 1915 3384 ejuS,
1954 3311 2211 3369 scilicet
2245 3311 2690 3387 patriarchae,
2743 3318 2815 3369 ut
2848 3314 3146 3389 facerent
3184 3333 3413 3374 secun-

324 3409 485 3468 dum
533 3413 1076 3472 consuetudinem
1128 3415 1337 3490 Leyis,
1375 3429 1546 3489 quae
1580 3429 1698 3489 per
1730 3414 2025 3472 divinam
2077 3413 2577 3489 inspirationem
2630 3412 2785 3473 data
2818 3418 2986 3487 erat,
3041 3415 3133 3473 ita
3168 3418 3241 3475 ut
3287 3416 3416 3474 cir-

325 3513 801 3574 cumcisionem
850 3523 1314 3577 converterent
1362 3519 1428 3576 in
1476 3517 1906 3593 baptismum,
1941 3536 2066 3594 pro
2097 3536 2190 3592 ec,
2247 3516 2311 3576 id
2355 3522 2459 3576 est
2507 3531 2733 3576 coram
2782 3517 2915 3577 Deo
2966 3517 3047 3577 ad
3098 3518 3412 3579 salvatio·

325 3632 474 3676 nem
510 3620 927 3694 populorum.
3482 3699 3489 3706 ι

321 3716 326 3720 ’
413 3721 499 3781 Et
531 3725 700 3800 ipse,
737 3725 997 3784 scilicet
1028 3726 1416 3801 prophetae,
1445 3729 1693 3804 accepit
1728 3745 1880 3786 eum
1905 3728 1977 3786 in
2003 3726 2199 3785 ulnas
2227 3744 2401 3801 suaS,
2434 3725 2498 3785 id
2524 3732 2629 3786 est
2653 3727 3315 3803 comprehensionem
3345 3729 3417 3789 fi-

327 3823 455 3900 dei,
493 3824 857 3930 benedixit,
894 3829 1151 3889 scilicet
1186 3830 1624 3891 laudaverunt
1656 3831 1984 3891 credendo
2034 3847 2204 3906 quae
2239 3848 2367 3891 non
2401 3830 2733 3905 viderunt,
2769 3836 2837 3890 et
2872 3831 2939 3891 in
2972 3831 3098 3892 fide
3132 3833 3413 3893 tenendo

328 3945 498 4004 quae
530 3931 860 4006 viderunt,
900 3935 1113 3994 Deum
1144 3933 1259 4009 qui
1293 3934 1459 3993 haec
1495 3935 1829 3995 mirabilia
1867 3935 2044 3996 fecit.
2085 3936 2165 3995 Et
2200 3936 2371 3994 dixit
2410 3935 2476 3993 in
2511 3934 2655 3995 fide:

414 4036 612 4097 Nunc
652 4038 956 4112 dimittis,
995 4039 1251 4099 scilicet
1283 4055 1457 4099 nunc
1491 4039 1758 4099 auferes
1792 4059 2053 4099 servum
2088 4046 2306 4109 tuum,
2356 4039 2672 4102 videlicet
2704 4041 2944 4116 Legem
2979 4056 3149 4117 quae
3183 4057 3415 4102 carna-

334 4140 576 4200 naliter
607 4141 961 4202 serviebat:
1001 4143 1304 4212 Domine,
1341 4144 1454 4218 qui
1489 4143 1798 4203 omnibus
1833 4143 2224 4218 dominariS,
2263 4144 2627 4202 secundum
2658 4142 2923 4202 verbum
2958 4149 3171 4217 tuum,
3211 4144 3275 4205 id
3310 4152 3415 4204 est

331 4241 570 4303 Filium
603 4250 792 4305 tuum
829 4245 1267 4320 incarnatum,
1305 4248 1377 4306 in
1403 4265 1566 4323 pace
1596 4244 1883 4324 (scilicet
1918 4248 1983 4306 in
2016 4247 2258 4306 melius
2287 4262 2701 4321 conversam,
2739 4252 2805 4304 et
2834 4262 3064 4321 pacem
3096 4247 3302 4323 illam,
3343 4255 3415 4308 ut

332 4346 585 4406 dictum
618 4350 739 4408 est:
783 4367 814 4406 c<
845 4348 1070 4409 Gloria
1105 4350 1173 4409 in
1205 4350 1486 4409 excelsis
1512 4350 1646 4408 Deo
1681 4353 1747 4410 et
1783 4351 1848 4409 in
1877 4357 2058 4409 terra
2091 4366 2217 4424 pax
2266 4349 2673 4424 hominibus,
2707 4368 2738 4407 ›>
2774 4344 2823 4428 ³)
2874 4353 3033 4427 quia
3075 4353 3410 4428 viderunt,

335 4451 396 4509 id
421 4454 529 4512 est
561 4459 936 4527 senserunt,
989 4454 1162 4515 oculi
1195 4457 1347 4527 mei,
1389 4454 1699 4514 videlicet
1734 4455 2014 4513 scientia
2048 4460 2280 4513 nostra
2318 4469 2438 4530 per
2480 4453 2937 4513 institutiones
2986 4454 3203 4530 LegiS,
3241 4456 3416 4514 salu-

335 4563 474 4615 tare
523 4563 738 4631 tuum,
791 4557 1050 4618 scilicet
1080 4558 1321 4617 Filium
1355 4575 1553 4634 quem
1589 4559 1671 4618 ad
1707 4560 1993 4618 salutem
2044 4558 2337 4617 omnium
2375 4558 2642 4633 misisti,
2680 4558 2850 4635 quod
2877 4561 3158 4635 parasti,
3199 4559 3261 4620 id
3310 4567 3415 4619 est

337 4664 640 4736 elevasti,
691 4671 846 4723 ante
878 4653 1143 4744 faciem,
1182 4665 1245 4723 id
1279 4670 1383 4724 est
1417 4665 1497 4723 ad
1549 4668 1891 4741 aspectum
1928 4667 2225 4724 omnium
2270 4664 2696 4741 populorum,
2734 4664 3047 4724 videlicet
3095 4664 3419 4739 maj0rem

338 4765 644 4826 omnibus
679 4765 1082 4842 hominibuS,
1135 4774 1208 4828 ut
1242 4768 1490 4828 dictum
1542 4775 1672 4828 est:
1730 4788 1760 4826 α
1800 4768 2155 4844 Speciosus
2206 4767 2418 4827 forma
2469 4783 2629 4844 prae
2678 4766 2834 4827 filiis
2885 4766 3244 4828 hominum.
3285 4764 3334 4846 ⁴)
3376 4787 3408 4826 »

343 4872 596 4931 Lumen
648 4871 1017 4931 catholicae
1068 4872 1240 4946 fidei,
1292 4874 1376 4931 ad
1424 4875 1890 4933 revelationem
1936 4876 2259 4950 flentium,
2312 4874 2468 4949 quia
2520 4872 2671 4932 illos
2723 4870 2803 4931 ad
2854 4873 3067 4931 lucem
3120 4871 3410 4946 reducet,

340 4977 449 5053 qui
486 4979 550 5037 in
588 4976 784 5037 idolis
819 4979 1154 5038 tenebrosi
1188 4984 1401 5051 erant,
1454 4984 1514 5037 et
1548 4980 1851 5055 9loriam,
1891 4981 2024 5038 tam
2064 4978 2129 5038 in
2164 4978 2288 5038 hoc
2324 4978 2592 5037 saeculo
2627 4993 2826 5052 quam
2862 4977 2927 5035 in
2964 4975 3213 5050 futuro,
3259 4975 3415 5051 quia

415 5209 455 5274 ¹)
494 5211 582 5268 Ps.
621 5218 668 5276 ¹,
699 5218 748 5268 3.
794 5248 798 5251 >
834 5247 840 5252 -
872 5215 917 5280 2)
943 5212 1144 5268 GeneS.
1176 5211 1382 5275 xux,
1417 5216 1493 5268 ¹0.
1533 5244 1593 5252 —
1621 5212 1664 5280 ³)
1693 5214 1823 5268 Luc.
1859 5212 1935 5276 11.
1971 5216 2051 5268 Η.
2087 5244 2149 5251 -
2178 5213 2219 5278 ⁵)
2250 5212 2335 5266 Ps.
2371 5210 2574 5274 xmv,
2605 5215 2653 5265 3.
