4036 6117
1352 520 1594 567 Lmen
1646 517 1851 567 vrrae:
1905 505 2371 567 immi-onum
3253 499 3329 559 ‘21

1760 740 1945 802 xxx.
2041 820 2048 825 ,

866 952 1143 1011 Animae
1179 955 1557 1011 sanctorum
1587 950 1868 1028 plenum
1900 949 2222 1027 qaudiwm
2252 947 2551 1007 nondum
2583 946 2841 1008 habent.

384 1155 502 1217 42.
553 1157 680 1218 Sed
728 1162 797 1217 et
844 1157 1022 1218 sicut
1066 1163 1263 1217 vetus
1308 1157 1440 1217 Lex
1482 1156 1880 1217 obumbrata
1916 1154 2064 1230 fuit,
2100 1170 2274 1215 nova
2306 1159 2531 1215 autem
2563 1159 2793 1230 aperte
2825 1152 3029 1226 videt,
3066 1152 3166 1212 sic
3198 1151 3401 1210 etiam

290 1260 566 1320 animae
600 1266 1010 1335 sanctorum,
1044 1260 1451 1322 habitaculis
1484 1262 1628 1321 suis
1666 1266 1927 1336 exutae,
1959 1260 2227 1335 plenum
2265 1258 2604 1335 gaudium,
2640 1258 2827 1318 velut
2861 1257 2927 1317 in
2957 1256 3171 1317 veteri
3203 1256 3399 1331 Lege,¹

291 1381 429 1425 non
482 1365 731 1426 habent
763 1360 835 1444 ¹),
886 1367 1204 1442 quoniam
1238 1364 1477 1426 faciem
1511 1365 1732 1425 Patris
1767 1363 1848 1424 ad
1883 1362 2257 1441 perfectum
2289 1363 2581 1423 nondum
2610 1362 2862 1437 vident}
2901 1362 3058 1438 quia
3093 1360 3404 1437 impossi-

294 1466 435 1525 bile
488 1475 694 1545 esset,
746 1467 923 1544 quod
971 1485 1129 1546 pars
1178 1468 1526 1529 dimidiata
1574 1468 1737 1528 illud
1773 1468 1950 1545 quod
1997 1468 2328 1543 integrum
2361 1472 2467 1527 est
2500 1467 2581 1526 ad
2614 1467 2885 1542 plenum
2916 1464 3196 1524 videret.
3234 1463 3399 1524 Cum

290 1578 529 1632 autem
575 1572 963 1634 habitacula
1009 1591 1132 1635 sua
1180 1573 1577 1649 receperint,
1622 1578 1692 1633 et
1721 1573 2023 1648 integrae
2058 1571 2327 1648 fuerint,
2365 1572 2431 1632 id
2463 1571 2641 1648 quod
2676 1571 3011 1646 integrum
3041 1574 3109 1628 et
3141 1568 3223 1627 ad
3256 1582 3406 1642 per-

289 1673 551 1737 fectum
598 1679 978 1754 inspicient,
1027 1685 1095 1740 et
1141 1679 1378 1740 amodo
1425 1694 1556 1739 non
1602 1679 2064 1753 mutabuntur,
2119 1679 2302 1738 velut
2347 1694 2522 1738 nova
2568 1679 2700 1737 Lex
2748 1693 2824 1736 ea
2857 1674 3155 1752 perfecte
3187 1673 3396 1747 videt,

286 1794 471 1854 quae
500 1786 699 1843 vetus
731 1782 1129 1843 obumbrata
1161 1782 1554 1859 dignoscere
1585 1798 1715 1843 non
1746 1783 1987 1859 potuit,
2027 1797 2148 1841 nec
2182 1797 2474 1858 unquam
2510 1782 2574 1840 in
2608 1779 2790 1840 aliud
2825 1778 3214 1840 mutabitur.

1737 1990 1956 2051 XXXI.

925 2197 1182 2259 Vocatio
1228 2200 1381 2258 novi
1422 2198 1660 2276 populi
1706 2200 1781 2258 in
1828 2197 2253 2258 tribulatione
2302 2215 2434 2256 non
2483 2202 2765 2258 corruet.

385 2404 496 2464 43.
546 2405 601 2465 A
647 2405 927 2481 genibus
976 2422 1242 2483 quoque
1290 2407 1373 2466 ad
1423 2424 1619 2467 suras
1667 2424 1828 2467 suas
1876 2407 2156 2467 interra
2189 2413 2316 2481 est,
2353 2408 2669 2484 quoniam
2704 2413 2777 2467 ut
2809 2422 3022 2483 genua
3057 2405 3396 2467 hominem

292 2514 595 2585 portant,
631 2516 700 2571 et
732 2517 805 2571 ut
839 2527 1037 2571 surae
1069 2511 1351 2587 pedibus
1389 2512 1848 2572 fortitudinem
1879 2513 2223 2588 praebent,
2262 2513 2355 2572 ita
2387 2513 2591 2572 etiam
2623 2510 2799 2571 Deus
2832 2512 3054 2572 omnia
3087 2510 3294 2586 vehit,
3329 2516 3398 2570 et

294 2614 525 2673 omnia
573 2613 932 2691 confortat,
983 2632 1061 2676 ac
1108 2621 1329 2675 terrae
1365 2616 1823 2676 fortitudinem
1854 2616 1991 2691 dat,
2028 2622 2359 2693 quatenus
2393 2622 2697 2676 caeteras
2730 2623 3078 2676 creaturas
3112 2616 3402 2675 sustine-

293 2734 366 2777 re
416 2721 658 2795 possit,
707 2721 863 2797 quia
899 2721 1044 2798 ipsa
1080 2720 1400 2781 fortitudo
1435 2721 1721 2781 aliarum
1753 2721 2306 2781 constitutionum
2338 2727 2462 2781 est.
2497 2720 2662 2781 Nam
2697 2727 2875 2781 terra
2908 2721 3093 2780 velut
3125 2735 3298 2795 genu
3330 2724 3397 2778 et

288 2824 482 2883 velut
531 2840 730 2885 surae
777 2826 1062 2886 aliarum
1110 2832 1574 2886 creaturarum
1622 2831 1749 2900 est,
1798 2830 1866 2885 et
1898 2831 1971 2884 ut
2005 2831 2193 2885 rotae
2227 2831 2294 2886 et
2328 2826 2473 2885 axis
2506 2840 2771 2901 currus,
2811 2825 3105 2902 reliquas
3139 2829 3402 2883 creatu-

291 2942 408 2985 ras
460 2925 614 3002 fert,
665 2934 732 2987 et
778 2945 1023 3005 aquam
1069 2928 1196 2989 hac
1242 2935 1310 2989 et
1357 2929 1514 2988 illac
1547 2927 1754 3003 ducit,
1792 2933 1866 2988 ut
1900 2928 2084 3002 ssuat3
2122 2930 2438 3005 quoniam
2471 2929 2530 2989 si
2564 2934 2745 2989 terra
2778 2929 2917 2988 aeri
2951 2934 3018 2988 et
3051 2942 3265 3003 aquae
3300 2926 3398 2984 in-

298 3029 634 3105 terposita
679 3046 811 3092 non
856 3037 1060 3108 esset,
1111 3047 1227 3092 aer
1274 3048 1519 3109 aquam
1564 3047 1877 3092 emanare
1922 3048 2055 3092 non
2102 3033 2540 3109 permitteret.
2588 3032 2713 3093 Sed
2758 3039 2830 3092 ut
2861 3048 3034 3108 genu
3066 3030 3400 3092 interdum

288 3133 607 3208 flectitur,
658 3141 723 3195 et
773 3142 995 3196 tamen
1041 3154 1080 3197 a
1114 3138 1293 3197 suris
1326 3139 1676 3213 retinetur,
1713 3138 1813 3197 sic
1844 3139 2049 3198 etiam
2100 3144 2166 3197 et
2202 3145 2383 3198 terra
2413 3136 2465 3218 ²)
2516 3139 2873 3215 aliquando
2911 3140 2976 3198 in
3020 3137 3226 3198 alium
3259 3154 3401 3197 mo·-

292 3235 456 3296 dum
501 3254 542 3296 a
585 3239 919 3298 creaturis
965 3239 1255 3315 ducitur,
1307 3257 1461 3302 cum
1505 3240 1804 3302 officium
1853 3258 2050 3301 suum
2098 3258 2228 3301 non
2269 3248 2449 3303 recte
2485 3243 2977 3316 subministrat;
3017 3240 3134 3301 sed
3168 3247 3394 3300 tamen

294 3354 431 3398 non
476 3338 749 3416 labitur,
799 3342 958 3416 quia
1007 3341 1328 3403 fortitudo
1374 3344 1492 3404 Dei
1525 3360 1676 3405 eam
1707 3345 1791 3404 ad
1825 3350 2085 3405 rectum
2117 3346 2388 3405 modum
2422 3361 2617 3406 suum
2652 3349 3008 3405 restaurat.
3046 3342 3154 3403 Sic
3185 3348 3250 3401 et
3283 3358 3401 3401 vo·-

296 3443 476 3503 catio
508 3443 666 3504 novi
697 3445 949 3522 populi,
985 3462 1105 3522 per
1138 3452 1354 3507 totum
1386 3448 1619 3508 orbem
1651 3453 1875 3508 terrae
1909 3449 1977 3508 in
2009 3449 2355 3509 evectione
2387 3449 2717 3525 evangelii
2751 3447 3204 3522 manifestata,
3231 3451 3297 3505 et
3332 3446 3399 3505 in

296 3546 535 3608 eadem
580 3549 1120 3610 manifestatione
1169 3553 1505 3627 roborata,
1559 3553 1874 3613 sudorem
1922 3555 1992 3613 in
2039 3555 2271 3614 multis
2321 3553 2868 3614 tribulationibus
2918 3552 3196 3627 sentiet,
3245 3567 3399 3610 cum

300 3668 518 3727 genua
549 3652 697 3729 ejus
732 3653 799 3712 in
822 3654 1238 3715 Antichristo
1272 3658 1892 3734 commovebuntur;
1925 3657 2044 3718 sed
2077 3664 2302 3720 tamen
2335 3659 2402 3719 in
2427 3659 2608 3719 suris
2637 3657 3095 3718 fortitudinem
3121 3656 3397 3732 habenS,

298 3773 430 3818 non
476 3765 770 3834 corruet,
804 3760 1121 3836 quoniam
1155 3761 1222 3819 in
1256 3762 1476 3837 capite
1511 3777 1633 3821 suo
1667 3761 1909 3822 fiducia
1942 3762 2090 3838 ejus
2124 3769 2247 3824 est.
2283 3764 2447 3823 Nam
2481 3763 2686 3823 etiam
2719 3767 2794 3822 ut
2826 3768 3027 3838 caput
3061 3761 3297 3837 ipsiuS,
3336 3761 3403 3820 in

299 3864 588 3923 terrenis
633 3865 986 3926 elementis
1027 3861 1284 3942 absque
1314 3872 1592 3942 peccato
1625 3875 2123 3942 conversatum,
2157 3873 2227 3927 et
2262 3869 2327 3927 in
2359 3868 2674 3945 passione
2707 3884 2830 3927 sua
2865 3867 2932 3925 in
2965 3865 3146 3926 aliud
3185 3870 3399 3926 muta-

298 3976 441 4030 tum
488 3986 694 4046 quam
739 3972 929 4048 prius
978 3973 1064 4033 ab
1104 3972 1488 4034 hominibus
1519 3975 1884 4051 videretur,
1923 3975 2007 4036 ab
2041 3974 2424 4036 hominibus
2457 3975 2840 4048 declinavit,
2876 3974 3053 4035 sicut
3083 3979 3150 4033 et
3183 3988 3399 4049 genua

299 4073 727 4149 inclinantur;
777 4082 846 4135 et
893 4082 967 4136 ut
998 4076 1235 4138 deinde
1268 4078 1337 4138 in
1371 4077 1763 4140 fortitudine
1797 4096 1919 4140 sua
1952 4079 2337 4141 indeficiens
2370 4083 2737 4156 permanet,
2775 4079 2869 4137 ita
2900 4082 2969 4137 et
2997 4075 3298 4136 Ecclesia
3333 4075 3401 4135 in

296 4195 470 4240 nova
494 4179 671 4255 Lege
703 4185 1127 4254 conversata,
1157 4183 1226 4243 in
1255 4184 1552 4260 pessimo
1575 4184 1914 4261 perditore
1947 4186 2364 4262 aliquantum
2399 4182 2849 4258 inclinabitur,
2879 4180 2997 4242 sed
3020 4181 3203 4241 vires
3236 4194 3400 4241 suas

297 4286 602 4362 recipiet,
636 4291 705 4346 et
737 4287 837 4346 sic
871 4287 1283 4348 invincibilis
1313 4289 1755 4364 permanebit.

372 4479 390 4518 ¹
398 4483 414 4546 )
438 4479 761 4536 Felicitatis
795 4479 1082 4537 defectum
1123 4480 1185 4536 in
1209 4481 1392 4538 beatis
1417 4486 1549 4540 ante
1572 4499 1818 4541 resurre-
1891 4489 1982 4548 59,
2006 4492 2168 4558 parte
2187 4485 2242 4540 11
2263 4500 2318 4541 n.
2344 4487 2529 4547 ⁴³46.
2556 4490 2615 4539 et
2639 4501 2694 4557 p.
2719 4483 2801 4539 VI
2825 4499 2945 4555 cap.
2971 4483 3070 4540 lv,
3095 4514 3166 4525 --
3188 4485 3233 4551 2)
3260 4482 3399 4538 Can·

303 4566 548 4623 ctionem
590 4582 887 4637 corporum
925 4582 1039 4623 non
1072 4570 1244 4624 semel
1272 4567 1636 4638 Hildegardis
1660 4576 1818 4627 nota—
1891 4570 2022 4626 dide
2053 4573 2243 4629 eadem
2270 4576 2328 4627 et
2355 4572 2558 4637 fusius,
2599 4589 2705 4628 nec
2727 4571 2909 4639 magis
2934 4570 3230 4643 perspicue
3255 4585 3402 4626 asse-

301 4653 403 4717 vit.
442 4671 510 4710 eo
538 4653 837 4708 dumtaxat
878 4670 1069 4716 sensu,
1109 4654 1260 4725 quod
1300 4654 1556 4712 redivivo
1589 4673 1659 4711 ex
1697 4673 1817 4713 cor-
1890 4657 2009 4713 ruit
2049 4658 2412 4729 Hildegardis
2450 4660 2510 4717 in
2546 4661 2740 4718 Divin.
2776 4675 2899 4730 opp.
2942 4676 2996 4730 p.
3035 4657 3091 4713 11
3128 4673 3289 4731 capp.
3325 4662 3397 4713 80

302 4754 432 4810 pore
470 4737 886 4795 incrementum
926 4740 1038 4797 erit
1074 4741 1389 4814 splendoris
1421 4747 1478 4797 ct
1508 4742 1815 4801 beatitudi-
1890 4759 2009 4814 sqq,
2041 4744 2164 4801 Non
2190 4752 2275 4801 est
2311 4747 2462 4818 quod
2486 4746 2616 4819 quis
2655 4763 2773 4803 rem
2814 4744 3100 4802 lacesserit
3139 4745 3207 4799 de
3245 4750 3397 4800 vete-

305 4824 407 4881 nis.
450 4824 747 4881 Caeterum
785 4828 924 4883 haec
950 4827 1160 4900 scripta
1187 4835 1320 4883 sunt
1347 4835 1478 4884 ante
1506 4829 1815 4886 concilium
1889 4845 1949 4883 re
1985 4827 2085 4884 illa
2124 4832 2396 4904 Physica,
2437 4838 2606 4905 prout
2648 4840 2783 4890 tunc
2822 4832 3093 4904 temporis
3131 4834 3217 4887 vol
3244 4833 3394 4902 apud

302 4910 675 4982 Lugdunense
721 4929 770 4970 a.
818 4916 974 4977 127⁴,
1021 4931 1086 4970 ac
1122 4915 1304 4970 multo
1342 4914 1670 4986 priusquam
1710 4917 1815 4972 sub
1889 4914 2248 4972 doctissimos
2310 4917 2792 4988 frequentabatur.
2854 4917 3195 4973 Christianis
3243 4916 3396 4975 enim

303 4994 606 5055 Benedicta
637 4996 749 5054 xn
780 5014 830 5056 a.
870 5003 1006 5055 1³:36
1034 4998 1294 5071 quaestio
1319 4999 1547 5056 tandem
1575 5003 1814 5058 solvere·
1889 5004 2264 5077 scriptoribus
2302 5004 2416 5062 nisi
2454 5005 2712 5062 licuisset
2747 5020 2900 5061 more
2939 5003 3063 5060 aeri
3101 5002 3189 5058 sui
3215 5004 3394 5074 loqui,

309 5085 417 5146 tur,
448 5085 562 5141 huc
592 5097 772 5155 usque
799 5085 1094 5149 ventilata,
1120 5086 1294 5144 etiam
1316 5087 1384 5144 in
1409 5104 1543 5145 aevo
1566 5087 1816 5160 Aquina-
1890 5096 2012 5146 tum
2051 5091 2297 5149 maxime
2334 5091 2396 5148 in
2434 5091 2615 5150 libero
2657 5090 2984 5165 hujusmodi
3028 5094 3393 5160 argumento.

311 5166 395 5225 tis.
426 5169 506 5227 Cf.
542 5170 745 5229 Summ.
778 5190 832 5245 p.
869 5178 894 5228 1
922 5190 977 5246 q.
1011 5176 1078 5230 64
1104 5190 1134 5230 a
1167 5180 1192 5230 1
1222 5175 1289 5230 ad
1319 5178 1368 5231 3.
1399 5180 1459 5232 et
1478 5175 1551 5234 cs.
1582 5176 1730 5234 infra
1750 5194 1808 5238 n.
1886 5179 2017 5251 quis
2042 5176 2354 5252 legentium
2380 5176 2660 5252 potuisset
2686 5194 2778 5235 eos
2805 5175 3156 5246 intelligere?
