4036 6117
1232 509 1290 555 11
1352 509 1586 557 Lmen
1642 507 1843 556 vrrs:
1900 508 2361 566 manli-ononi
3186 492 3273 552 99

257 661 487 721 poenas
534 643 882 720 praefatae
928 644 1338 706 diffidentiae
1388 645 1804 705 infelicitatis
1844 644 1927 704 de
1961 661 2035 705 se
2067 645 2339 720 abigere
2363 692 2378 719 ,
2432 651 2546 704 aut
2580 644 2954 705 solitariam
2988 645 3197 706 vitam
3232 663 3337 705 ar-

257 748 504 821 ripiant,
542 753 660 807 aut
694 745 1112 809 obedientiae
1150 749 1644 809 monasterialis
1678 749 2215 809 conversationis
2252 765 2325 808 se
2360 748 2741 825 subjiciant.

1618 970 1946 1032 LXXVIII.

753 1165 846 1225 De
887 1173 1157 1244 peccato
1204 1183 1435 1225 eorum
1481 1167 1593 1243 qui
1643 1184 1708 1225 se
1758 1167 1832 1225 in
1878 1165 2055 1225 malo
2103 1165 2354 1227 creatos
2401 1166 2813 1225 existima-nt.

292 1373 431 1432 ³93.
468 1373 639 1433 Nam
673 1391 880 1451 quum
905 1375 1308 1453 quibusdam
1333 1374 1718 1435 hominibus
1736 1374 2065 1451 quaedam
2095 1376 2611 1437 contrarietates
2644 1374 3028 1450 adveniunt,
3056 1374 3189 1435 Deo
3223 1375 3348 1435 dif-

254 1475 475 1550 fidunt,
526 1483 599 1535 et
647 1494 721 1537 se
769 1479 940 1538 male
989 1485 1056 1539 et
1103 1480 1169 1538 in
1220 1479 1393 1540 malo
1441 1485 1705 1539 creatos
1738 1494 1889 1538 esse
1924 1480 2302 1539 aestimant.
2340 1485 2407 1539 et
2438 1480 2686 1539 dicunt:
2727 1498 2759 1538 ⁴1
2797 1479 2973 1540 Deus
3008 1496 3129 1540 nec
3161 1480 3330 1554 vult,

259 1597 285 1634 »
315 1594 430 1638 nec
478 1587 709 1655 potest
756 1582 949 1643 nobis
999 1599 1415 1658 succurrere,
1467 1583 1782 1659 quoniam
1833 1583 1899 1642 in
1944 1589 2084 1642 tam
2118 1599 2356 1658 magna
2394 1582 2785 1643 infelicitate
2816 1576 2862 1661 ¹)
2898 1583 3036 1643 nati
3071 1598 3329 1657 sumuS,

252 1700 279 1739 ι
312 1684 480 1759 quod
516 1685 829 1762 adjuvari
860 1704 993 1748 non
1024 1703 1408 1764 possumus,
1440 1704 1473 1744 ιο
1505 1685 1630 1746 Sed
1662 1688 1778 1763 qui
1811 1686 1976 1747 haec
2011 1687 2188 1747 intra
2222 1703 2294 1747 se
2327 1688 2580 1763 dicunt,
2611 1687 2694 1748 ad
2723 1703 2794 1746 se
2828 1687 3126 1763 redeant,
3162 1693 3230 1747 et
3265 1688 3331 1747 in

251 1787 776 1850 misericordiam
815 1790 940 1850 ‘Dei
989 1806 1178 1876 spem
1226 1806 1420 1850 suam
1466 1797 1738 1866 ponant,
1775 1807 1854 1850 ac
1901 1805 2021 1866 per
2064 1791 2200 1850 alta
2235 1790 2532 1867 suspiria
2564 1791 2854 1850 clament
2886 1806 2960 1849 se
2991 1805 3336 1866 peccasse,

245 1898 572 1968 quatenus
619 1896 910 1970 gratiam
957 1895 1074 1955 Dei
1123 1894 1406 1970 adipisci
1440 1899 1843 1955 mereantur.
1870 1893 2122 1954 Natura
2154 1895 2333 1954 enim
2367 1894 2657 1954 hominis
2689 1893 2864 1954 bona
2898 1899 3026 1968 est,
3066 1893 3183 1953 sed
3220 1893 3337 1954 ho·-

253 2011 349 2056 mo
393 2013 548 2057 eam
599 1998 666 2058 in
698 2000 1245 2060 contrarietatem
1277 1999 1542 2073 evertit,
1580 2015 1733 2059 cum
1765 2015 2036 2058 carnem
2070 2015 2262 2059 suam
2298 1993 2618 2057 infrenem
2657 1997 2753 2057 ire
2786 1997 3139 2072 permittit,
3175 2013 3341 2072 quo-

252 2114 524 2175 cumque
576 2100 708 2161 sibi
754 2102 1104 2177 placuerit.
1141 2102 1322 2161 Haec
1370 2107 1594 2161 autem
1642 2102 1723 2160 de
1769 2102 2253 2177 poenitentium
2296 2101 2647 2161 animabus
2694 2099 3060 2176 purgandis
3108 2106 3177 2159 et
3211 2101 3344 2160 sal-

250 2201 466 2261 vandis
515 2202 701 2263 dicta
737 2212 913 2279 sunt,
951 2211 1019 2264 et
1051 2205 1274 2265 fidelia
1307 2211 1484 2281 sunt;
1520 2210 1588 2264 et
1620 2204 1836 2265 fidelis
1869 2204 1976 2264 his
2010 2203 2333 2279 attendat,
2370 2208 2438 2263 et
2468 2220 2548 2263 ea
2580 2203 2647 2262 in
2680 2203 3074 2263 memoriam
3119 2202 3335 2263 bonae

255 2306 566 2366 scientiae
599 2315 976 2384 componat.

327 2410 430 2472 94.
462 2410 720 2472 Deinde
753 2414 924 2474 alios
957 2414 1259 2490 ejusdem
1293 2413 1742 2473 multitudinis
1792 2411 1928 2472 vidi
1979 2413 2283 2488 spiritus,
2338 2413 2454 2489 qui
2502 2418 2737 2473 contra
2780 2411 2990 2471 bonos
3024 2417 3093 2471 et
3118 2411 3343 2486 justos

257 2517 518 2592 angelos
553 2517 673 2579 Dei
707 2518 1271 2593 vociferabantur,
1307 2517 1626 2577 dicentes:
1650 2514 1702 2597 ²)
1736 2535 1769 2576 α
1797 2517 1862 2576 Si
1890 2534 2011 2577 vos
2042 2516 2321 2577 Domino
2346 2522 2573 2579 vestro
2600 2516 2883 2593 gloriam
2909 2522 2976 2576 et
3009 2516 3331 2577 honorem

257 2619 647 2697 impenditis,
682 2629 750 2683 et
781 2640 904 2684 nos
935 2624 1080 2698 pari
1116 2621 1311 2684 modo
1343 2621 1610 2681 domino
1659 2621 1916 2681 nostro!
1962 2639 1993 2678 »
2046 2622 2125 2681 Et
2158 2621 2225 2680 hi
2274 2621 2654 2683 hominibus
2703 2620 3325 2681 immoderationem

257 2725 734 2803 demonstrant,
771 2735 837 2788 et
870 2734 944 2789 ut
977 2728 1287 2788 omnibus
1323 2724 1540 2785 modis
1567 2725 1990 2786 immoderati
2026 2726 2182 2801 sint,
2218 2741 2336 2786 eos
2371 2726 2828 2787 exhortantur.

1621 2946 1977 3007 Lxxvnn.

1304 3145 1399 3203 De
1431 3161 1646 3221 poena
1678 3144 2283 3203 immoderatorum.

328 3352 434 3413 95.
471 3352 556 3412 Et
589 3352 800 3412 mirae
833 3352 1268 3428 longitudinis
1302 3358 1369 3412 et
1395 3352 1771 3413 latitudinis
1803 3352 2138 3429 quoddam
2172 3367 2357 3411 mare
2382 3351 2543 3426 vidi,
2575 3352 2749 3429 quod
2779 3358 2993 3413 totum
3016 3354 3341 3432 sulphure

258 3458 677 3534 permixtum,
711 3457 1089 3517 fortissimo
1118 3459 1267 3534 igne
1297 3456 1618 3518 fervebat.
1645 3458 1717 3517 In
1746 3458 1878 3517 isto
1905 3457 2166 3517 animae
2195 3456 2462 3516 illorum
2498 3457 3003 3534 torquebantur,
3041 3459 3156 3535 qui
3181 3458 3340 3518 dum

259 3561 316 3621 in
345 3562 749 3639 corporibus
783 3562 930 3622 suis
961 3567 1213 3636 essent,
1249 3562 1317 3621 in
1349 3560 1577 3621 verbis
1609 3567 1678 3621 et
1712 3560 1911 3622 factis
1947 3562 2091 3622 suis
2125 3577 2204 3621 ac
2238 3562 2305 3620 in
2334 3561 2648 3622 omnihus
2698 3561 2992 3623 motibus
3035 3563 3341 3637 corporis

255 3667 351 3725 sui
381 3684 462 3727 ac
514 3667 999 3743 cogitationum
1047 3683 1322 3727 suarum
1372 3666 1992 3728 immoderationem
2042 3666 2443 3742 habuerant3
2493 3672 2561 3727 et
2605 3667 2720 3744 qui
2768 3684 2849 3727 ea
2895 3683 3071 3745 quae
3119 3669 3343 3728 incon-

253 3770 590 3829 venienter
627 3768 982 3844 faciebant,
1020 3770 1354 3831 moderari
1389 3770 1761 3831 noluerant.
1797 3771 1962 3831 Nam
1993 3777 2272 3847 propter
2304 3776 2601 3846 peccata,
2656 3771 2722 3830 in
2769 3771 3018 3849 quibus
3065 3771 3345 3832 sordue-

254 3876 412 3949 rant,
449 3876 650 3950 aquis
683 3874 986 3951 ejusdem
1019 3876 1227 3935 maris
1270 3875 1626 3935 immersae
1673 3883 1887 3951 erant,
1917 3882 1992 3935 et
2025 3883 2300 3952 propter
2333 3876 2761 3951 oblivionem,
2801 3894 2932 3953 qua
2967 3877 3176 3937 Deum
3212 3879 3341 3937 sci-

257 3992 321 4035 re
363 3978 758 4055 noluerant,
811 3979 1131 4056 sulphure
1182 3980 1294 4039 illo
1342 3979 1829 4055 afficiebantur,
1881 3987 1947 4040 et
1978 3987 2255 4057 propter
2302 3981 2677 4055 neglectum
2726 3981 2895 4057 legis
2941 3981 3058 4041 Dei
3108 3982 3342 4042 eodem

259 4080 394 4155 igne
426 4083 900 4159 puniebantur.
933 4083 1013 4144 Et
1044 4084 1182 4144 vidi
1216 4090 1284 4143 et
1318 4084 1614 4144 intellexi
1649 4084 1832 4144 haee.

1680 4307 1916 4368 LXXX.

1209 4500 1302 4561 De
1330 4502 1750 4578 poenitentia
1780 4502 2386 4561 immoderatorum.

331 4706 445 4769 96.
477 4708 559 4770 Et
584 4708 829 4769 iterum
853 4708 934 4769 de
963 4709 1265 4786 praefata
1290 4710 1558 4769 vivente
1585 4711 1731 4769 luce
1759 4710 1985 4770 audivi
2011 4727 2244 4771 vocem
2274 4711 2434 4771 mihi
2462 4711 2814 4773 dicentem:
2845 4711 3023 4774 Haec
3048 4730 3221 4791 quae
3244 4716 3343 4776 vi·

259 4809 393 4884 des,
421 4829 582 4871 vera
617 4817 793 4872 sunt.
822 4812 946 4872 Sed
973 4812 1277 4872 homines
1307 4814 1370 4873 in
1397 4814 1707 4873 omnibus
1734 4829 1905 4890 quae
1936 4814 2212 4887 faciunt,
2244 4814 2862 4875 immoderationem
2898 4815 3243 4892 habenteS,
3274 4820 3343 4876 si'

258 4916 573 4992 malignos
607 4917 889 4991 spiritus
919 4933 1040 4994 per
1075 4918 1247 4976 idem
1281 4918 1519 4977 vitium
1552 4918 1653 4977 eis
1688 4918 2077 4978 insistentes
2119 4924 2186 4978 et
2232 4935 2483 4995 poenas
2530 4920 2677 4995 ejus
2727 4919 3021 4995 effugere
3068 4920 3332 4981 deside-

260 5020 568 5094 raverint,
600 5019 835 5097 Jugum
883 5020 1300 5081 obedientiae
1334 5023 1463 5083 sibi
1501 5022 1865 5097 imponant,
1895 5029 1963 5083 et
1997 5040 2037 5083 a
2069 5024 2428 5099 pinguibus
2463 5025 2633 5086 cibis
2669 5040 2742 5085 se
2778 5025 3175 5086 abstineant.

330 5171 371 5237 ¹)
399 5176 454 5228 in
479 5181 588 5230 eam
615 5192 864 5247 maynam
891 5175 1267 5245 infelicitatem
1290 5174 1356 5233 Α.
1385 5177 1431 5243 ²)
1457 5177 1766 5234 clamantes:
1793 5180 1844 5233 si
1872 5178 2102 5234 Doniino
2128 5185 2299 5233 restro
2326 5176 2416 5232 W.
