4036 6117
1450 468 1628 514 v1'rA
1688 469 1739 512 S.
1798 464 2155 512 nlslnont

250 588 569 661 intelligere
591 585 802 651 noluit.
831 584 928 643 sed
947 601 977 640 a
1006 602 1063 642 se
1086 584 1207 657 ipso
1234 599 1354 639 esse
1379 583 1581 643 voluit,
1604 579 1755 653 quod

252 694 372 734 esse
411 694 522 733 non
549 676 741 749 potuit
766 682 873 732 etc.
905 674 1039 745 quia
1083 674 1195 727 vita
1226 688 1322 728 sua
1353 674 1466 735 (hic
1489 673 1628 727 adde
1652 689 1757 726 om-

251 768 383 820 nino
423 779 555 824 non,
584 780 725 836 quae
750 763 944 818 vocula
967 764 1170 818 excidit
1196 765 1255 817 in
1287 763 1487 816 codicis
1523 762 1762 815 transitu

252 866 288 903 a
311 850 412 920 sol.
452 851 571 904 145
594 851 669 903 ad
692 849 792 919 sol.
833 849 972 907 146)
1009 862 1116 900 non
1146 863 1174 900 a
1204 862 1261 900 se
1292 846 1408 917 ipsa
1436 852 1522 899 est
1549 851 1657 899 etc.

326 934 427 989 col.
471 933 756 987 10681521.
796 935 849 988 1.
882 948 1010 988 eum
1039 947 1067 985 a
1097 949 1154 986 se
1185 931 1304 1002 ipso
1330 947 1450 985 esse
1481 932 1668 985 vult...

398 1020 499 1075 lin.
539 1020 632 1074 10.
664 1018 815 1073 sicut
840 1018 1012 1073 etiam
1044 1018 1120 1072 ibi
1152 1015 1364 1071 sactum
1393 1022 1544 1071 est...

394 1105 497 1160 lin.
529 1106 629 1160 27.
664 1102 774 1158 nisi
807 1104 862 1157 in
893 1104 1081 1173 aliqua
1112 1101 1516 1156 formatione...

401 1190 503 1246 lin.
533 1189 634 1244 49.
679 1187 759 1242 ita
785 1188 935 1258 quod
978 1188 1195 1256 magnis
1231 1187 1500 1259 periculis
1540 1202 1764 1242 moven-

264 1285 421 1333 tur...

332 1363 433 1419 col.
485 1362 645 1416 1069
684 1360 782 1414 lin.
825 1361 885 1415 6.
928 1359 1062 1429 quia
1105 1358 1163 1413 in
1204 1357 1534 1427 integritate
1583 1357 1764 1428 ipsum

260 1447 557 1520 concepit.
601 1446 700 1517 qui
748 1445 920 1502 ctiam
970 1445 1027 1500 in
1078 1445 1270 1500 eadem
1327 1444 1657 1514 integritate
1700 1461 1768 1499 ex

264 1535 383 1607 ipsa
415 1533 705 1606 processit.

334 1621 446 1678 eol„
470 1619 624 1674 1071
656 1620 757 1674 lin.
797 1621 890 1674 16.
921 1617 1070 1688 quod
1099 1616 1209 1673 sibi
1241 1618 1362 1673 lene
1388 1622 1445 1671 et
1473 1635 1710 1675 suave...

337 1707 436 1762 col.
476 1705 638 1760 1072
663 1705 766 1759 lin.
797 1705 836 1758 6
862 1711 988 1759 ante
1006 1704 1177 1775 finem.
1208 1719 1309 1758 nec
1336 1708 1447 1758 tres
1469 1704 1767 1761 Domini...

341 1792 445 1848 col.
497 1790 680 1852 1073,
706 1789 806 1844 lin.
845 1791 921 1843 12
945 1795 1071 1843 ante
1092 1789 1267 1860 [imm.
1293 1788 1500 1844 Omnes
1521 1804 1652 1855 ergo
1682 1805 1773 1860 po·

269 1876 415 1948 puli.
454 1874 760 1930 chrismate
799 1872 956 1929 uncti
1001 1873 1060 1927 in
1087 1880 1238 1929 reeta
1280 1873 1386 1928 tide
1427 1876 1770 1946 compellun-

3147 442 3278 504 495

1848 584 1963 642 tur.
1993 595 2095 635 nec
2136 580 2309 634 ullam
2347 576 2685 633 divisionem
2717 577 2774 631 in
2814 576 3033 631 unitate
3060 588 3179 628 esse
3215 588 3345 629 con-

1848 665 2185 721 fiteantur...

1918 753 2020 807 col.
2083 754 2257 814 1074.
2298 753 2398 808 lin.
2450 754 2527 807 13
2560 756 2687 804 ante
2720 750 2893 820 finem.
2936 764 3086 804 unus
3125 754 3346 821 potens.

1849 838 1983 906 quia
2011 837 2059 892 si
2083 844 2282 908 potens
2306 854 2414 892 non
2444 844 2611 900 esset,
2643 838 2824 891 fllium
2854 851 2963 891 non
2991 836 3346 904 genuisset...

1922 924 2024 979 eol.
2074 925 2255 986 1077,
2284 924 2384 978 lin.
2434 925 2508 976 17
2534 930 2658 978 ante
2681 923 2776 994 fin.
2818 926 3129 977 mactantes
3161 939 3226 978 ac
3252 937 3352 995 per

1857 1007 2179 1062 illusionem
2211 1008 2573 1077 perdentes..

1923 1097 2005 1151 col
2061 1097 2217 1149 1078
2237 1097 2407 1167 paulo
2427 1103 2552 1150 ante
2577 1095 2646 1150 D.
2678 1095 2732 1148 in
2760 1109 2871 1165 quo
2900 1095 3173 1165 reliquiae
3199 1097 3351 1153 beati

1853 1181 2116 1252 Ruperti,
2145 1185 2226 1236 ita
2263 1185 2596 1253 inexpectato
2621 1188 2857 1252 respectu
2883 1186 3083 1237 transit
3104 1199 3358 1238 commen·

1854 1272 2037 1323 tarius
2060 1269 2136 1321 ad
2158 1274 2281 1322 aeta
2307 1267 2365 1323 S.
2400 1266 2645 1338 Ruperti.

1925 1353 2024 1407 col.
2064 1354 2221 1407 1080
2249 1355 2347 1407 lin.
2381 1357 2480 1408 21.
2506 1353 2667 1420 Quod
2692 1353 2785 1408 vix
2809 1371 2922 1409 uno
2942 1356 3110 1411 oculo
3136 1355 3361 1412 videbit

1856 1444 1912 1493 et
1943 1445 2077 1492 tune.
2108 1437 2312 1492 iterum
2346 1439 2402 1493 in
2427 1439 2576 1494 Filio
2604 1440 2702 1494 Dei
2735 1440 3173 1506 restaurabitur,
3202 1444 3361 1498 velut

1856 1524 2029 1579 etiarn
2057 1525 2112 1577 in
2141 1530 2389 1594 tempore
2417 1524 2885 1597 tiliizperuitionis
2908 1527 3355 1597 recuperabitur.

1858 1610 1930 1665 1η
1952 1611 2060 1682 fine
2095 1611 2263 1680 hujus
2286 1611 2561 1665 columnae
2585 1619 2635 1666 et
2659 1615 2822 1667 initio
2849 1614 3073 1668 ultimae
3095 1618 3365 1686 sequentis

1859 1702 2046 1755 omnia
2069 1697 2589 1768 suntjomendanda,
2626 1702 2709 1753 uli
2746 1702 2808 1753 in
2843 1703 3070 1756 exordio
3080 1699 3365 1770 {Actorum

1861 1785 1919 1842 S.
1955 1785 2184 1858 Ruperti
2208 1785 2307 1839 cal.
2344 1785 2516 1840 1083.

867 2381 1344 2455 REGULAE
1397 2382 1466 2455 S.
1522 2382 2044 2455 BENEDICTI
2097 2382 2771 2459 EXPLANATIO.

353 2600 631 2669 Quantum
664 2600 795 2657 tolet
832 2599 1195 2673 Hildeyardt's
1229 2619 1335 2657 esse
1370 2605 1432 2657 in
1464 2603 1688 2657 caeteris
1709 2603 1782 2656 si-

280 2688 516 2757 byllina,
550 2693 760 2743 tantum
783 2689 844 2741 in
868 2687 967 2743 illo
989 2703 1178 2742 sacrae
1203 2686 1442 2759 Requlae
1476 2694 1780 2744 commenta-

279 2776 367 2828 rio
389 2774 581 2846 plana.
619 2775 831 2828 concisa
863 2779 914 2828 et
937 2774 1168 2829 discreta
1191 2776 1475 2829 verborum
1510 2781 1559 2830 et
1582 2782 1785 2830 senten-

281 2863 487 2916 tiarum
519 2862 657 2915 serie
680 2862 875 2914 utitur.
924 2856 1076 2915 Unde
1096 2875 1280 2930 pauca
1318 2861 1638 2931 excipienda
1662 2864 1787 2913 sunt

284 2962 354 3000 ex
375 2946 490 3002 cod.
522 2945 741 3001 Caesar.
771 2945 870 3017 sol.
913 2945 1043 3001 139.
1074 2948 1173 3000 ubi
1203 2947 1280 3001 ad
1304 2945 1646 3003 Hammemes
1668 2949 1789 3002 mit-

284 3035 426 3089 titur·
466 3030 739 3087 luculenta
781 3031 1122 3093 didascalia.
1168 3030 1370 3087 collata
1417 3031 1627 3088 Patrol.
1681 3032 1781 3087 col.

303 3120 456 3173 1055
477 3133 594 3190 eqq.

360 3201 613 3276 Epistola
648 3206 863 3257 candae
892 3202 969 3257 ad
1001 3204 1240 3259 eumdem
1270 3210 1582 3264 conventum
1617 3204 1790 3260 Hum-

291 3304 515 3345 πωπω
537 3286 682 3351 (sic).

364 3374 466 3430 eol.
502 3372 657 3429 1055
682 3374 782 3429 lin.
821 3376 880 3431 8.
912 3372 1260 3430 lucidissima
1288 3374 1433 3429 dona
1472 3382 1530 3431 et
1554 3376 1791 3449 mystica

298 3458 605 3532 spiramina
645 3457 896 3531 Spiritus
940 3459 1133 3515 Sancti
1177 3460 1234 3514 in
1281 3461 1445 3516 beato
1489 3461 1795 3519 Benedicta

299 3551 563 3617 operatus
586 3548 693 3606 est.
725 3542 804 3598 ita
829 3543 980 3615 quod
1003 3559 1157 3599 mens
1188 3545 1366 3617 ipsius
1394 3546 1453 3602 in
1481 3562 1667 3604 amore
1693 3548 1794 3604 Dei

301 3630 563 3692 ardebat.
601 3633 660 3685 et
681 3627 832 3700 quod
861 3628 919 3684 in
947 3629 1261 3685 virtutibus
1287 3635 1351 3686 ut
1376 3647 1573 3688 aurora
1599 3634 1798 3689 rutila-

294 3765 298 3768 ,
382 3722 423 3772 t.

299 3718 376 3776 ha
453 3802 553 3857 lin.
590 3801 678 3856 18.
710 3800 830 3857 sive
858 3800 1188 3866 imbecillis.
1216 3801 1336 3859 sive
1363 3802 1623 3859 infirmus
1648 3803 1791 3860 sit...

2015 2601 2117 2656 lin.
2167 2606 2225 2657 2.
2274 2608 2401 2658 ante
2441 2603 2538 2675 fin.
2591 2605 2840 2662 breviter
2889 2608 3182 2667 conserant
3231 2628 3383 2685 quae

1869 2693 2109 2760 oportet.

1943 2775 2043 2829 col.
2083 2775 2236 2829 1059
2261 2774 2362 2830 lin.
2428 2777 2488 2830 8.
2520 2775 2780 2846 arripiat.
2818 2779 2971 2848 quod
2999 2797 3110 2837 non
3138 2785 3267 2856 plus
3295 2785 3383 2840 in·

1873 2859 2093 2929 digeuti
2132 2875 2301 2930 quam
2339 2876 2448 2914 non
2489 2861 2771 2932 indigenti
2809 2881 3063 2923 annonae
3102 2870 3383 2927 submini-

1876 2954 2087 3005 stret...

1945 3033 2049 3090 col.
2085 3033 2241 3090 1063
2266 3034 2367 3091 lin.
2396 3038 2479 3092 20
2505 3042 2563 3092 et
2593 3035 2651 3092 in
2689 3033 2893 3095 officiis
2919 3038 3257 3100 interiorum
3285 3062 3387 3103 sen

1879 3117 1939 3172 in
1966 3117 2211 3187 negotiis
2237 3119 2651 3177 exteriorum...

1946 3205 2047 3261 col.
2098 3206 2252 3260 1065
2288 3206 2389 3261 lin.
2433 3210 2491 3262 2.
2536 3206 2598 3261 ln
2648 3209 2751 3265 hoc
2789 3213 3387 3273 commemorationem

1879 3289 2199 3345 absentium
2243 3288 2529 3348 facientes.
2571 3291 2709 3348 Cum
2750 3302 2939 3351 autem
2980 3299 3283 3365 redissent,
3321 3303 3381 3358 in

1883 3375 2076 3432 eadem
2103 3374 2358 3430 oratione
2377 3376 2663 3434 dominica
2695 3379 2810 3434 illis
2834 3383 3072 3439 reversis
3097 3386 3383 3445 dicebant:

1886 3483 1908 3509 ι
1930 3459 2039 3517 Sed
2059 3461 2232 3516 libera
2251 3476 2346 3515 nos
2364 3479 2401 3516 a
2418 3463 2562 3517 malo
2582 3467 2639 3516 et
2661 3461 2903 3521 famulos
2923 3473 3045 3524 tuos
3069 3468 3270 3528 fratres
3290 3490 3388 3530 no-

1884 3552 2031 3604 stros
2049 3546 2118 3601 de
2140 3544 2229 3599 via
2251 3552 2615 3605 revertentes.
2644 3551 2844 3609 Amen.
2887 3575 2908 3603 n
2934 3554 3090 3623 Quae
3106 3562 3305 3617 entim
3327 3563 3401 3616 ὑι

1884 3635 2002 3690 edd.
2044 3633 2211 3688 codex
2246 3631 2446 3707 adjecit
2481 3637 2543 3689 in
2588 3641 2835 3711 margine
2868 3641 2971 3712 sol.
3030 3644 3142 3701 144
3176 3645 3277 3703 cal.
3324 3647 3388 3703 3.

1953 3720 2052 3777 col.
2078 3721 2178 3776 ult.
2208 3721 2481 3819 10661ίπ.
2506 3725 2564 3781 6:
2600 3739 2703 3780 nec
2731 3727 2904 3782 nimis
2932 3728 3262 3793 constricta.
3288 3746 3391 3788 nee

1889 3822 2066 3861 muns
2093 3822 2345 3865 remtssa.
3300 3827 3310 3837 ·
