4036 6117
690 455 822 517 278
1814 470 1867 517 s.
1920 468 2462 519 n1LnsoAnn1s

618 605 842 663 quam,
898 586 959 645 id
994 592 1099 647 est
1135 602 1175 646 a
1222 587 1446 663 seipso
1495 586 1804 661 recessit,
1855 592 1928 646 ut
1961 602 2193 646 omnes
2242 588 2622 647 voluntates
2673 603 2833 647 suas
2883 586 3300 663 adimpleret;
3351 592 3414 646 et
3451 583 3539 646 ibi
3576 585 3704 645 dis·-

619 691 856 765 sipavit
908 690 1340 750 substantiam
1389 710 1610 765 suam,
1671 690 1982 750 videlicet
2032 691 2284 766 sparsit
2333 707 2535 767 opera
2584 709 2705 751 sua
2755 693 2819 751 10
2868 692 3137 751 diversa
3185 692 3379 765 vitia,
3432 690 3699 748 vivendo

620 791 986 870 luxuriose,
1024 810 1173 854 cum
1209 811 1474 855 omnem
1507 796 1917 854 voluntatem
1951 811 2145 854 suam
2180 798 2466 869 turpiter
2500 797 2909 872 adimplevit.

707 899 792 959 Et
819 905 1172 976 postquam
1219 902 1442 959 omnia
1489 908 2028 969 consummasset,
2085 899 2147 958 id
2181 905 2291 980 est
2319 916 2470 959 cum
2520 902 2729 960 multa
2763 903 2939 961 mala
2990 900 3284 975 fecisset,
3340 900 3432 959 ita
3464 905 3540 957 ut
3567 898 3701 973 jam

617 1001 909 1061 taedium
964 1002 1031 1061 in
1065 1002 1164 1060 eis
1198 1000 1498 1076 haberet,
1547 1005 1726 1079 facta
1759 1010 1852 1060 est
1901 1005 2113 1081 fames
2148 1003 2369 1061 valida
2404 1006 2474 1061 in
2523 1006 2786 1079 reqione
2821 1005 2964 1077 illa,
3018 1004 3112 1062 ita
3161 1007 3235 1061 ut
3283 1002 3364 1061 de
3415 1001 3565 1060 cibo
3610 1000 3701 1057 vi-

624 1111 733 1165 tae
767 1098 1282 1166 nullam'curam
1319 1106 1617 1180 haberet,
1669 1122 1821 1165 cum
1854 1108 2270 1167 voluntatem
2306 1123 2498 1166 suam
2532 1108 2729 1166 malis
2763 1105 3182 1182 adimpleret,
3230 1108 3460 1182 etipse
3499 1106 3698 1180 coepit

615 1228 826 1286 eyere,
864 1210 932 1269 id
964 1212 1065 1270 est
1098 1226 1283 1286 spem
1318 1210 1497 1270 vitae
1531 1210 1820 1285 perdidit
1855 1211 1922 1270 in
1961 1212 2424 1287 superfluitate
2458 1212 2799 1270 vitiorum.
3150 1266 3159 1273 .

707 1313 790 1372 Et
827 1313 1012 1384 abiit,
1049 1332 1086 1374 a
1118 1314 1251 1373 Deo
1287 1315 1677 1390 recedendo,
1714 1322 1774 1374 et
1810 1318 2103 1375 adhaesit
2140 1319 2262 1375 uni
2298 1318 2539 1375 civium
2573 1318 2857 1392 reqionis
2890 1317 3103 1390 illius,
3140 1331 3291 1374 cum
3327 1330 3398 1374 se
3434 1314 3703 1390 conjun-

617 1417 715 1477 xit
763 1419 1083 1493 malitiae,
1135 1434 1306 1494 quae
1353 1420 1420 1478 in
1472 1424 1689 1478 mente
1739 1420 1921 1479 illius
1970 1421 2199 1479 sedem
2248 1421 2377 1479 sibi
2438 1419 2708 1494 fecerat;
2775 1426 2836 1479 et
2884 1422 3063 1479 misit
3112 1420 3307 1479 illum
3356 1420 3427 1478 in
3476 1418 3701 1476 villam

622 1540 838 1593 suam,
874 1523 1134 1582 scilicet
1186 1524 1251 1581 in
1285 1524 1616 1582 culturam
1651 1524 1992 1599 vitiorum,
2034 1524 2099 1582 in
2133 1541 2265 1600 qua
2300 1524 2445 1600 ipsa
2485 1524 2843 1598 residebat,
2894 1529 2968 1582 ut
2995 1528 3295 1600 pasceret
3327 1539 3584 1600 porcos,
3634 1525 3704 1580 ut

618 1626 807 1685 vitiis
842 1627 1128 1686 nutriret
1160 1627 1548 1702 nequitiam.

707 1728 790 1787 Et
840 1729 1137 1806 cupiebat
1187 1730 1463 1806 implere
1511 1738 1810 1789 ventrem
1844 1749 2061 1805 suum,
2099 1730 2360 1790 scilicet
2408 1731 2815 1791 desiderium
2867 1748 3064 1791 suum
3111 1732 3190 1790 de
3241 1732 3500 1808 siliquis
3543 1749 3702 1807 quas

608 1833 795 1909 porci
842 1833 1348 1908 manducabant,
1402 1834 1660 1893 scilicet
1693 1834 1772 1892 de
1821 1835 2112 1893 diversis
2161 1835 2773 1910 vicissitudinibuS,
2831 1836 2895 1894 in
2931 1835 3057 1894 1100
3104 1834 3280 1911 quod
3311 1835 3518 1894 Deum
3569 1835 3705 1893 cul-

622 1951 784 2010 pare
820 1936 1108 2011 volebat,
1156 1937 1415 1995 scilicet
1449 1937 1607 2012 quia
1638 1937 1815 1997 Deus
1851 1938 2065 2013 magis
2112 1938 2193 1997 de
2228 1939 2445 2015 culpis
2481 1940 2624 1998 suis
2674 1955 2830 1998 reus
2863 1941 3047 1998 esset
3077 1954 3278 2014 quam
3332 1938 3474 2013 ipse
3511 1937 3702 2009 foret;

617 2046 680 2099 et
728 2058 920 2100 nemo
952 2040 1059 2101 illi
1106 2039 1320 2114 dabat,
1373 2041 1533 2116 quia
1566 2042 1749 2101 nulla
1796 2048 2108 2102 creatura
2144 2042 2210 2102 in
2259 2041 2385 2101 1100
2434 2042 2613 2118 quod
2661 2041 2870 2101 Deum
2919 2058 3107 2101 reum
3156 2042 3522 2117 accusavit,
3575 2041 3702 2117 ipsi

619 2150 861 2210 astitit.

707 2253 788 2313 In
837 2272 903 2313 se
936 2259 1161 2313 autem
1207 2272 1531 2328 reversus,
1583 2253 1845 2313 scilicet
1892 2253 2161 2313 tandem
2196 2253 2537 2314 Creatoris
2588 2254 2694 2313 sui
2744 2252 3203 2327 reminiscens,
3255 2253 3322 2310 et
3369 2250 3696 2311 malorum

622 2375 796 2436 quae
832 2359 1104 2435 fecerat,
1141 2361 1299 2436 quia
1332 2361 1399 2420 in
1434 2360 1541 2420 his
1574 2362 1825 2421 nullam
1862 2377 2050 2436 spem
2086 2361 2396 2436 habebat,
2450 2363 2621 2421 dixit
2659 2360 3034 2435 cogitando:
3091 2359 3335 2432 Quanti
3367 2374 3705 2416 mercena·

618 2465 709 2524 rii
756 2464 828 2522 in
877 2464 1063 2522 domo
1090 2467 1306 2542 patris
1340 2467 1492 2540 mei,
1532 2465 1792 2524 scilicet
1840 2466 1954 2541 qui
1995 2465 2317 2540 sanguine
2367 2482 2485 2525 suo
2513 2461 2558 2545 ¹)
2610 2471 2678 2524 et
2724 2465 2956 2524 multis
2990 2464 3335 2524 laboribus
3384 2460 3701 2522 coelestia

615 2574 1023 2643 mereantur,
1074 2569 1412 2629 abundant
1443 2569 1750 2646 panibus,
1788 2569 2103 2630 videlicet
2153 2570 2515 2629 saturitate
2558 2569 2886 2645 justitiae;
2940 2587 3051 2644 eqo
3099 2573 3322 2626 autem
3368 2567 3477 2626 hic
3523 2566 3701 2642 fame

611 2690 836 2751 pereO,
874 2674 941 2732 10
975 2672 1099 2732 1100
1134 2674 1309 2749 quod
1345 2690 1540 2733 careo
1574 2679 1778 2748 gustu
1828 2675 2156 2734 bonorum
2189 2690 2486 2748 operum.
2540 2676 2822 2750 Sui-qam
2856 2673 2937 2732 de
2973 2673 3081 2731 via
3116 2672 3313 2745 mala,
3362 2677 3423 2728 et
3458 2668 3556 2729 ibo
3589 2683 3706 2743 per

617 2777 800 2837 viam
832 2778 1073 2837 bonam
1118 2778 1202 2836 ad
1229 2784 1494 2854 patrem
1525 2796 1770 2850 meum,
1824 2778 1938 2853 qui
1973 2794 2080 2837 me
2113 2779 2392 2853 creavit,
2428 2786 2491 2837 et
2526 2779 2741 2839 dicam
2778 2781 2839 2836 ei
2875 2793 3028 2836 cum
3064 2775 3356 2851 suspirio
3391 2772 3697 2848 gemitus:

620 2881 849 2955 Pater,
880 2883 1145 2957 peccavi
1178 2884 1251 2941 in
1286 2882 1562 2956 coelum,
1600 2881 1861 2940 scilicet
1896 2883 1961 2941 in
1995 2883 2274 2942 coelesti
2325 2883 2686 2957 spiraculo,
2724 2881 2899 2958 quod
2933 2886 3036 2939 est
3087 2880 3153 2938 10
3200 2879 3445 2951 anima,
3497 2881 3558 2933 et
3609 2890 3707 2934 co-

604 3002 768 3051 ram
802 2990 887 3060 te,
940 2985 1098 3061 quia
1130 2986 1410 3061 cognovi
1459 2991 1524 3043 te
1555 2985 1792 3056 Deum,
1829 2987 2138 3062 quamvis
2166 3002 2537 3063 peccarem;
2571 2984 2722 3060 jam
2754 3004 2887 3044 non
2922 3003 3067 3044 sum
3109 2985 3346 3061 dianus
3390 2980 3606 3038 vocari
3638 2979 3708 3056 fi-

622 3090 753 3150 lius
804 3097 957 3149 tuus
966 3132 985 3160 ,
1022 3097 1293 3166 propter
1340 3090 1710 3167 nequitiam
1744 3090 1969 3150 cordis
2005 3092 2158 3166 mei,
2209 3093 2318 3169 fac
2350 3111 2454 3150 me
2489 3094 2653 3151 sicut
2702 3109 2917 3150 unum
2952 3091 3030 3148 de
3077 3088 3509 3147 mercenariis
3546 3085 3699 3156 tuis,

620 3194 881 3254 scilicet
912 3194 1025 3271 qui
1062 3195 1382 3270 sanguine
1418 3212 1538 3254 suo
1573 3202 1639 3254 et
1674 3196 1905 3254 multis
1941 3196 2285 3255 laboribus
2321 3197 2734 3256 voluntatem
2767 3200 2952 3254 tuam
2986 3193 3538 3268 adimpleverunt.

713 3299 793 3357 Et
831 3315 1104 3373 sui-qens
1154 3297 1234 3357 de
1267 3299 1476 3372 vitiis,
1513 3301 1689 3358 venit
1727 3300 1812 3358 ad
1853 3305 2119 3376 patrem
2154 3318 2369 3374 suum,
2410 3301 2475 3357 in
2509 3301 2775 3358 incessu
2826 3299 3150 3358 bonarum
3201 3296 3483 3356 viarum.
3540 3294 3699 3354 Cum

620 3409 848 3464 autem
901 3404 1114 3464 adhuc
1171 3405 1355 3481 lonye
1392 3411 1558 3464 esset
1613 3419 1734 3479 per
1788 3404 2034 3463 malam
2092 3405 2661 3479 consuetudinem,
2691 3405 2865 3463 videt
2917 3404 3113 3463 illum
3164 3402 3228 3460 in
3263 3399 3698 3476 requisitione

612 3513 810 3585 pater
856 3509 1091 3584 ipsiuS,
1128 3515 1190 3566 et
1236 3510 1693 3568 misericordia
1738 3515 1952 3567 motus
1987 3514 2111 3582 est;
2164 3510 2479 3587 quoniam
2514 3510 2624 3568 ille
2675 3511 2740 3569 in
2774 3524 3003 3568 amore
3037 3506 3442 3568 reversionis
3481 3505 3698 3580 ipsum

618 3611 858 3686 tetigit.
896 3612 978 3671 Et
1026 3630 1382 3671 accurrens
1430 3627 1550 3686 per
1599 3612 2155 3686 misericordiam,
2208 3615 2442 3672 cecidit
2480 3633 2546 3672 se
2579 3613 2972 3672 inclinando
3023 3632 3223 3689 super
3257 3611 3499 3670 collum
3532 3602 3696 3681 ejus,

622 3712 689 3772 id
724 3719 830 3774 est
865 3715 932 3772 10
964 3713 1397 3787 conceptione
1424 3714 1750 3789 justitiae,
1788 3722 1849 3773 et
1883 3716 2214 3775 osculatus
2248 3723 2343 3774 est
2379 3735 2530 3775 eum
2564 3717 2630 3776 in
2663 3716 3016 3776 charitatis
3051 3713 3534 3790 conjunctione.

711 3818 1030 3895 Dixitque
1064 3820 1126 3877 ei
1156 3819 1334 3897 filius
1369 3818 1435 3875 in
1466 3817 1896 3893 poenitentia:
1935 3819 2162 3893 Pater,
2195 3823 2462 3895 peccavi
2494 3826 2567 3879 in
2601 3822 2855 3880 coelum
2888 3826 2948 3879 et
2986 3838 3204 3879 coram
3238 3826 3327 3888 te,
3365 3831 3517 3876 cum
3552 3830 3701 3889 pro-

615 3926 766 3997 pter
808 3921 1254 3996 cognitionem
1305 3926 1487 3980 tuam
1519 3936 1800 3996 peccare
1849 3936 1979 3981 non
2011 3922 2265 3998 destiti;
2300 3921 2449 3998 jam
2482 3944 2615 3984 non
2663 3943 2809 3983 sum
2843 3925 3103 4001 diqnuS,
3157 3922 3313 3998 quia
3363 3918 3702 3997 praevari-

614 4033 803 4086 cator
851 4042 1021 4101 sum,
1058 4030 1274 4086 vocari
1319 4027 1498 4106 filius
1535 4033 1709 4100 tuuS,
1763 4033 1836 4086 ut
1871 4029 1935 4086 10
1984 4029 2341 4102 pristinam
2393 4029 2873 4090 haereditatem
2923 4046 3026 4088 me
3069 4027 3376 4102 recipias.
3431 4025 3552 4083 Hic
3584 4037 3699 4081 au-

620 4131 759 4190 tem
790 4130 871 4189 de
904 4131 1334 4191 mercenariis
1386 4148 1518 4190 non
1550 4131 1734 4205 dicit,
1788 4132 1904 4190 sed
1939 4134 2194 4191 tantum
2246 4135 2533 4208 gratiam
2565 4135 2681 4193 Dei
2729 4137 3053 4211 expectat.
3092 4135 3279 4193 Dixit
3329 4135 3551 4189 autem
3583 4144 3701 4204 per

624 4248 984 4308 supernam
1018 4235 1523 4310 inspirationem
1551 4241 1750 4312 pater
1780 4238 1866 4296 ad
1900 4255 2113 4296 servos
2147 4255 2314 4312 suos,
2353 4239 2612 4298 scilicet
2644 4240 2726 4298 ad
2761 4241 3073 4312 virtuteS,
3112 4238 3180 4297 in
3212 4235 3457 4312 quibus
3494 4233 3703 4292 homi-

621 4352 743 4398 nes
776 4338 909 4398 Deo
945 4340 1264 4400 serviunt:
1323 4342 1460 4402 Cito
1486 4342 1786 4418 proferte
1836 4342 2071 4400 stolam
2104 4345 2420 4418 primam,
2458 4343 2770 4403 videlicet
2818 4343 3288 4415 innocentiam,
3340 4346 3401 4399 et
3436 4341 3698 4400 induite

622 4443 820 4504 illum
849 4443 1114 4519 justitia
1147 4445 1584 4520 innocentiae,
1637 4452 1699 4504 et
1733 4447 1884 4505 date
1918 4448 2251 4506 annulum
2298 4451 2372 4506 in
2403 4467 2611 4507 manu
2658 4444 2821 4523 ejus,
2861 4448 3122 4508 scilicet
3168 4442 3705 4522 comprehensio-

621 4560 773 4608 nem
807 4546 1129 4606 bonorum
1165 4564 1463 4624 operum,
1501 4556 1562 4607 et
1598 4550 2034 4610 calciamenta
2064 4567 2184 4626 per
2218 4567 2389 4626 quae
2421 4552 2697 4611 Diabolo
2724 4551 3168 4625 abrenuntiet,
3209 4551 3277 4609 10
3294 4549 3498 4625 pedes
3532 4543 3699 4618 ejus,

622 4656 701 4712 ut
732 4656 912 4710 recte
947 4651 1227 4712 incedat.
1265 4653 1348 4712 Et
1382 4654 1689 4713 adducite
1739 4669 1859 4730 per
1894 4655 2380 4715 invocationem
2413 4657 2698 4715 vitulum
2732 4658 3130 4733 sayinatum‚
3168 4653 3429 4713 scilicet
3462 4650 3701 4710 Filium

621 4752 764 4829 Dei,
810 4753 925 4830 qui
961 4756 1322 4814 coelestem
1355 4757 1823 4831 pinguedinem
1873 4759 2120 4834 attulit,
2171 4767 2231 4818 et
2281 4762 2576 4835 occidite,
2630 4761 2950 4821 iterantes
2997 4758 3391 4834 martyrium
3439 4755 3587 4831 ejus
3637 4753 3702 4811 in

624 4860 781 4935 ist0,
820 4867 880 4918 et
914 4862 1389 4920 manducemus
1413 4858 1463 4940 ²)
1516 4868 1788 4937 gustum
1822 4864 2143 4923 bonorum
2181 4881 2479 4940 operum,
2518 4873 2579 4925 et
2616 4867 2967 4943 epulemur
3003 4865 3069 4923 in
3102 4860 3698 4938 congratulatione,

698 5127 712 5164 ¹
723 5143 738 5194 )
767 5129 1019 5198 Legerim
1043 5130 1237 5184 sudore
1259 5146 1377 5192 suo,
1406 5128 1516 5186 nisi
1547 5130 1691 5185 infra
1721 5137 2029 5189 recurreret
2056 5138 2321 5207 sanquine
2346 5153 2459 5190 suc.
2495 5168 2561 5176 —
2585 5138 2629 5202 ²)
2658 5137 3103 5193 manducamus...
3134 5133 3406 5207 epulantis
3431 5149 3495 5189 co
3521 5132 3575 5187 d.
