4036 6117
660 518 701 576 4
1810 527 1863 573 s,
1923 521 2476 574 amoenamus

610 655 1149 726 nominabantur,
1192 657 1722 733 praeterierunt,·
1765 652 2089 731 fortitudo

611 767 834 820 autem
870 763 1241 821 sanctitatis
1273 776 1408 819 non
1440 759 1719 838 deficiet.

700 865 1051 926 LXXXVII.
1102 866 1271 925 Item
1313 864 1392 923 de
1424 861 1817 942 quibusdam
1844 878 2092 940 purqa-

610 973 798 1029 ‘coriis
828 971 1061 1047 poenis
1104 972 1483 1028 animarum
1519 966 1953 1045 quorumdam
1981 968 2092 1026 ho-

612 1078 895 1148 minum,
946 1075 1061 1151 qui
1110 1076 1184 1133 in
1216 1070 1623 1146 joculatoria
1653 1072 1943 1131 vanitate
1976 1070 2091 1130 de-

616 1182 979 1257 liquerant,
1029 1185 1094 1238 et
1145 1178 1349 1255 quare
1398 1176 1663 1236 easdem
1705 1177 1798 1236 sic
1824 1175 2092 1253 patian-

618 1294 750 1345 tur.

701 1390 1085 1451 LXXXVIII.
1139 1388 1464 1463 Quomodo
1517 1387 1813 1448 homines
1865 1382 2096 1461 poeni-

620 1498 814 1556 tendo
873 1502 1216 1573 peccatum
1274 1472 1717 1568 joculatoriae
1778 1491 2095 1551 vanitatis

623 1605 696 1659 in
729 1602 1098 1678 semetipsis
1126 1602 1440 1677 puniant.

710 1704 1126 1764 LXXXVIIII.
1170 1703 1354 1777 Quod
1379 1700 1714 1776 joculator
1744 1702 1818 1759 in
1853 1697 2099 1776 squali-

617 1813 719 1872 dis
750 1806 1041 1868 moribus
1075 1809 1371 1867 animam
1411 1808 1482 1866 in
1514 1807 1875 1866 vanitatem
1910 1812 1975 1864 et
2025 1805 2096 1864 in

623 1913 1045 1973 mendacium
1079 1913 1418 1971 convertit.

711 2012 1024 2077 Lxxxx.
1078 2015 1415 2094 Quidquid
1469 2017 1612 2075 sine
1662 2015 1796 2075 Deo
1835 2013 2099 2091 quaeri-

623 2131 758 2196 tur,
798 2125 868 2183 in
904 2124 1255 2182 interitum
1289 2120 1427 2181 ibit.

712 2226 1035 2287 LXXXXI.
1086 2228 1254 2287 Item
1307 2227 1387 2285 de
1428 2223 1818 2303 quibusdam
1854 2240 2101 2301 pue-qa-

625 2336 808 2394 toriis
837 2333 1072 2410 poenis
1104 2333 1487 2391 animarum
1524 2327 1961 2406 quorumdam
1992 2328 2104 2387 ho-

623 2440 908 2511 minum,
942 2436 1058 2514 qui
1093 2435 1165 2493 in
1192 2433 1618 2494 obduratione
1639 2434 2101 2509 peccaverant,

625 2548 686 2600 et
722 2557 927 2618 quare
961 2541 1035 2599 in
1068 2540 1168 2600 his
1201 2541 1299 2598 ita
1324 2539 1724 2616 puniantur.

715 2639 1084 2706 LXXXXII.
1153 2642 1453 2717 Qualiter
1534 2641 1607 2700 in
1678 2639 2103 2700 obduratione

622 2754 976 2827 peccantes
1038 2750 1258 2825 ipsum
1316 2753 1662 2825 peccatum
1709 2746 1784 2805 in
1846 2743 2108 2804 semeti-

623 2856 767 2932 psis
800 2854 1212 2914 examinent.

719 2953 1115 3018 LXXXXIII.
1164 2956 1346 3030 Quod
1390 2955 1730 3016 obduratio
1761 2973 1883 3015 nec
1914 2953 2112 3014 mise-

629 3064 1014 3138 ricordiam,
1041 3081 1164 3124 nec
1197 3063 1568 3137 caritatem,
1613 3081 1735 3123 nec
1766 3060 1932 3122 bona
1962 3078 2113 3140 ope-

632 3185 712 3227 ra
752 3164 1017 3239 habens,
1062 3186 1187 3244 per
1216 3164 1591 3240 jussionem
1632 3168 2109 3228 rationalitatis

632 3271 923 3332 emolliri
955 3288 1090 3332 non
1122 3272 1286 3332 vult.

724 3372 1151 3438 LXXXXIIII.
1202 3376 1374 3437 Item
1415 3375 1495 3436 de
1528 3375 1921 3454 quibusdam
1945 3394 2115 3454 -pur-

526 3495 534 3503 ·
636 3483 907 3561 qatoriis
948 3481 1183 3560 poenis
1236 3482 1619 3544 animarum
1673 3482 2115 3559 quorumdam

638 3589 1007 3661 hominum,
1065 3587 1191 3663 qui.
1226 3586 1301 3646 in
1349 3588 1613 3663 iqnavia
1651 3593 2115 3665 peccaverant,

640 3698 703 3756 et
738 3710 857 3753 cur
892 3690 1156 3757 easdem
1186 3691 1302 3756 hoc
1333 3691 1521 3755 modo
1551 3674 1957 3757 sustineant..

2196 649 2636 728 quorumdam
2699 650 3042 710 hominum
3083 649 3504 726 puniuntur,
3553 638 3670 724 qui

2199 759 2343 817 sine
2378 757 2523 817 odio
2554 758 2628 817 in
2662 757 2769 816 ira
2794 763 3253 835 peccaverant,
3303 762 3367 817 et
3408 773 3529 817 cur
3558 771 3671 814 eas

2198 862 2292 922 sic
2325 860 2626 922 habeant.

2287 965 2760 1026 LXXXXVIIII.
2796 965 2962 1025 Item
2999 966 3080 1025 de
3106 963 3498 1044 quibusdam
3521 964 3676 1024 aliis

2189 1071 2426 1146 poenis
2472 1071 2545 1130 in
2594 1069 2827 1147 quibus
2874 1075 3136 1130 animae
3191 1069 3466 1131 illorum
3512 1085 3681 1146 pur-

2196 1180 2464 1252 9antur,
2500 1176 2614 1252 qui
2654 1175 2726 1234 in
2762 1173 3021 1235 saeculo
3047 1193 3173 1253 per
3203 1173 3503 1251 furorem
3534 1173 3677 1232 irae

2198 1280 2628 1340 homicidium
2655 1284 3231 1357 perpetraverant,
3265 1283 3328 1337 et
3363 1295 3571 1355 quare
3603 1278 3679 1335 in

2201 1385 2296 1445 eis
2328 1387 2443 1446 hoc
2473 1384 2663 1443 modo
2696 1389 3154 1461 torqueantur.

2295 1488 2364 1550 C.
2417 1491 2590 1550 Item
2637 1491 2717 1550 de
2769 1490 3161 1569 quibusdam
3191 1490 3345 1548 aliis
3373 1495 3688 1568 purqato·

2203 1597 2324 1656 riis
2351 1599 2589 1673 poenis
2621 1599 3001 1656 animarum
3030 1577 3466 1672 quorumdam
3485 1590 3538 1671 ²)
3574 1596 3687 1654 ho-

2202 1700 2464 1762 minum
2510 1702 2815 1776 illorum,
2875 1703 2988 1779 qui
3036 1703 3108 1760 in
3158 1700 3418 1761 saeculo
3464 1700 3690 1758 viven-

2204 1811 2324 1882 tes,
2356 1813 2633 1884 propter
2673 1809 3022 1867 avaritiam
3058 1804 3484 1867 homicidium
3517 1806 3690 1881 fece-

2203 1919 2382 1986 rant,
2417 1919 2480 1971 et
2515 1930 2635 1973 cur
2667 1912 2931 1971 easdem
2963 1913 3060 1971 ita
3083 1912 3458 1988 patiantur.

2295 2015 2395 2077 CI.
2447 2017 2614 2077 Item
2661 2017 2741 2077 de
2794 2015 3186 2094 quibusdam
3232 2015 3388 2075 aliis
3430 2016 3688 2093 poenis,

2205 2121 2279 2180 in
2325 2120 2557 2198 quibus
2611 2125 2877 2182 animae
2924 2122 3197 2183 illorum
3241 2122 3689 2191 mundantur,

2206 2229 2321 2304 qui
2364 2246 2430 2287 se
2472 2229 2860 2289 invadentes
2909 2231 3310 2307 occiderant,
3360 2249 3446 2291 ne
3487 2227 3563 2289 ab
3594 2232 3703 2307 eis.

2209 2334 2702 2407 occiderentur,
2764 2343 2827 2397 et
2873 2355 3079 2415 quare
3129 2337 3397 2397 eaedem
3440 2351 3692 2414 poenae

2211 2434 2593 2512 hujusmodi
2624 2442 2779 2502 sint.

2302 2540 2433 2602 CII.
2468 2542 2639 2603 Item
2669 2543 2752 2605 de
2783 2544 3173 2623 quibusdam
3204 2544 3358 2605 aliis
3385 2550 3702 2622 purqato·

2210 2648 2332 2709 riis
2355 2652 2590 2726 poenis
2615 2653 2999 2712 animarum
3030 2653 3367 2713 hominum
3399 2649 3696 2722 illorum,

2212 2755 2327 2832 qui
2367 2773 2494 2832 per
2552 2757 3000 2833 iqnorantiam
3053 2756 3481 2818 homicidium
3527 2757 3703 2833 fece-

2213 2867 2393 2934 rant,
2440 2867 2501 2920 et
2538 2879 2741 2939 quare
2773 2879 2886 2921 eas
2918 2864 3032 2923 hoc
3062 2861 3251 2921 modo
3277 2862 3652 2940 perferant.

2306 2962 2469 3024 CIII.
2519 2964 2690 3024 Item
2730 2965 2812 3025 de
2855 2965 3239 3043 quibusdam
3283 2966 3438 3028 aliis
3464 2970 3702 3045 poenis

2214 3070 2289 3129 in
2320 3067 2552 3147 quibus
2584 3072 2849 3131 animae
2889 3072 3164 3132 illorum
3198 3074 3703 3149 examinantur,

2214 3177 2329 3253 qui
2359 3177 2435 3236 in
2470 3177 2731 3237 saeculo
2756 3178 3045 3239 viventes
3086 3179 3251 3241 alios
3283 3182 3578 3242 homines
3604 3198 3708 3240 ve-

2217 3282 2448 3362 neficio
2504 3289 2618 3344 aut
2669 3284 2802 3345 alio
2848 3286 3071 3365 aliquo
3117 3287 3307 3348 modo
3354 3289 3497 3349 sine
3542 3289 3709 3368 effu-

2220 3388 2400 3447 sione
2449 3391 2794 3468 sanquinis
2842 3393 3257 3468 occiderant,
3307 3401 3371 3456 et
3419 3413 3538 3457 cur
3570 3414 3714 3456 eas·

2222 3492 2373 3552 dem
2404 3495 2497 3554 sic
2524 3495 2899 3571 patiantur.

2314 3597 2469 3659 CIV.
2531 3598 2702 3661 Item
2757 3599 2839 3660 de
2895 3599 3287 3679 quibusdam
3342 3604 3497 3665 aliis
3547 3622 3716 3682 pur-

2220 3702 2492 3781 9atoriis
2533 3705 2767 3782 poenis
2813 3707 3197 3767 animarum
3242 3708 3586 3769 hominum
3632 3711 3724 3770 it-

731 3797 1077 3858 LXXXXV·
1157 3796 1459 3870 Qualiter
1538 3797 1833 3858 homin&
1889 3814 2130 3874 pecca*
2228 3809 2479 3884 lorum,
2546 3811 2660 3887 qui
2717 3811 3067 3871 materiam
3124 3813 3374 3891 fiqurae
3429 3816 3716 3875 hominis

640 3912 786 3964 tum
831 3903 1131 3980 iqnaviae
1173 3901 1575 3979 paenitendo
1622 3903 1695 3962 2⁸²2
1749 3902 2122 3981 semetv‘lm‘s
2225 3914 2301 3974 in
2348 3915 2721 3992 semetipsis
2768 3916 3237 3987 extinaeerant,
3294 3934 3369 3978 ac
3416 3919 3718 3997 infantes

639 4007 956 4085 puniant.

734 4109 1112 4175 LXXXXVI.
1180 4109 1364 4183 Quod
1425 4111 1689 4206 iqnavia
1751 4113 1824 4171 in
1888 4111 2121 4174 timore

652 4215 775 4275 Dei
808 4230 942 4273 non
977 4212 1174 4273 lucet.

2228 4018 2310 4077 de
2377 4037 2445 4079 se
2507 4024 2697 4079 natos
2750 4021 3338 4100 mortificaverantr,
3402 4030 3468 4084 et
3512 4043 3718 4103 quare

2229 4122 2494 4183 easdem
2525 4125 2640 4185 hoc
2672 4125 2860 4184 modo
2894 4127 3290 4188 sustineant.

2323 4226 2448 4289 CV.
2487 4226 2669 4301 Quod
2699 4230 2962 4290 animae
2996 4230 3269 4292 illorum
3294 4235 3410 4311 qui
3443 4252 3510 4295 se
3543 4237 3720 4313 ipsos

738 4311 1174 4386 LXXXXVII.
1213 4318 1382 4382 Item
1428 4318 1507 4384 de
1548 4320 1703 4380 aliis
1735 4318 2124 4398 quibusdam
2231 4334 2306 4395 in
2351 4339 2631 4394 mortem
2685 4337 3329 4418 praecipitaverant,
3387 4343 3724 4403 cruciatus

644 4424 1052 4500 purqatoriis
1101 4428 1338 4500 poenis
1394 4429 1774 4490 animarum
1818 4445 2133 4507 quorum-
2237 4439 2590 4500 latronum
2609 4437 2935 4518 habentes,
2971 4444 3046 4504 in
3077 4449 3379 4522 qehenna
3412 4456 3587 4510 sunt.

652 4531 806 4589 dam
836 4530 1199 4604 hominum,
1240 4533 1356 4608 qui
1387 4533 1461 4591 in
1492 4534 1597 4592 ira
1630 4550 1780 4593 cum
1812 4532 1958 4593 odio
1977 4551 2132 4611 pec-

652 4642 992 4707 caverant,
1048 4641 1112 4694 et
1162 4656 1281 4697 cur
1319 4633 1365 4716 ¹)
1422 4637 1685 4697 easdem
1732 4639 1825 4698 sic
1866 4639 2135 4763 patian·
2236 4645 2354 4708 bus
2386 4649 2524 4709 suis
2568 4647 2728 4710 dum
2771 4652 2999 4712 vivunt
3036 4656 3356 4732 puniant,
3404 4666 3466 4719 et
3513 4659 3729 4737 quali-

659 4748 793 4800 tui.

2329 4541 2483 4604 CVI.
2541 4540 2619 4603 Ut
2661 4545 2956 4606 homines
3000 4550 3246 4627 seipsos
3279 4570 3405 4630 pro
3446 4557 3733 4616 excessi-

2239 4757 2342 4813 ter
2372 4752 2548 4813 iram
2586 4753 2661 4814 in
2693 4752 2840 4814 odio
2873 4773 3002 4834 per
3049 4775 3117 4818 se
3163 4762 3600 4839 commissam,
3653 4767 3728 4824 in

745 4843 1186 4908 LXXXXVIII.
1233 4847 1402 4907 Item
1444 4847 1524 4907 de
1562 4844 1948 4925 quibusdam
1978 4847 2134 4907 aliis
2242 4857 2612 4935 semetipsis
2637 4859 3066 4939 poenitendo,
3103 4864 3319 4928 cilicio
3355 4873 3418 4928 et
3450 4867 3735 4931 verberi-

650 4951 1061 5030 purqatoriis
1118 4953 1388 5028 poenis,
1453 4954 1525 5013 in
1580 4950 1814 5031 quibus
1870 4952 2137 5014 animae
2242 4956 2359 5020 bus
2392 4978 2468 5022 ac
2484 4958 2773 5036 jejuniis
2804 4964 3095 5034 deleant.

713 5212 757 5278 ¹)
782 5207 1049 5287 quare'A.

2309 5229 2355 5295 2)
2380 5231 2742 5314 quorumdam
2766 5244 2878 5287 om.
2909 5229 2978 5285 Α.
