4036 6117
1283 468 1514 513 menn
1572 466 1767 510 virm:
1825 466 2286 513 unnironun
3189 449 3264 508 71

275 591 432 665 legit,
468 588 588 648 hoc
623 590 728 648 est
761 588 936 664 quod
968 587 1032 645 in
1061 586 1448 645 fortitudine
1475 584 1859 645 Divinitatis
1885 599 1964 643 ac
1990 583 2427 643 humanitatis
2454 583 2600 642 Filii
2629 583 2745 641 Dei
2771 586 2874 642 est
2900 585 3224 658 protectio
3264 587 3340 645 il·
3400 565 3411 572 ²

273 698 342 766 la,
373 709 532 770 quae
566 708 908 768 nunquam
934 691 1218 767 deficiet,
1247 707 1367 750 nec
1394 691 1752 751 terminum
1786 688 2081 763 habebit,
2111 689 2426 765 quoniam
2452 688 2627 748 Deus
2656 688 2721 747 in
2755 688 2868 747 illa
2901 691 2967 749 et
2998 705 3117 764 per
3152 690 3336 750 illam

270 796 464 856 omnia
497 797 748 870 servat,
786 810 866 854 ac
908 811 1028 872 per
1060 810 1209 854 eam
1256 809 1463 870 opera
1494 794 1698 854 etiam
1750 791 1863 852 illa
1900 792 2213 867 occultat,
2250 808 2420 871 quae
2472 793 2537 852 in
2569 792 2840 868 antiquo
2890 794 3148 853 secreto
3182 807 3340 854 con-

271 901 400 961 silio
437 916 556 959 suo
591 901 950 974 occultata,
987 898 1276 960 nondum
1311 898 1433 958 ulli
1468 892 1512 976 ¹)
1550 896 1985 958 manifestare
2018 896 2371 974 disposuit.
2408 897 2570 958 Nam
2614 897 2924 974 quamvis
2956 897 3132 958 Deus
3166 915 3331 976 quo-

272 1005 409 1066 tidie
439 1021 612 1064 nova
645 1005 974 1065 miracula
1021 1006 1359 1081 operetur,
1396 1003 1606 1063 multa
1642 1004 1863 1063 tamen
1904 1003 1966 1061 in
2010 1008 2271 1063 secreto
2305 1003 2567 1063 consilii
2615 1004 2720 1063 sui
2755 1006 2930 1078 sunt,
2969 1020 3141 1080 quae
3174 1020 3336 1066 non-

260 1109 393 1167 dum
427 1107 488 1166 in
524 1108 866 1184 apertione
894 1107 1451 1167 manifestationis
1479 1105 1813 1183 produxit,
1845 1105 2021 1163 sicut
2054 1104 2174 1164 nec
2201 1106 2641 1180 cogitationes
2678 1106 2965 1165 hominis
2994 1107 3321 1181 sciuntur,

263 1214 594 1286 antequam
637 1211 700 1270 in
735 1210 1090 1269 manifesta
1127 1226 1329 1285 opera
1362 1210 1751 1285 procedunt.

1726 1419 1848 1477 XX.

899 1627 1170 1687 Occulta
1215 1628 1715 1703 prophetiarum
1758 1646 1882 1703 per
1931 1626 2223 1686 doctores
2274 1626 2681 1685 revelantur.

335 1833 430 1893 29.
481 1832 567 1892 Et
597 1832 798 1892 etiam
852 1830 916 1891 in
955 1831 1157 1893 dorso
1192 1849 1313 1892 suo
1340 1832 1515 1891 alam
1548 1847 1772 1906 unam,
1803 1847 1881 1891 ac
1919 1832 1983 1891 in
2016 1833 2285 1907 pectore
2313 1846 2434 1890 suo
2470 1830 2643 1890 alam
2670 1845 2870 1889 unam
2907 1830 3131 1909 habet,
3160 1850 3333 1913 quae

258 1942 394 2000 sunt
420 1938 748 2015 mysteria
784 1938 920 2013 illa,
957 1954 1129 2014 quae
1163 1941 1316 2000 ante
1351 1939 1769 2000 nativitatem
1795 1938 1946 1998 Filii
1973 1938 2114 2013 Dei,
2143 1938 2339 2015 quasi
2375 1938 2441 1996 in
2481 1937 2682 1997 dorso
2716 1936 2885 2013 ejus,
2914 1955 3034 2015 per
3067 1958 3335 2004 manum

255 2042 671 2116 protectionis
707 2057 868 2101 suae
902 2042 968 2101 in
1000 2042 1211 2102 veteri
1246 2041 1598 2119 prophetia
1630 2043 1862 2104 multis
1896 2041 2425 2102 obscuritatibus
2449 2041 2673 2101 velata
2706 2044 2917 2116 erant,
2946 2059 3118 2120 quae
3153 2063 3328 2107 nunc

255 2145 376 2203 veri
407 2144 746 2219 doctoreS,
783 2143 1147 2204 secundum
1175 2144 1350 2222 quod
1377 2161 1457 2205 ea
1481 2145 1656 2206 Deus
1681 2145 2020 2206 denudare
2054 2145 2364 2219 voluerit,
2394 2144 2656 2220 aperire
2690 2144 3116 2222 contendunt,
3154 2148 3331 2210 sicut

256 2250 436 2309 etiam
460 2251 530 2310 et
558 2264 756 2323 nunc,
787 2250 852 2308 in
877 2247 1328 2326 profunditate
1355 2250 1744 2325 sapientiae,
1768 2249 1850 2309 ad
1876 2248 2333 2310 defensionem
2367 2247 2840 2324 spiritualium,
2872 2252 3189 2325 mysteria
3215 2269 3335 2314 no·-

256 2352 312 2411 vi
340 2352 748 2412 Testamenti
778 2353 964 2412 velut
1009 2353 1091 2412 de
1121 2356 1321 2429 puteo
1355 2353 1693 2427 hauriunt,
1730 2369 1850 2413 nec
1899 2353 1983 2414 ab
2018 2353 2143 2413 hoc
2178 2353 2559 2427 cessabunt3
2612 2353 3168 2428 quemadmodum
3204 2375 3326 2419 nec

255 2453 406 2514 Deus
452 2456 755 2514 cessavit
801 2458 1159 2532 antequam
1195 2457 1260 2515 in
1309 2472 1424 2515 sex
1458 2457 1694 2517 diebus
1744 2473 1935 2517 omne
1970 2473 2140 2533 opus
2191 2473 2390 2516 suum
2434 2455 2737 2532 perfecit,
2782 2473 3162 2534 quanquam
3198 2464 3326 2538 ipsi

255 2561 540 2620 eumdem
577 2564 851 2637 puteum
884 2562 1238 2621 exhaurire
1272 2579 1609 2640 nunquam
1643 2565 1869 2626 valent
1898 2563 1972 2642 ²).

1706 2790 1861 2849 XXI.

413 2997 686 3057 Secreta
731 2998 971 3055 veteris
1020 3002 1081 3054 et
1133 2998 1282 3055 novi
1322 2997 1720 3058 Testamenti
1746 2997 2235 3075 promulqanda
2266 2998 2639 3057 exercenda
2667 3006 3157 3076 proponuntur.

329 3206 430 3264 30.
481 3205 668 3264 Unde
717 3207 783 3265 et
833 3203 956 3264 hae
999 3219 1229 3264 omnes
1264 3184 1476 3288 [alae]
1511 3207 1702 3282 quasi
1739 3206 1821 3266 ad
1853 3207 2213 3267 volandum
2248 3210 2511 3268 erectae
2545 3212 2720 3281 sunt,
2757 3211 3071 3286 quoniam
3106 3215 3330 3275 omnia

253 3310 492 3366 secreta
545 3308 682 3366 tam
734 3306 983 3366 veteris
1031 3321 1232 3382 quam
1281 3308 1437 3368 novi
1481 3309 1893 3383 Testimonii,
1941 3312 2017 3370 ut
2051 3310 2115 3368 in
2150 3309 2343 3369 bonis
2377 3309 2694 3385 operibus
2729 3311 3240 3375 manifestentur
3263 3321 3332 3377 et

252 3412 696 3481 exerceantur,
735 3407 1042 3470 fidelibus
1076 3412 1342 3487 populis
1375 3415 1854 3488 proponuntur.

1693 3622 1877 3682 XXII.

746 3826 1077 3886 protectio
1117 3830 1505 3904 prophetiae
1555 3831 1627 3886 in
1675 3832 1883 3889 veteri
1939 3814 2351 3891 Testamento
2399 3833 2858 3895 invalescebat.

324 4030 428 4091 31.
481 4031 610 4092 Ala
640 4033 862 4091 autem
900 4048 1071 4109 quae
1106 4033 1172 4093 in
1203 4033 1404 4094 dorso
1443 4034 1655 4111 ipsius
1689 4039 1812 4111 est,
1852 4037 1917 4097 in
1951 4039 2338 4100 summitate
2372 4041 2814 4101 extremitatis
2851 4058 3014 4102 suae
3046 4060 3126 4103 ex
3161 4044 3330 4106 inte-

251 4149 355 4207 gro
388 4137 471 4196 ad
509 4136 689 4195 alam
724 4136 1093 4212 sinistram,
1130 4142 1197 4198 et
1229 4154 1363 4197 non
1397 4139 1480 4198 ad
1513 4139 1689 4199 alam
1722 4141 2022 4201 dextram
2058 4158 2132 4202 se
2165 4143 2475 4218 declinat,
2508 4144 2664 4220 quia
2691 4147 3015 4220 protectio
3047 4147 3335 4224 prophe-

251 4241 403 4299 ticae
431 4218 918 4300 admonitionis
968 4257 1272 4317 magnam
1313 4241 1771 4304 fortitudinem
1820 4244 2097 4321 babenS,
2137 4247 2201 4306 in
2236 4248 2676 4323 protelatione
2726 4253 3137 4311 secretorum
3172 4269 3330 4313 suo-

253 4360 381 4404 rum
417 4348 487 4405 et
525 4345 592 4404 in
642 4346 1020 4420 integritate
1053 4346 1412 4406 verborum
1463 4363 1761 4421 suorum,
1799 4352 2004 4410 totam
2041 4349 2497 4412 defensionem
2527 4345 2576 4430 ⁸)
2630 4354 2875 4414 veteris
2919 4355 3326 4418 Testamenti

254 4447 621 4521 insudabat,
657 4448 970 4524 quoniam
1020 4449 1371 4525 prophetia
1404 4453 1471 4510 et
1503 4450 1632 4510 Lex
1667 4466 1869 4511 unum
1904 4455 2081 4526 sunt,
2117 4456 2185 4513 et
2217 4455 2578 4515 carnaliter
2617 4456 2998 4518 viventibus
3031 4459 3330 4518 carnalia

249 4551 698 4625 providebant,
748 4566 870 4611 nec
902 4552 1203 4612 dextram
1252 4554 1705 4629 spiritualium
1741 4554 2189 4631 intendebant,
2226 4558 2384 4633 quia
2435 4559 2544 4619 ille
2579 4559 2867 4619 nondum
2902 4563 3176 4620 venerat
3207 4562 3324 4635 qui

251 4655 536 4725 praemia
569 4654 961 4715 coelestium
992 4656 1441 4731 promittebat.

317 4867 357 4931 ¹)
393 4871 634 4922 nondum
671 4870 764 4925 ini
802 4871 893 4926 W.
931 4904 992 4912 -
1029 4875 1075 4937 2)
1114 4875 1334 4931 valeant
1368 4875 1438 4937 Α,
1469 4907 1534 4914 -
1562 4875 1606 4940 ³)
1634 4882 1744 4932 tota
1770 4876 2079 4946 defensione
2103 4877 2195 4931 W.
