4036 6117
730 442 814 499 64
1880 462 1930 504 S.
2000 458 2538 508 ulnnnoARnxs

2178 683 2225 741 1.

1979 891 2177 951 Verba
2219 894 2432 969 qulae.
2498 919 2501 920 ⁷

739 1101 799 1161 4.
849 1101 927 1160 Et
961 1098 1193 1176 eadem
1229 1099 1447 1173 imago
1481 1098 1766 1159 dicebat.
1824 1119 1855 1157 <a
1893 1098 2070 1159 Deus
2106 1099 2329 1159 omnia
2377 1101 2654 1176 creavit,
2692 1106 2759 1161 et
2794 1118 3000 1178 quare
3035 1103 3098 1162 in
3154 1103 3256 1163 his
3295 1103 3728 1163 tabescerem?

651 1225 683 1264 ))
723 1206 791 1265 Si
821 1205 997 1265 Deus
1031 1221 1109 1264 ea
1141 1205 1525 1263 necessaria
1559 1205 1871 1279 nesciret,
1911 1204 2057 1280 ipsa
2093 1221 2223 1264 non
2252 1203 2546 1266 fecisset.
2581 1208 2763 1267 Unde
2796 1209 3004 1268 stulta
3037 1225 3281 1283 essem,
3313 1211 3371 1269 si
3397 1212 3728 1286 propriam

651 1328 683 1366 »
723 1311 1137 1369 voluntatem
1188 1309 1253 1367 in
1301 1308 1408 1367 his
1457 1326 1586 1369 non
1636 1308 1974 1381 haberem,
2028 1325 2182 1368 cum
2230 1308 2405 1367 Deus
2453 1310 2620 1370 velit
2666 1313 2839 1388 quod
2890 1329 3047 1372 caro
3083 1313 3373 1373 hominis
3408 1330 3538 1373 non
3583 1314 3729 1374 defi-

650 1433 681 1470 »
725 1414 876 1474 ciat.
917 1433 948 1470 »

2149 1625 2223 1686 11.

1728 1832 2141 1910 Responsum
2194 1834 2649 1896 abstinentiae.

723 2042 787 2107 5.
837 2045 916 2105 Et
951 2046 1195 2105 iterum
1246 2041 1327 2101 de
1360 2041 1701 2118 praedicta
1752 2041 2021 2101 turbida
2054 2043 2251 2119 nube,
2301 2061 2476 2120 quae
2509 2062 2583 2105 se
2632 2046 2715 2106 ab
2749 2047 2996 2106 Austro
3031 2045 3113 2107 ad
3161 2037 3591 2107 Occidentem
3619 2062 3723 2107 ex-

631 2151 961 2225 tenderat,
998 2149 1224 2208 audivi
1270 2162 1505 2208 vocem
1539 2145 1646 2204 his
1694 2146 1921 2206 verbis
1955 2148 2484 2222 respondentem:
2540 2170 2571 2209 et
2608 2149 2811 2210 Nemo
2854 2151 3187 2211 citharam
3220 2153 3319 2211 sic
3367 2150 3718 2226 percutiat,

634 2269 667 2310 r
707 2259 781 2313 ut
830 2253 1072 2313 cordae
1105 2253 1251 2328 ejus
1300 2249 1668 2311 laedantur.
1705 2249 1890 2320 Quod
1944 2251 2002 2309 si
2038 2254 2279 2312 cordae
2328 2253 2511 2313 illius
2563 2254 2787 2313 laesae
2839 2253 3108 2329 fuerint,
3160 2255 3312 2329 quis
3362 2260 3468 2313 est
3517 2270 3721 2314 sonus

631 2375 664 2414 ι
703 2356 884 2433 ejus?
913 2358 1191 2417 Nullus,
1230 2356 1347 2429 Tu,
1384 2355 1562 2431 gula,
1615 2360 1917 2413 ventrem
1952 2349 2166 2415 tuum'
2192 2355 2282 2414 ita
2322 2357 2585 2433 imples,
2622 2358 2798 2433 quod
2832 2374 3063 2418 omnes
3112 2373 3320 2418 venae
3354 2363 3510 2418 tuae
3544 2359 3720 2418 insa-

629 2481 661 2518 »
701 2478 824 2521 nae
859 2468 1037 2536 sunt,
1073 2466 1140 2520 et
1173 2460 1346 2537 quod
1383 2460 1447 2518 in
1484 2458 1778 2517 furorem
1810 2463 2184 2518 vertuntur.
2219 2460 2298 2519 Et
2334 2461 2445 2521 ubi
2480 2466 2637 2520 tunc
2671 2468 2777 2521 est
2808 2461 3026 2522 dulcis
3076 2478 3280 2522 sonus
3315 2462 3714 2539 sapientiae,

628 2585 661 2623 »
701 2582 903 2642 quam
933 2564 1110 2624 Deus
1143 2563 1394 2624 homini
1430 2561 1646 2621 dedit?
1684 2562 1848 2621 Nam
1884 2565 2069 2620 muta
2101 2568 2167 2621 et
2200 2580 2399 2624 coeca
2434 2581 2531 2641 es,
2566 2572 2634 2626 et
2666 2567 2889 2626 nescis
2922 2566 3082 2642 quid
3134 2568 3455 2643 loquaris.
3490 2566 3620 2627 Sed
3650 2572 3718 2625 et

628 2687 659 2724 »
701 2670 876 2728 sicut
921 2683 1244 2744 praeceps
1276 2666 1505 2742 pluvia
1553 2672 1803 2725 terram
1838 2665 2194 2740 subvertit,
2252 2669 2342 2727 ita
2376 2669 2688 2729 nimietas
2738 2670 3037 2731 carnium
3088 2677 3156 2730 et
3187 2671 3327 2731 vini
3377 2671 3715 2731 hominem

625 2792 656 2830 »
699 2774 763 2833 in
811 2772 1266 2847 blasphemias
1317 2770 1649 2829 irrisionis
1701 2769 1971 2828 inducit.
2024 2769 2158 2844 Ego
2211 2778 2433 2830 autern
2482 2773 2832 2848 pulchram
2885 2774 3168 2834 sormam
3220 2776 3286 2836 in
3336 2775 3495 2834 limo
3546 2776 3711 2849 vidi,

623 2897 654 2934 »
695 2892 896 2954 quam
928 2878 1102 2936 Deus
1153 2874 1488 2934 hominem
1523 2871 1837 2931 condidit.
1874 2871 2054 2931 Unde
2103 2879 2169 2932 et
2203 2878 2603 2935 conveniens
2638 2877 2865 2953 pluvia
2899 2892 3071 2951 sum,
3110 2879 3203 2937 ita
3237 2878 3417 2955 quod
3452 2895 3615 2939 caro
3649 2881 3714 2940 in

619 3000 652 3038 »
691 2981 879 3039 vitiis
927 2996 1058 3039 non
1090 2978 1395 3054 pullulat.
1429 2977 1509 3035 Et
1557 2976 2079 3036 moderationem
2132 2980 2197 3037 in
2230 2980 2613 3040 hominibus
2664 2980 2923 3054 haurio,
2960 2997 3042 3039 ne
3084 2997 3241 3040 caro
3290 2999 3523 3042 eorum
3554 2983 3714 3042 defl-

618 3105 651 3143 ει
690 3088 847 3155 ciat,
885 3094 953 3145 et
985 3102 1066 3144 ne
1098 3091 1383 3160 crescat,
1420 3086 1742 3145 vitalibus
1775 3088 1946 3147 cibis
1983 3087 2394 3165 ingurgitata
2428 3087 2580 3161 plus
2615 3102 2814 3161 quam
2848 3101 3124 3145 necesse
3150 3088 3259 3146 sit.
3295 3086 3461 3145 Nam
3494 3086 3709 3147 citha-

616 3210 649 3247 »
690 3209 763 3251 ra
798 3209 971 3267 sum,
1009 3192 1077 3251 in
1108 3193 1292 3251 sonis
1321 3190 1620 3249 omnium
1653 3189 1924 3250 laudum
1958 3207 2227 3265 sonanS,
2265 3204 2342 3248 ac
2374 3189 2695 3248 duritiam
2726 3190 2949 3249 cordis
2983 3189 3154 3249 bona
3180 3191 3526 3250 voluntate
3558 3208 3709 3267 per-

616 3314 648 3352 »
692 3295 936 3355 forans
970 3297 1140 3356 Cum
1185 3296 1365 3354 enim
1415 3293 1611 3352 homo
1661 3309 1905 3368 corpus
1937 3312 2135 3354 suum
2185 3295 2527 3354 moderate
2559 3294 2798 3369 pascit,
2839 3295 2905 3352 in
2950 3294 3367 3354 orationibus
3420 3294 3605 3354 illius
3641 3296 3707 3354 in

613 3416 646 3455 m
687 3400 948 3458 coelum
983 3398 1048 3457 in
1081 3397 1340 3457 cithara
1375 3413 1638 3470 resono;
1674 3403 1741 3455 et
1775 3413 1924 3456 cum
1960 3415 2207 3476 corpus
2242 3401 2387 3476 ejus
2424 3399 2788 3459 moderatis
2824 3399 2993 3457 cibis
3028 3403 3291 3457 castum
3333 3402 3460 3471 est,
3499 3397 3567 3456 in
3597 3415 3707 3459 or-

612 3520 645 3561 »
684 3505 876 3578 ganis
911 3509 1126 3563 cauto.
1162 3501 1346 3573 Quod
1380 3506 1476 3575 tu,
1518 3502 1696 3576 gula,
1732 3502 1976 3575 nescis,
2012 3519 2135 3562 nec
2170 3506 2514 3580 intelligiS,
2548 3520 2671 3562 nec
2705 3503 2902 3575 scire,
2940 3517 3059 3560 nec
3094 3500 3469 3575 intelligere
3500 3517 3707 3577 quae-

613 3624 645 3663 »
685 3609 801 3667 ris.
837 3607 1002 3666 Nam
1050 3611 1124 3664 tu
1158 3604 1225 3663 in
1273 3605 1614 3664 nimietate
1658 3603 1891 3678 jejunii
1926 3606 2284 3683 aliquando
2329 3614 2393 3666 te
2429 3608 2792 3680 subvertis,
2831 3606 2924 3664 ita
2959 3604 3134 3681 quod
3168 3604 3279 3663 vix
3320 3604 3551 3665 vivere
3585 3622 3704 3682 po-

610 3731 643 3772 »
682 3719 809 3784 tes;
845 3718 912 3771 et
961 3710 1317 3786 aliquando
1351 3714 1652 3766 ventrem
1700 3714 1889 3769 tuum
1925 3710 1992 3768 in
2022 3711 2395 3772 voracitate
2430 3710 2690 3786 imples,
2731 3710 2823 3768 ita
2872 3708 3048 3784 quod
3082 3708 3148 3767 in
3182 3722 3262 3767 ea
3295 3714 3595 3784 aestuaS,
3634 3717 3702 3770 et

606 3834 640 3875 ι
683 3833 957 3893 spumas
991 3813 1267 3873 evomis,
1306 3811 1428 3869 Sed
1463 3827 1586 3887 ego
1624 3812 1688 3870 in
1722 3813 1891 3873 cibis
1929 3815 2195 3874 modum
2232 3832 2429 3891 pono,
2466 3830 2549 3871 ne
2584 3828 2827 3872 succus
2862 3812 3151 3870 hominis
3189 3811 3252 3870 in
3292 3827 3370 3870 eo
3405 3813 3701 3872 exsicce-

606 3940 638 3979 ι
679 3927 811 3994 tur,
848 3926 915 3979 et
946 3935 1027 3978 ne
1079 3932 1321 3976 succus
1360 3917 1422 3973 in
1456 3931 1533 3974 eo
1571 3915 1836 3975 modum
1872 3935 2068 3977 suum
2102 3920 2399 3993 excedat,
2438 3926 2503 3977 et
2538 3924 2675 3977 tum
2723 3918 2811 3977 ibi
2848 3919 2913 3976 in
2946 3917 3228 3977 citharis
3266 3918 3484 3991 laudo,
3523 3925 3592 3978 et
3629 3922 3696 3980 in

602 4042 635 4081 »
676 4023 945 4097 organis
995 4026 1208 4079 cante.
1247 4020 1297 4079 O
1332 4019 1554 4078 cuncti
1603 4019 1856 4095 fideleS,
1894 4040 1931 4080 a
1965 4024 2119 4097 gula
2171 4022 2543 4083 abstrahite
2594 4040 2736 4094 VOS,
2774 4022 2929 4096 quia
2979 4024 3211 4078 venter
3254 4022 3510 4096 antiqui
3544 4021 3697 4084 Ser-r

605 4145 635 4183 ›>
672 4129 893 4202 pentis
927 4128 1128 4186 Evam
1177 4120 1552 4199 deglutivit,
1591 4132 1657 4184 et
1691 4125 1846 4200 quia
1882 4143 2003 4201 per
2034 4128 2239 4187 Evam
2276 4129 2521 4186 multas
2557 4127 2789 4186 sordes
2823 4126 3091 4185 evomit.
3135 4146 3165 4181 »

2079 4336 2185 4395 111.
2221 4361 2226 4367 ·
2262 4358 2265 4359 ⁷
2456 4341 2481 4361 ⁸

1835 4544 2036 4604 Verba
2080 4546 2470 4607 acerbitatis.

681 4756 740 4815 6.
792 4755 1089 4814 Secunda
1126 4761 1345 4813 autern
1403 4754 1617 4828 imago
1654 4759 1725 4812 ut
1759 4752 2116 4828 leopardus
2164 4761 2330 4830 erat,
2368 4761 2435 4814 et
2468 4755 2653 4815 dixit:
2695 4773 2725 4812 α
2763 4753 3035 4814 Omnem
3087 4752 3445 4814 audaciam.
3473 4758 3675 4831 atque

592 4876 622 4914 »
663 4860 1015 4918 victoriam
1062 4875 1184 4934 pro
1219 4857 1427 4916 nihilo
1477 4862 1810 4932 comput0,
1849 4867 1915 4915 et
1950 4859 2101 4917 nolo
2152 4866 2223 4918 ut
2259 4861 2436 4917 ullus
2473 4859 2632 4917 mihi
2671 4860 2964 4917 resistat.
3013 4858 3130 4917 His
3166 4859 3369 4917 etiam
3404 4875 3574 4934 quae
3612 4860 3677 4918 in

590 4982 619 5019 ›>
660 4963 1023 5038 Scripturis
1057 4970 1123 5022 et
1159 4964 1223 5023 in
1259 4962 1383 5022 fide
1420 4961 1580 5021 mihi
1618 4963 1898 5049 molesta
1931 4970 1997 5021 et
2034 4964 2270 5022 nociva
2307 4970 2483 5037 sunt,
2526 4964 2688 5022 nihil
2726 4963 3162 5038 respondebO,
3194 4964 3309 5023 sed
3345 4983 3421 5025 ea
3457 4971 3675 5025 trans-

587 5088 620 5128 »
663 5070 997 5128 mordebo.
1039 5088 1069 5125 ))
