4036 6117
800 417 935 481 584
1973 440 2024 482 S.
2081 436 2607 485 ainnsoAnnts

722 560 1037 634 secunda,
1075 566 1148 619 ut
1183 561 1244 619 in
1283 557 1505 618 sutura
1540 558 1833 618 omnium
1872 562 2365 621 resurrectione
2399 562 2479 621 ad
2517 560 2971 637 accipiendam
3010 561 3187 619 vitae
3222 576 3566 633 coronam,
3606 560 3793 623 victo·

720 654 908 713 ribus
957 654 1422 724 praeparatam
1472 648 1555 706 ab
1605 648 1836 706 eodem
1881 649 2063 723 justo
2115 650 2417 709 taborum
2480 657 3011 722 remuneratore,
3076 651 3137 708 in
3187 650 3441 709 dextris
3496 652 3791 726 impetret

716 739 1050 802 collocari.

805 828 936 888 VII.
990 826 1344 900 Composui
1381 830 1727 899 praeterea
1776 830 1842 882 et
1893 824 2097 884 alium
2151 826 2472 900 libellum,
2525 834 2592 885 et
2642 828 3037 902 praemissis
3088 827 3311 885 addidi
3360 827 3443 886 de
3495 829 3790 902 speciali-

716 920 840 979 bus
888 914 1179 993 piissimi
1226 914 1484 989 patroni
1538 914 2068 987 veneratoribuS,
2109 932 2235 973 non
2284 932 2513 974 omnes
2548 918 2850 991 quidem,
2903 917 3017 973 sed
3057 917 3449 990 praecipuos
3502 916 3633 975 sub
3668 932 3780 975 uno

713 1007 1071 1081 colligenS‚
1122 1019 1201 1061 ex
1237 1003 1315 1060 iis
1366 1018 1535 1077 quos
1572 1002 1634 1060 in
1680 1003 1972 1062 diversis
2010 1004 2112 1061 vel
2167 1004 2493 1075 historiis,
2531 1006 2634 1063 vel
2687 1007 3071 1063 sanctorum
3124 1006 3329 1076 gestis
3379 1005 3784 1064 venerationi

711 1096 859 1172 ejus
893 1093 1156 1153 deditos
1191 1092 1486 1151 invenire
1525 1092 1726 1163 potui.
1760 1092 2114 1149 ostendere
2153 1094 2381 1154 volens
2412 1093 2474 1151 in
2509 1101 2827 1169 quantam
2855 1092 3362 1152 admirationem
3396 1099 3463 1150 et
3496 1092 3785 1153 devotio-

711 1200 861 1245 nem
896 1180 1219 1242 memoria
1251 1179 1397 1254 ejus
1433 1179 1514 1238 ab
1548 1180 1843 1255 antiquis
1880 1179 2103 1238 habita
2143 1182 2259 1253 sit;
2299 1198 2633 1257 quamque
2668 1182 2902 1241 sedula
2935 1197 3096 1239 suos
3134 1183 3272 1257 ipse
3307 1182 3611 1240 cultores
3646 1198 3785 1256 pro-

709 1273 998 1333 tectione
1048 1267 1459 1327 confovendo
1510 1283 1774 1343 semper
1823 1269 2166 1341 munierit;
2219 1277 2421 1345 atque
2471 1286 2588 1344 per
2637 1270 2800 1330 haec
2850 1272 3176 1329 lectorum
3235 1286 3353 1329 seu
3402 1270 3782 1330 auditorum

709 1375 1006 1422 amorem
1038 1364 1105 1416 et
1139 1357 1219 1416 ad
1254 1356 1611 1415 excolenda
1641 1357 1878 1415 merita
1912 1359 2083 1416 etad
2123 1359 2452 1433 poscenda
2485 1359 2699 1434 ipsius
2734 1358 3055 1432 suffragia
3081 1359 3373 1417 excitare
3411 1359 3778 1418 intendens

793 1448 956 1508 VIII.
1010 1446 1262 1521 Cuique
1298 1445 1733 1521 principium,
1786 1445 2026 1517 eidem,
2065 1447 2128 1505 id
2178 1456 2305 1519 est,
2344 1448 2535 1507 vobis
2585 1448 2780 1507 finem
2814 1448 3039 1523 operis
3075 1446 3275 1521 hujus
3307 1448 3571 1515 dicans,
3611 1463 3779 1506 com-

701 1537 887 1600 muni
934 1537 1169 1596 beatae
1202 1536 1549 1610 genitricis
1599 1535 1844 1593 Mariae
1876 1543 1944 1592 et
1992 1536 2288 1609 ejusdem
2327 1537 2857 1596 reverentissimi
2905 1535 3240 1611 pontificis
3284 1537 3545 1595 Martini
3588 1536 3780 1595 mira·

701 1629 853 1688 culo
890 1626 956 1685 in
1004 1623 1186 1683 calce
1220 1624 1470 1699 posit0,
1522 1625 1588 1681 et
1623 1638 1740 1697 pro
1776 1628 2001 1681 vestra
2038 1625 2273 1698 primo,
2309 1623 2545 1683 deinde
2580 1641 2699 1701 pro
2734 1625 3029 1684 auctoris
3061 1631 3263 1699 atque
3300 1625 3631 1683 lectorum
3667 1625 3779 1684 hu·

695 1718 808 1793 jus
841 1712 1180 1789 opusculi,
1231 1713 1659 1785 omniumque
1695 1711 1988 1769 fidelium
2041 1712 2289 1771 Christi
2326 1716 2656 1787 praesenti
2694 1720 2761 1773 et
2797 1712 3020 1789 futura,
3054 1715 3292 1786 salute,
3330 1713 3567 1772 ambos
3605 1728 3777 1772 com-

699 1805 989 1867 muniter
1020 1802 1409 1876 deprecanS‚
1463 1800 1758 1859 libellum
1797 1801 2170 1862 terminavi.
2224 1802 2571 1861 Caeterum
2611 1803 2676 1861 iu
2726 1802 2851 1861 hoc
2884 1818 2961 1860 ea
3012 1817 3182 1876 quae
3216 1818 3295 1859 ex
3332 1818 3504 1860 novo
3540 1803 3778 1876 priori-

701 1895 821 1954 bus
854 1893 962 1951 vel
997 1890 1294 1965 interjeci
1329 1890 1436 1948 vel
1472 1887 1780 1963 subjunxi
1825 1889 2171 1960 miracula,
2211 1891 2275 1948 in
2311 1891 2454 1965 ipsa
2501 1906 2729 1949 eorum
2767 1891 3216 1966 descriptione
3265 1906 3396 1965 qua
3429 1891 3777 1950 certitudi-

694 1999 776 2043 ne
807 1987 875 2041 et
922 1979 1165 2057 quibus
1201 1977 1363 2037 mihi
1412 1982 1755 2051 comperta
1789 1977 1924 2036 sint
1973 1979 2384 2051 auctoribus,
2422 1995 2551 2038 non
2602 1980 2799 2039 tacui.
2837 1979 3146 2039 Mediocri
3196 1994 3356 2037 vero
3393 1980 3500 2038 vel
3548 1980 3772 2054 potius

693 2070 932 2132 humili
965 2069 1136 2142 stylo
1171 2073 1239 2127 et
1272 2065 1584 2125 uniformi
1625 2066 1687 2123 in
1723 2065 1827 2124 his
1864 2067 2174 2126 omnibus
2207 2067 2667 2127 describendis
2702 2067 2985 2143 rythmis
3021 2084 3183 2127 usus
3217 2082 3397 2133 sum,
3439 2073 3581 2126 tum
3616 2069 3771 2144 quia

696 2160 936 2220 melius
968 2156 1245 2224 nescivi,
1299 2158 1438 2214 tum
1472 2154 1631 2229 quia
1677 2156 1935 2213 veritus
1971 2171 2152 2229 sum,
2203 2170 2285 2214 ne
2321 2156 2378 2214 si
2427 2156 2719 2215 diversis
2755 2156 2988 2215 metris
3036 2155 3314 2214 dicenda
3348 2155 3657 2230 ligarem,
3707 2164 3769 2215 et

692 2250 760 2309 in
791 2245 1141 2308 scribendo
1190 2242 1352 2304 mihi
1388 2257 1654 2302 morosa
1703 2243 2081 2315 prolixitaS,
2118 2250 2184 2302 et
2234 2244 2655 2319 simplicibus
2700 2245 2765 2303 in
2799 2243 3079 2319 legendo
3111 2243 3433 2303 damnosa
3470 2245 3772 2305 obscuri-

691 2345 799 2399 tas
831 2338 1142 2397 oriretur.

776 2426 880 2487 IX.
916 2424 1119 2499 Spero
1155 2427 1377 2481 autem
1413 2424 1478 2482 et
1513 2421 1568 2480 si
1604 2437 1732 2480 non
1768 2421 2103 2491 omnibus,
2141 2422 2241 2481 eis
2292 2423 2531 2482 saltem
2566 2424 2679 2498 qui
2730 2422 2955 2498 aliqua
2988 2422 3184 2482 beato
3232 2422 3532 2498 pontifici
3570 2421 3766 2482 devo-

688 2516 868 2576 tione
900 2512 1176 2587 obligati
1225 2516 1401 2582 sunt,
1439 2510 1836 2585 opusculum
1886 2511 2108 2586 ipsum
2143 2527 2270 2570 non
2322 2511 2653 2586 ingratum
2701 2509 2862 2571 fore.
2914 2511 2998 2572 At
3031 2512 3087 2570 si
3137 2510 3289 2586 quis
3327 2514 3458 2571 tam
3498 2511 3764 2587 ineptus

682 2607 810 2678 est,
860 2608 934 2662 ut
966 2606 1321 2677 propterea
1369 2599 1661 2658 laborem
1701 2614 1918 2657 meum
1970 2599 2438 2674 reprehendat,
2475 2606 2543 2659 et
2584 2599 2841 2674 judicet
2873 2600 3315 2675 superfluum,
3368 2599 3546 2674 quod
3584 2599 3767 2658 suffi-

679 2692 1012 2752 cientibus
1047 2690 1346 2765 priorum
1380 2687 1461 2745 de
1494 2704 1571 2747 eo
1608 2687 1881 2761 scriptis
1920 2688 2049 2746 ista
2099 2688 2596 2761 recapitulando
2634 2689 3201 2762 superaddiderit:
3252 2688 3484 2747 audiat
3518 2705 3763 2763 primu,

685 2797 790 2840 me
824 2779 906 2840 ad
942 2778 1204 2839 laudem
1238 2776 1354 2834 Dei
1387 2782 1453 2834 et
1486 2776 1566 2834 ad
1603 2775 2246 2834 commendationem
2284 2778 2497 2852 ipsius
2533 2778 2749 2837 sancti
2786 2776 2949 2836 haec
2982 2776 3434 2852 compegisse,
3488 2776 3657 2835 nulli
3689 2794 3766 2836 ea

682 2868 1099 2946 impudenter
1133 2866 1456 2940 ingerere,
1496 2862 1822 2922 neminem
1857 2865 1936 2922 ad
1974 2866 2552 2925 transcribendum
2589 2882 2848 2940 cogere;
2886 2865 3146 2939 deinde,
3184 2864 3397 2923 videri
3435 2865 3598 2923 mihi
3636 2882 3761 2924 suo

675 2972 1010 3036 quemque
1046 2955 1259 3029 magis
1292 2968 1489 3028 quam
1527 2952 1808 3011 alterius
1843 2957 1908 3010 et
1943 2952 2170 3012 labore
2198 2954 2419 3028 juvari
2448 2960 2514 3013 et
2548 2955 2994 3013 commendari
3023 2954 3400 3021 devotione:
3437 2961 3502 3011 et
3540 2958 3763 3027 proin·

675 3049 783 3125 de,
836 3049 901 3107 in
936 3046 1040 3106 his
1089 3041 1474 3115 laborand0‚
1513 3058 1640 3102 non
1688 3041 1971 3101 aliorum
2007 3043 2121 3118 qui
2157 3042 2236 3101 de
2275 3044 2386 3103 illo
2421 3044 2839 3119 scripserunt
2872 3043 3051 3103 dicta
3085 3042 3193 3102 vel
3229 3042 3612 3119 reprobare,
3653 3043 3758 3102 vel

673 3138 1037 3198 obscurare
1074 3131 1470 3204 intendisse,
1508 3131 1625 3190 sed
1662 3131 1822 3189 mihi
1861 3132 1986 3206 ipsi
2024 3131 2464 3206 satisfecisse3
2500 3139 2567 3192 et
2600 3140 2966 3208 postremO,
3004 3132 3087 3191 ad
3122 3133 3247 3191 hoc
3281 3134 3408 3191 ista
3447 3133 3759 3206 collegis-

675 3243 775 3297 se,
813 3232 887 3285 ut
932 3223 1155 3284 devoti
1190 3227 1448 3288 sanct0,
1506 3222 1566 3279 in
1602 3236 1884 3295 quorum
1925 3237 2159 3279 manus
2197 3220 2365 3279 forte
2404 3222 2777 3293 inciderint,
2824 3221 2930 3279 his
2966 3225 3098 3279 tam
3134 3220 3216 3278 ad
3253 3222 3756 3279 venerationem

669 3331 871 3392 quam
906 3313 986 3373 ad
1037 3310 1498 3381 imitationem,
1534 3315 1601 3367 et
1649 3309 1730 3368 ad
1768 3311 2027 3382 potiora
2061 3308 2141 3367 de
2190 3310 2335 3383 ipso
2370 3310 2454 3370 ab
2488 3311 2641 3370 aliis
2675 3316 2826 3368 ante
2862 3327 2982 3369 nos
3018 3309 3362 3384 splendide
3404 3310 3511 3368 vel
3548 3326 3751 3385 prosa

669 3404 777 3464 vel
810 3418 1013 3462 vorsu
1047 3399 1226 3459 edita
1259 3397 1704 3473 perquirendo
1739 3403 2208 3472 provocentur.

758 3493 827 3552 X.
863 3490 1048 3562 Quod
1102 3489 1315 3563 ipsum
1351 3493 1418 3546 et
1471 3503 1586 3545 vos
1625 3485 1880 3559 facere,
1934 3487 2307 3546 venerande
2344 3493 2553 3562 pater,
2608 3502 2725 3561 per
2762 3487 3062 3546 intimam
3113 3487 3217 3545 sui
3254 3487 3537 3562 spiritus
3578 3485 3751 3544 insu-

663 3582 921 3640 sionem
971 3579 1207 3637 doceat
1243 3591 1355 3633 rex
1404 3581 1739 3647 aeternuS,
1780 3581 1851 3632 ut
1900 3575 2263 3634 secundum
2311 3575 2613 3651 exempla
2659 3575 3003 3650 praecipui
3054 3575 3288 3634 militis
3339 3576 3442 3634 sui
3480 3575 3747 3633 Martini

664 3668 959 3745 legitime
993 3682 1112 3724 vos
1148 3668 1512 3721 certantem
1551 3679 1626 3720 ex
1663 3663 1797 3721 alto
1833 3670 2293 3738 prospectans,
2331 3670 2397 3722 et
2432 3680 2605 3722 nunc
2631 3665 2950 3723 auxilium
2985 3663 3180 3722 vobis
3210 3662 3408 3736 ferre,
3447 3669 3513 3721 et
3546 3664 3606 3721 in
3648 3662 3747 3720 su-

662 3765 816 3818 turo
847 3756 1219 3833 praemium
1270 3751 1521 3810 referre
1555 3752 1898 3824 dignetur,
1952 3753 2063 3826 qui
2106 3752 2165 3811 in
2204 3753 2450 3826 palatio
2486 3759 2796 3811 aeternae
2834 3752 3265 3811 beatitudinis
3304 3752 3551 3811 milites
3586 3768 3748 3810 suos

663 3850 727 3907 in
768 3843 1227 3905 misericordia
1262 3845 1328 3900 et
1364 3841 1908 3899 miserationibus
1943 3856 2264 3900 coronare
2292 3842 2663 3914 consuevit;
2701 3847 2950 3900 annuat
2976 3847 3044 3898 et
3080 3842 3222 3915 ipse
3251 3848 3323 3899 ut
3357 3840 3561 3899 verba
3598 3856 3747 3898 mea

660 3937 965 4013 placeant
1014 3934 1079 3991 in
1113 3935 1470 4005 conspectu
1525 3929 1940 4004 principatus
1989 3931 2231 4002 vestri,
2284 3937 2351 3989 et
2385 3936 2457 3989 ut
2508 3928 2766 3988 fructus
2816 3929 3273 3989 meditationis
3322 3944 3443 3989 seu
3491 3929 3744 3988 laboris

657 4026 786 4084 mei
820 4022 1037 4083 dulcis
1074 4021 1164 4079 sit
1200 4021 1456 4078 interno
1492 4020 1748 4092 gutturi
1788 4019 1916 4077 ista
1952 4018 2230 4092 legendo
2266 4019 2699 4092 gustantium.
2737 4020 2963 4077 Amen.

944 4178 1236 4254 Explicit
1289 4175 1611 4252 proloqu&

1759 4402 2061 4462 INCIPIT
2108 4400 2317 4461 PARS
2363 4402 2621 4462 PRIMA

714 4611 783 4666 In
807 4625 921 4683 qua
948 4614 1119 4667 ortus.
1147 4608 1359 4678 generis
1393 4603 1676 4664 nobilitas,
1699 4618 1907 4657 morum
1926 4601 2192 4673 probitas.
2228 4604 2407 4672 patris
2431 4606 2479 4655 et
2504 4602 2849 4671 imperatoris
2870 4603 3191 4671 persecutio,
3225 4600 3414 4656 ”nodus
3440 4599 3728 4655 exterior-io

642 4682 900 4740 militiae,
928 4680 1130 4734 divisio
1168 4676 1475 4734 chlamidis.
1503 4676 1736 4727 nominis
1771 4675 2021 4732 mutatio,
2049 4675 2345 4732 conversio,
2377 4674 2601 4743 puritas
2636 4672 3010 4733 monachatus,
3047 4688 3201 4726 amor
3226 4675 3288 4727 in
3313 4671 3505 4731 Deum,
3545 4671 3729 4741 ferror

641 4754 932 4824 reliqionis
956 4751 1071 4804 viri
1092 4750 1269 4801 sancti
1292 4748 1549 4799 succincte
1586 4744 1927 4798 describitur.

637 4923 851 4980 Christi
883 4923 1043 4978 miles
1071 4918 1483 4988 magnanimus.
2336 4916 2418 4968 Ad
2449 4912 2595 4980 regis
2620 4914 2743 4984 ejus
2774 4914 3006 4968 titulum
3086 4981 3089 4986 .

712 4996 1015 5054 Martinus,
1045 4999 1173 5048 actu
1203 4989 1530 5060 splendidus
2338 4987 2399 5039 Et
2435 4984 2674 5055 posteris
2701 4985 2767 5037 ad
2795 4985 3139 5054 exemplum,

707 5067 828 5130 Qua
860 5064 1082 5118 fulserit
1112 5061 1342 5118 militia.
2331 5056 2581 5109 Laudum
2612 5055 2800 5110 herois
2825 5055 3048 5115 avidus,

707 5134 865 5201 Quae
896 5134 1090 5190 tulerit
1117 5141 1171 5188 ct
1203 5130 1472 5205 praemia,
2330 5125 2557 5182 Referre
2584 5126 2755 5195 gestit
2782 5124 3025 5180 animus,
