4036 6117
1175 500 1408 553 mnan
1456 503 1954 553 coueos1TAE
2007 500 2461 550 munierimus
3170 485 3292 548 471

278 622 552 698 buntur,
607 627 826 685 omnia
863 625 1189 685 elementa
1242 625 1758 700 complicabunt,
1795 629 1862 681 et
1896 639 1966 680 se
1999 622 2319 693 divident,
2359 638 2436 680 ac
2472 637 2654 679 mare
2699 615 3098 694 concutient,
3135 622 3201 679 et
3235 637 3377 681 om-

277 747 393 793 nes
431 749 640 807 aquas
676 729 1128 790 exsiccabunt.

275 877 281 883 -
360 839 452 896 De
485 832 732 907 judicii
767 836 893 893 die.
946 833 1064 892 Sed
1106 849 1276 891 nunc
1313 831 1500 890 clave
1539 831 1911 905 majestatis
1947 829 2061 888 Dei
2099 829 2311 889 clausi
2348 834 2533 901 suut,
2575 835 2902 904 quatenus
2937 830 3267 889 elementa
3304 830 3369 889 in

272 942 725 1002 moderatione
759 938 1147 1010 haerebant,
1186 955 1308 997 nec
1344 954 1547 1011 super
1582 938 1788 996 ullum
1826 936 2161 994 hominem
2197 936 2332 993 ullo
2367 935 2664 1008 periculo
2698 935 3237 1004 dominabuntur,
3274 937 3374 995 ni-

276 1046 332 1106 si
371 1047 434 1103 in
468 1045 593 1103 fine
629 1044 906 1114 saeculi,
945 1043 1103 1118 quia
1143 1049 1296 1102 tunc
1331 1043 1551 1100 omnia
1590 1041 2075 1115 purgabuntur3
2117 1046 2348 1112 postea
2399 1037 2526 1112 ipsi
2562 1041 2826 1096 cantum
2883 1039 2943 1097 in
2981 1039 3376 1114 symphonia

279 1151 512 1221 ferent,
551 1156 617 1208 et
652 1148 832 1206 nulla
867 1152 1179 1206 creatura
1213 1151 1340 1216 est,
1380 1159 1550 1219 quae
1589 1160 1716 1202 una
1752 1143 1895 1200 sola
1943 1141 2352 1214 proprietate
2403 1141 2756 1214 consistat,
2794 1140 2954 1215 quin
3003 1141 3230 1215 plures
3265 1141 3384 1202 ha·

283 1255 457 1313 beat.

373 1358 466 1416 De
518 1356 745 1414 nihilo.
782 1352 904 1411 Sed
958 1351 1238 1412 nihilum
1277 1353 1483 1411 ullam
1532 1350 2011 1426 proprietatem
2050 1348 2272 1421 habet,
2328 1349 2390 1407 in
2426 1363 2557 1423 qua
2591 1348 2957 1420 subsistat,
2993 1356 3061 1408 et
3097 1349 3242 1409 ideo
3279 1350 3378 1410 ni-

285 1459 376 1519 hil
411 1463 536 1531 est;
576 1458 746 1517 unde
783 1456 985 1516 etiam
1019 1456 1190 1515 aliae
1226 1462 1599 1526 creaturae,
1639 1470 1809 1529 quae
1843 1454 2188 1512 voluntate
2226 1469 2346 1510 sua
2398 1467 2469 1510 se
2507 1450 2711 1510 nihilo
2762 1453 3195 1528 conjungunt,
3234 1470 3385 1528 pro·-

281 1567 602 1640 prietates
639 1581 797 1623 suas
834 1563 1141 1638 perdunt,
1182 1569 1246 1620 et
1284 1562 1362 1620 ad
1405 1560 1690 1619 nihilum
1729 1559 1958 1617 fluunt.

378 1673 471 1731 De
520 1673 935 1749 firmamento
972 1675 1032 1725 et
1085 1668 1315 1725 ventis.
1356 1666 1880 1723 Firmamentum
1931 1675 2155 1720 autem
2200 1662 2437 1735 ignem,
2492 1661 2725 1725 solem.
2767 1662 3011 1734 lunam,
3050 1663 3284 1724 stellas
3318 1668 3386 1723 et

290 1780 526 1836 ventos
578 1776 809 1845 habet,
863 1790 982 1848 per
1033 1788 1203 1848 quae
1253 1769 1475 1830 omnia
1525 1768 1859 1838 consistit,
1898 1773 1964 1826 et
2022 1783 2303 1841 quorum
2354 1767 2880 1842 proprietatibus
2930 1768 3255 1844 firmatur,
3308 1786 3391 1830 ne

299 1882 685 1954 dissipetur.
725 1879 887 1938 Nam
921 1883 994 1936 ut
1030 1877 1252 1936 anima
1286 1880 1501 1933 totum
1550 1887 1797 1946 corpus
1834 1868 2125 1929 hominis
2174 1875 2379 1940 tenet,
2420 1870 2508 1927 ita
2560 1869 2762 1928 etiam
2799 1871 2981 1930 venti
3035 1873 3245 1931 totum
3282 1871 3394 1930 fir·

298 1991 696 2045 mamentum
750 1985 1113 2057 continent,
1150 1999 1228 2040 ne
1279 1985 1772 2053 corrumpatur,
1810 1983 1876 2035 et
1929 1976 2300 2035 invisibiles
2337 1979 2512 2049 sunt,
2568 1976 2747 2033 velut
2797 1975 2997 2034 etiam
3034 1978 3251 2036 anima
3290 1978 3389 2036 in-

299 2090 584 2149 visibilis
619 2094 744 2162 est,
782 2088 862 2160 de
897 2093 1157 2146 secreto
1193 2085 1308 2143 Dei
1346 2084 1639 2142 veniens.
1676 2083 1753 2140 Et
1788 2083 1964 2140 sicut
1991 2081 2235 2138 domus
2283 2080 2539 2155 absque
2577 2080 3009 2154 angularibus
3055 2081 3394 2155 lapidibus

299 2212 426 2254 non
460 2199 744 2266 constat,
784 2193 881 2252 sic
918 2208 1036 2251 nec
1064 2191 1583 2260 firmamentum,
1622 2203 1741 2246 nec
1775 2193 1980 2260 terra,
2018 2201 2140 2244 nec
2174 2185 2485 2259 abyssus,
2539 2203 2658 2244 nec
2698 2188 2872 2245 totus
2923 2186 3206 2246 mundus
3242 2202 3394 2246 cum

302 2298 610 2357 omnibus
661 2295 1264 2372 compositionibus
1316 2294 1486 2362 suiS,
1541 2292 1795 2366 absque
1846 2289 1951 2348 his
2001 2289 2220 2347 ventis
2271 2295 2486 2360 esset,
2539 2289 2695 2363 quia
2754 2288 2917 2348 haec
2967 2289 3187 2348 omnia
3244 2305 3396 2347 cum

306 2403 468 2478 ipsis
518 2401 887 2477 composita
922 2405 986 2457 et
1038 2403 1294 2458 retenta
1332 2402 1504 2456 sunt.
1559 2395 1719 2454 Nam
1759 2400 1934 2453 terra
1973 2399 2115 2452 tota
2152 2394 2571 2451 scinderetur
2606 2396 2671 2452 et
2705 2395 3150 2467 rumperetur,
3190 2393 3249 2451 si
3284 2390 3398 2452 isti

302 2506 482 2565 venti
533 2522 661 2564 non
693 2511 942 2572 essent,
994 2501 1552 2578 quemadmodum
1599 2498 1801 2557 etiam
1855 2496 2049 2555 homo
2102 2500 2282 2557 totus
2333 2495 2771 2564 scinderetur,
2811 2495 2864 2554 si
2917 2512 3068 2554 ossa
3102 2512 3232 2554 non
3284 2494 3400 2554 ha-

307 2611 510 2671 beret.
541 2603 584 2685 ¹)

378 2754 455 2808 De
483 2750 668 2806 ventis
694 2749 1119 2805 collateralibus
1941 2745 2021 2803 De
2047 2748 2193 2802 aeris
2220 2747 2350 2804 mis.

309 2839 389 2893 De
416 2838 549 2892 sole.
1943 2835 2022 2889 De
2048 2834 2266 2905 eclipsi.

314 2925 393 2979 De
421 2925 569 2978 luna.
1946 2921 2024 2976 De
2050 2920 2304 2990 quinque
2334 2922 2596 2991 planetis

313 3010 391 3065 De
420 3025 542 3064 rore
1947 3007 2025 3064 De
2052 3007 2392 3063 firmamenti
2426 3008 2823 3066 retardatione.

316 3096 395 3150 De
422 3094 567 3150 aeris
591 3094 942 3166 purgatione.

408 3235 528 3294 Sed
579 3242 645 3292 et
681 3234 1171 3295 firmamentum
1227 3233 1289 3291 in
1324 3231 1680 3293 velocitate
1732 3233 2311 3299 circumvolvitur,
2364 3238 2431 3291 et
2465 3234 2561 3292 sol
2600 3248 2747 3291 cum
2787 3237 3074 3294 caeteris
3124 3240 3410 3313 planetis

321 3346 552 3399 contra
588 3338 750 3397 illud
785 3344 850 3396 et
884 3339 1122 3397 obvius
1160 3339 1252 3398 illi
1292 3340 1612 3413 paulatim
1647 3342 1881 3413 currit,
1920 3346 2120 3415 atque
2156 3340 2579 3398 velocitatem
2616 3341 2760 3414 ejus
2798 3343 3059 3417 retinet;
3097 3349 3410 3421 quoniam

324 3450 379 3508 si
417 3449 519 3507 sol
569 3446 730 3505 illud
767 3445 1162 3504 retardando
1214 3462 1344 3505 non
1381 3448 1720 3513 retineret,
1763 3448 1864 3504 vel
1902 3446 1956 3505 si
1996 3447 2138 3520 ipse
2175 3462 2320 3504 cum
2362 3443 2649 3505 caeteris
2694 3450 2979 3521 planetis
3016 3453 3199 3511 tanta
3233 3455 3415 3513 velo-

323 3554 525 3612 citate
574 3557 876 3612 curreret
908 3554 1170 3612 obviarn
1223 3555 1662 3625 firmament0‚
1702 3560 1949 3629 quanta
1987 3554 2149 3612 illud
2185 3555 2759 3622 circumvolvitur,
2797 3560 3019 3618 omnia
3055 3561 3416 3621 confunde·-

327 3660 577 3728 rentur,
608 3660 673 3714 et
700 3657 1184 3715 firmamentum
1225 3661 1433 3717 totum
1471 3659 2033 3732 dirumperetur...
2064 3661 2231 3717 Ante
2265 3674 2492 3716 casum
2531 3659 2730 3733 Adae,
2772 3662 3257 3724 firmamentum
3299 3665 3418 3723 im·-

328 3764 570 3824 mobile
624 3762 773 3832 fuit,
812 3768 877 3822 et
927 3780 1056 3821 non
1094 3764 1771 3837 circumvolvebatur3
1810 3766 1977 3838 post
2011 3780 2241 3821 casum
2293 3769 2512 3821 autem
2559 3764 2725 3838 ejuS‚
2780 3768 2998 3842 coepit
3047 3770 3298 3831 moveri
3350 3774 3419 3828 et

329 3865 791 3940 circumvolvi3
847 3866 961 3924 sed
1000 3873 1149 3940 post
1199 3867 1642 3925 novissimum
1677 3867 1851 3923 diem
1892 3866 2230 3924 immobile
2267 3868 2493 3939 stabit,
2532 3873 2603 3925 ut
2638 3870 2852 3942 prima
2891 3872 3229 3931 creatione
3265 3879 3418 3930 ante

330 3987 561 4029 casum
599 3971 778 4029 Adae
818 3969 962 4030 fuit.
1014 3970 1199 4029 Nunc
1235 3973 1454 4029 autem
1507 3971 1654 4028 ideo
1706 3971 2284 4042 circumvolvitur,
2338 3977 2407 4028 ut
2447 3989 2481 4027 a
2520 3973 2680 4043 sole,
2737 3974 2912 4045 luna,
2951 3981 3017 4033 et
3066 3977 3281 4035 stellis
3318 3994 3422 4037 ro-

331 4077 604 4135 boretur
651 4079 718 4133 et
765 4073 1217 4143 confirmetur,
1271 4075 1426 4149 quia
1479 4075 1531 4131 si
1587 4072 1925 4132 immobile
1977 4081 2211 4145 staret,
2266 4077 2397 4132 cito
2451 4075 2884 4149 liquefactum
2933 4084 2998 4135 et
3047 4079 3421 4141 emollitum

329 4181 671 4237 deflueret.
723 4179 812 4236 Ex
848 4178 968 4236 hoc
1019 4178 1220 4235 etiam
1257 4178 1429 4253 quod
1487 4178 1676 4235 mollo
1715 4179 2292 4245 circumvolvitur,
2344 4180 2673 4237 elementa
2709 4188 2970 4255 purgat,
3008 4188 3074 4241 et
3109 4185 3424 4259 purgatio

337 4284 451 4341 illa
489 4283 816 4340 interdum
870 4289 1026 4340 sunt
1060 4297 1352 4356 aquosae
1402 4288 1460 4338 et
1502 4281 1730 4355 nigrae
1781 4281 1992 4339 nubes
2029 4298 2197 4355 quas
2245 4282 2570 4354 videmus,
2611 4284 2793 4344 velut
2825 4285 3026 4343 etiam
3063 4303 3234 4363 aqua
3270 4304 3424 4348 cum

335 4385 419 4444 ad
459 4386 670 4459 ignem
711 4386 772 4444 in
810 4386 939 4444 olla
975 4387 1265 4461 ponitur,
1302 4392 1367 4473 et
1405 4387 1468 4444 in
1507 4386 1766 4444 fervore
1802 4388 2050 4445 caloris
2086 4403 2389 4461 spumam
2426 4387 2608 4462 ejicit
2640 4396 2705 4447 et
2740 4397 3087 4465 purgatur.

433 4491 525 4549 De
560 4491 962 4567 firmamenti
998 4492 1464 4549 consonantiis
1505 4491 1570 4548 In
1611 4490 1750 4563 ipsa
1787 4491 1985 4549 etiam
2041 4491 2639 4550 circumvolutione
2691 4493 2793 4550 sui
2834 4495 3175 4555 mirabiles
3225 4514 3428 4557 sonos

337 4594 610 4663 emittit,
650 4611 817 4669 quos
853 4600 1072 4654 tamen
1113 4610 1269 4671 prae
1304 4593 1508 4654 nimia
1543 4594 1895 4654 altitudine
1930 4601 1995 4653 et
2031 4596 2384 4654 latitudine
2421 4595 2565 4670 ejus
2601 4597 2833 4656 audire
2868 4615 2993 4658 non
3039 4618 3424 4675 possulum,

419 4816 462 4882 ¹)
502 4816 795 4873 Hactenus
834 4819 1106 4889 rescripta
1148 4820 1393 4876 indolem
1437 4821 1567 4879 libri
1610 4821 1746 4899 satis
1778 4821 1842 4876 si·
1940 4822 2251 4877 omittenda
2299 4824 2596 4887 duximus.
2638 4825 2767 4880 dato
2817 4833 3034 4883 tantum
3077 4831 3312 4887 elencho
3349 4847 3435 4887 re-

346 4904 642 4973 gnificant;
685 4922 864 4977 neque
905 4906 974 4961 ab
1015 4906 1376 4975 Hildegardis
1417 4907 1642 4978 ingenio
1679 4914 1736 4961 et
1776 4909 1850 4962 lo·
1942 4927 2091 4966 rum.
2134 4911 2251 4966 sive
2279 4913 2413 4981 quia
2449 4916 2603 4984 plura
2646 4929 2754 4966 non
2784 4914 2999 4984 patitur
3034 4916 3326 4971 Sacrorum
3363 4919 3433 4973 A·

345 4990 512 5059 qiiela
556 4991 840 5046 recedunt.
896 4990 1224 5061 Sequentia.
1258 4993 1482 5061 quinties
1515 5001 1669 5047 extra
1703 4999 1849 5047 vete·
1942 4999 2282 5052 nec-dotorum
2305 4997 2661 5058 institutum,
2685 4997 2802 5053 sive
2822 5000 2953 5069 quia
2978 5000 3147 5054 etiam
3173 5016 3346 5064 nunc,
3370 5008 3437 5057 ut

352 5093 469 5131 rem
500 5078 787 5149 physicam
816 5087 910 5132 aut
945 5080 1280 5134 medicinam
1310 5096 1418 5133 nnn
1460 5081 1847 5143 egrediuntur,
1944 5082 2289 5143 audivimus,
2332 5091 2547 5137 caetera
2592 5083 2677 5137 vir
2714 5084 2914 5139 doetus
2944 5087 2999 5139 in
3028 5087 3327 5144 Germania
3355 5090 3440 5146 di-

354 5161 439 5215 vel
467 5162 692 5230 quoties
722 5180 829 5218 non
855 5163 1102 5219 referunt
1129 5164 1345 5259 aliquid
1377 5173 1570 5222 notatu
1600 5165 1848 5235 dignius.
1944 5175 2090 5222 serte
2108 5168 2486 5239 persequitur.
2502 5184 2670 5239 quam
2692 5169 2808 5225 cito
2832 5172 2981 5241 typis
3002 5174 3428 5234 committenda.

1171 5304 1182 5329 i
