4036 6117
1179 517 1418 567 mann
1463 518 1665 567 vrrAE
1711 516 2201 565 immi-onum,
2253 518 2310 564 Ρ.
2363 517 2475 564 111.
3178 498 3298 564 1311

285 636 437 698 tiam
461 635 611 714 eJus
636 635 981 714 pugnavit,
1010 634 1124 697 ubi
1150 639 1437 714 plurima
1468 639 1748 699 vulnera
1773 638 2054 713 accepit;
2086 636 2535 698 inobedientia
2563 651 2721 696 vero
2748 636 3126 713 praeceptis
3152 636 3367 713 ipsius

281 759 348 801 se
380 759 506 803 non
541 741 865 816 subdidit,
915 748 986 804 et
1015 742 1226 802 Deum
1258 744 1511 802 nullam
1557 745 1962 819 potestatem
1995 742 2245 802 habere
2291 741 2627 802 clamavit.
2664 741 2887 801 Inanis
2928 755 3194 817 quoque
3229 741 3368 816 glo-

286 846 378 904 ria
408 845 536 905 hoc
567 845 1003 921 desideravit,
1043 846 1220 923 quod
1248 846 1391 906 fieri
1425 862 1558 906 non
1581 844 1832 922 debuit,
1867 845 2184 907 videlicet
2208 844 2387 922 quod
2420 861 2494 905 se
2525 845 2733 905 Deum
2764 845 3096 905 nominari
3129 844 3363 904 voluit.

285 949 570 1009 Fallacia
595 950 801 1009 etiam
824 949 958 1010 Deo
987 950 1179 1009 finem
1208 951 1550 1027 imponere
1576 949 1977 1025 concupivit,
2007 955 2075 1010 et
2097 950 2435 1010 viventem
2460 949 2669 1009 Deum
2696 948 2974 1024 respuit,
3004 964 3083 1008 ac
3107 953 3369 1008 mutum

281 1054 477 1113 Deum
527 1054 660 1114 sibi
692 1055 913 1131 elegit.
946 1054 1028 1115 Et
1061 1055 1237 1114 sicut
1269 1053 1351 1114 de
1383 1054 1520 1114 Eva
1567 1070 1759 1114 omne
1792 1070 2003 1130 genus
2037 1054 2389 1131 processit,
2435 1053 2533 1114 sic
2564 1057 2633 1114 et
2664 1053 2745 1113 de
2795 1052 3111 1128 superbia
3144 1053 3368 1113 omnia

285 1158 449 1217 mala
486 1157 813 1218 vitiorum
845 1164 1076 1219 exorta
1109 1161 1284 1232 sunt;
1322 1157 1493 1218 unde
1526 1164 1594 1218 et
1625 1157 1941 1218 Diabolus
1975 1158 2280 1219 eamdem
2313 1158 2661 1218 mulierem
2695 1172 2813 1232 per
2840 1156 3226 1231 superbiam
3263 1172 3372 1216 su-

278 1260 554 1338 peravit,
592 1277 747 1322 cum
781 1263 843 1322 ei
876 1269 952 1323 ut
983 1279 1256 1339 pomum
1287 1262 1667 1322 comederet
1700 1262 2058 1337 persuasit.
2095 1261 2508 1339 Quicumque
2543 1264 2765 1322 autem
2817 1260 3203 1337 superbiam
3236 1260 3366 1322 sibi

275 1366 642 1441 attraxerit,
678 1366 960 1427 caritate
1007 1366 1125 1427 Dei
1174 1372 1360 1427 caret
1388 1361 1460 1444 ¹),
1496 1372 1566 1427 et
1614 1368 1681 1427 in
1730 1383 1881 1428 rore
1914 1365 2397 1427 benedictionis
2445 1366 2773 1426 virtutum
2821 1382 2952 1426 non
2999 1365 3350 1441 germinat.

279 1468 694 1545 Quapropter
728 1470 947 1545 hom0,
984 1471 1098 1547 qui
1129 1470 1264 1531 Deo
1292 1471 1635 1530 humiliter
1670 1472 1927 1531 servire
1961 1471 2127 1545 vult,
2161 1470 2341 1529 illam
2374 1469 2585 1545 fugiat
2614 1468 2691 1548 ²),
2729 1476 2796 1529 et
2828 1485 2977 1529 eam
3010 1468 3091 1530 de
3126 1485 3199 1529 se
3235 1485 3373 1528 om-

275 1572 418 1633 nino
449 1574 765 1647 expellat.
801 1573 981 1635 Haec
1013 1580 1238 1635 autern
1269 1574 1351 1634 de
1385 1575 1866 1650 poenitentium
1898 1575 2250 1635 animabus
2282 1574 2648 1650 purgandis
2696 1579 2764 1633 et
2796 1573 3139 1634 salvandis
3185 1572 3363 1633 dicta

247 1677 442 1750 sunt,
493 1683 564 1736 et
613 1677 836 1738 fidelia
885 1683 1064 1754 sunt,
1112 1684 1181 1739 et
1226 1678 1443 1740 fidelis
1493 1678 1597 1740 his
1645 1678 1970 1755 attendat,
2018 1685 2088 1739 et
2126 1694 2207 1738 ea
2242 1680 2309 1738 in
2341 1679 2732 1740 memoriam
2782 1677 2997 1739 bonae
3045 1677 3366 1737 scientiae

285 1788 656 1857 componat.

356 1883 459 1944 62.
497 1885 651 1944 Vidi
685 1886 889 1947 etiam
923 1887 1224 1963 ejusdem
1259 1888 1708 1948 multitudinis
1740 1888 1912 1949 alios
1946 1888 2227 1964 spiritus
2263 1889 2376 1964 qui
2411 1888 2791 1949 clamabant
2821 1887 3142 1949 dicentes:
3179 1888 3358 1959 Quae

281 1987 485 2062 gloria
532 1991 603 2048 et
638 1989 815 2065 quod
864 2006 1141 2067 regnum
1175 1997 1280 2051 est
1327 1990 1506 2068 quod
1540 1992 1765 2052 nullus
1814 2008 2056 2067 capere
2088 1992 2339 2066 possit?
2379 1992 2496 2051 Isti
2550 1991 2932 2052 hominibus
2964 1991 3372 2067 persuadent

279 2094 344 2148 ut
374 2090 633 2149 nullum
668 2091 915 2152 donum
944 2093 1063 2153 Dei
1097 2094 1163 2153 in
1197 2094 1462 2155 homine
1510 2101 1757 2169 ament,
1811 2094 1930 2154 sed
1977 2095 2156 2171 quod
2205 2094 2645 2168 sibimetipsis
2693 2094 3023 2170 placeant,
3073 2100 3141 2154 et
3188 2093 3365 2171 quod

282 2196 710 2270 prosperitati
741 2198 809 2256 et
840 2197 1034 2258 bonis
1066 2213 1146 2258 ac
1181 2197 1489 2259 felicibus
1522 2198 1843 2276 operibus
1876 2199 2168 2259 aliorum
2203 2198 2560 2259 invideant.

1791 2422 1857 2482 L.

1238 2618 1331 2678 De
1381 2620 1675 2679 invidiae
1717 2621 1951 2695 poenis
1995 2622 2421 2696 puryatoriis.

359 2821 461 2882 63.
514 2822 598 2882 Et
632 2822 770 2882 vidi
803 2828 1096 2885 montem
1128 2840 1445 2901 magnum
1475 2831 1545 2886 et
1578 2842 1840 2902 cavum,
1886 2827 2000 2903 qui
2038 2826 2319 2886 interius
2355 2827 2504 2902 igne
2552 2832 2621 2886 et
2658 2826 2955 2888 fervente
2988 2828 3136 2905 pice
3172 2830 3370 2890 toties

281 2926 572 3003 ardebat,
610 2934 681 2987 et
728 2927 794 2987 in
827 2944 957 3004 quo
1002 2928 1356 2992 multitudo
1391 2931 1777 3008 viperarum
1808 2930 2257 3007 discurrebat,
2299 2937 2366 2991 et
2399 2931 2515 3007 qui
2547 2937 2904 3007 angustum
2945 2948 3021 2992 os
3056 2931 3367 3008 habebat,

282 3047 391 3108 per
419 3032 602 3109 quod
654 3033 915 3094 animae
965 3033 1301 3096 intrabant
1347 3041 1415 3096 et
1461 3036 1750 3098 exibant.
1788 3035 1913 3097 Sed
1962 3041 2031 3097 et
2058 3035 2250 3113 J‘uxta
2282 3039 2575 3098 montem
2610 3036 2813 3098 istum
2852 3035 3063 3113 frigus
3098 3038 3369 3098 maximi

283 3135 579 3197 horroris
615 3142 782 3213 erat,
837 3140 1097 3214 igneam
1132 3141 1443 3200 nebulam
1476 3157 1557 3202 ac
1592 3141 1659 3201 in
1691 3157 1770 3202 ea
1804 3141 2130 3218 plurimos
2164 3141 2554 3218 scorpiones
2588 3156 2789 3217 super
2831 3157 2905 3200 se
2939 3139 3212 3202 habenS.
3250 3142 3371 3201 His

281 3246 494 3300 autem
529 3243 948 3303 cruciatibus
979 3245 1241 3305 animae
1276 3245 1544 3306 illorum
1592 3246 2099 3322 torquebantur,
2150 3260 2323 3322 quae
2370 3245 2530 3305 dum
2572 3245 2637 3304 in
2671 3245 2940 3305 saeculo
2982 3247 3235 3320 essent,
3270 3246 3365 3305 in-

281 3343 489 3404 vidiae
524 3362 684 3404 cum
717 3346 868 3407 odio
904 3347 1400 3424 insudaverant3
1440 3350 1533 3410 ita
1565 3350 1741 3426 quod
1774 3349 1855 3410 de
1887 3350 2122 3424 poenis
2153 3349 2401 3409 montis
2440 3347 2641 3425 hujus
2683 3347 2766 3408 ad
2800 3363 3050 3422 poenas
3096 3348 3374 3424 frigoris

277 3452 454 3527 juxta
484 3454 795 3529 sepositi,
831 3458 899 3515 et
928 3454 1012 3516 de
1047 3457 1277 3531 poenis
1310 3457 1609 3534 ejusdem
1645 3457 1917 3534 frigoris
1951 3457 2034 3517 ad
2067 3473 2317 3533 poenas
2350 3455 2650 3531 ejusdem
2683 3457 2933 3517 montis
2963 3455 3361 3516 transibant.

283 3554 439 3625 Quia
470 3556 657 3616 enirn
693 3558 760 3617 in
791 3558 1108 3620 cordibus
1142 3562 1286 3622 suis
1328 3576 1531 3636 super
1562 3561 1733 3622 alios
1780 3577 1901 3638 per
1935 3560 2256 3621 invidiam
2302 3560 2774 3635 efferbuerant,
2821 3560 2888 3620 in
2924 3560 3075 3637 igne
3123 3560 3368 3621 montis

285 3657 473 3720 istius
506 3660 860 3737 ardebant3
896 3666 964 3724 et
996 3665 1154 3740 quia
1186 3666 1624 3742 prosperitati
1657 3673 1725 3727 et
1757 3666 2021 3727 actibus
2055 3667 2342 3727 aliorum
2378 3666 2705 3727 invidiose
2740 3666 3190 3741 detraxerant,
3229 3666 3377 3742 pice

285 3764 422 3840 ejus
470 3767 965 3844 inficiebantur3
999 3777 1068 3831 et
1115 3772 1272 3847 quia
1319 3772 1726 3833 mordaciter
1772 3778 1840 3832 et
1871 3773 2075 3847 impie
2123 3772 2295 3832 alios
2344 3772 2444 3831 sic
2491 3773 2979 3848 cruciaverant,
3030 3788 3073 3833 a
3112 3774 3366 3850 viperis

289 3869 495 3944 ipsius
535 3873 1043 3947 torquebantur.
1072 3873 1196 3935 Sed
1229 3881 1297 3936 et
1322 3879 1596 3951 propter
1619 3875 1845 3937 odium
1880 3876 2055 3953 quod
2087 3876 2154 3936 in
2187 3875 2438 3936 invidia
2482 3875 2877 3952 habuerant,
2932 3876 3146 3953 frigus
3188 3877 3377 3953 juxta

284 3974 591 4033 eumdem
615 3977 909 4035 montem
934 3978 1231 4053 positum
1255 3979 1698 4054 sustinebant;
1719 3985 1786 4039 et
1810 3984 2087 4055 propter
2111 3978 2575 4039 crudelitatem
2601 3978 2900 4055 ejusdem
2928 3978 3086 4053 odii,
3110 3979 3373 4053 igneam

290 4078 602 4138 nebulam
633 4078 780 4154 ejus
811 4082 1211 4157 sentiebant3
1248 4085 1317 4143 et
1348 4089 1623 4160 propter
1655 4082 2037 4143 mordacem
2073 4082 2489 4144 ferocitatem
2527 4082 2764 4158 ipsiuS,
2803 4082 3190 4158 scorpiones
3223 4080 3373 4157 ejus

287 4184 465 4259 passi
499 4185 678 4244 sunt.
727 4184 807 4243 Et
841 4186 1155 4261 quoniam
1190 4188 1506 4248 invidiam
1557 4204 1709 4248 cum
1742 4188 1894 4249 odio
1929 4193 1998 4247 et
2031 4187 2261 4248 odium
2290 4202 2440 4246 cum
2464 4185 2725 4246 invidia
2760 4187 2826 4246 in
2861 4203 2933 4247 se
2970 4186 3373 4262 habuerunt,

286 4287 364 4347 de
396 4288 640 4364 poenis.
672 4288 806 4349 illis
837 4288 922 4349 ad
952 4290 1126 4351 istas
1159 4296 1227 4350 et
1258 4291 1340 4352 de
1373 4291 1528 4352 istis
1556 4292 1642 4352 ad
1674 4292 1828 4352 illas
1862 4292 2066 4352 ibant.

1785 4521 1882 4581 LI.

1378 4718 1470 4778 De
1513 4718 1930 4795 poenitentia
1977 4717 2290 4777 invidiae.

379 4926 487 4988 64.
537 4928 618 4988 Et
666 4928 804 4990 vidi
835 4933 902 4992 et
934 4931 1226 4992 intellexi
1261 4932 1447 5009 haec,
1500 4933 1860 5010 audivique
1893 4948 2129 4992 vocem
2163 4932 2246 4991 de
2285 4932 2589 5009 praefata
2637 4934 2903 4992 vivente
2948 4932 3095 4991 lucc
3140 4932 3378 4990 iterum

294 5029 455 5089 mihi
488 5029 841 5094 dicentem:
876 5035 1056 5095 Haec
1089 5052 1259 5112 quae
1292 5036 1502 5113 videS,
1542 5052 1703 5099 vera
1735 5039 1910 5099 sunt.
1943 5035 2126 5098 Unde
2159 5036 2463 5097 homines
2497 5036 2553 5096 si
2579 5035 2701 5095 hos
2737 5036 3068 5113 pessimos
3096 5034 3375 5109 spiritus

367 5181 409 5249 ¹)
435 5185 639 5241 carebit
666 5184 756 5240 W.
795 5218 856 5227 —
883 5189 927 5256 ¹2)
953 5189 1132 5260 fuqt’et
1163 5188 1251 5245 W.
