4036 6117
685 471 814 534 158
1831 486 1885 532 s.
1946 485 2504 537 nunssAnms

616 610 824 687 cujus
857 622 1101 670 sensus
1134 607 1291 668 talis
1325 612 1450 667 est.
1486 604 1697 666 Filius
1728 604 1848 667 Dei
1883 608 1949 667 in
1982 607 2294 669 claritate
2324 608 2713 671 Divinitatis
2748 623 2911 671 suae
2942 624 3214 671 carnem
3245 625 3326 673 ex
3357 610 3629 686 Virgine
3657 603 3714 688 Υ)

611 713 849 788 induit,
886 726 1059 790 quae
1090 727 1211 788 per
1259 710 1702 771 salvationem
1750 712 1817 771 in
1864 713 2373 788 recuperatione
2420 711 2703 772 alterius
2735 712 2939 788 vitae,
2972 712 3239 788 generis
3286 712 3563 773 humani
3610 717 3721 773 ta·

607 818 1046 881 bernaculum
1079 816 1331 876 existit.
1368 814 1545 875 Deus
1578 815 1757 874 enim
1789 816 2035 876 ardens
2070 817 2173 877 sol
2202 816 2473 892 dicitur,
2509 817 2626 893 qui
2661 818 2887 877 omnia
2919 817 3210 878 obscura
3258 815 3706 889 illuminabat,

614 921 879 999 quando
914 926 1296 981 creaturam
1329 919 1607 994 creavit;
1640 920 1723 979 de
1755 920 1949 996 cujus
1983 921 2233 995 calore,
2269 921 2455 981 velut
2489 921 3022 995 tabernaculum,
3058 937 3216 981 caro
3249 919 3542 995 Virginis
3579 916 3712 979 fer·

614 1025 837 1101 vebat,
890 1026 984 1085 ita
1032 1023 1212 1100 quod
1259 1023 1460 1084 homo
1510 1023 1961 1099 splendidiore
2009 1024 2137 1084 fide
2184 1031 2254 1084 et
2301 1025 2683 1085 ardentiore
2716 1025 2999 1083 caritate
3030 1040 3111 1083 ex
3157 1012 3308 1099 ipsa
3340 1022 3700 1100 processit,

613 1142 819 1206 'quarn
844 1143 1051 1204 quum
1076 1127 1275 1202 Deus»,
1297 1133 1449 1188 ante
1476 1128 1761 1202 ruinam,
1782 1128 1962 1188 Adae
1978 1128 2186 1188 Evam
2205 1129 2658 1205 conjungeret.
2676 1126 2727 1206 ²)
2747 1129 2899 1204 Ipse
2916 1129 3121 1187 etiam
3136 1126 3314 1187 Deus
3330 1128 3552 1187 virum
3572 1124 3711 1186 for·-

611 1239 748 1295 tem
779 1240 847 1294 et
881 1233 1195 1294 feminam
1226 1232 1515 1295 debilem
1548 1240 1919 1309 creaverat,
1956 1234 2151 1311 cujus
2184 1234 2499 1295 debilitas
2526 1234 2836 1294 mendum
2870 1234 3235 1310 generavit.
3262 1234 3342 1294 Et
3371 1233 3705 1295 Divinitas

621 1337 815 1400 fortis
848 1343 975 1412 est,
1011 1354 1169 1397 caro
1204 1344 1428 1401 autem
1461 1338 1611 1400 Filii
1644 1339 1761 1399 Dei
1795 1339 2078 1413 infirma,
2115 1355 2234 1415 per
2266 1355 2468 1416 quam
2514 1339 2801 1399 mundus
2846 1340 2912 1398 in
2942 1339 3236 1415 priorem
3268 1339 3480 1399 vitam
3512 1353 3704 1401 recu-

620 1447 914 1519 peratur.
961 1442 1132 1502 Caro
1165 1458 1326 1502 vero
1359 1442 1487 1502 ista
1521 1443 1950 1503 immaculata
1982 1450 2050 1503 et
2083 1444 2426 1515 inviolata,
2463 1442 3026 1519 quomadmodum
3073 1458 3386 1518 sponsae,
3437 1456 3711 1518 proces-

617 1544 709 1605 sit
742 1560 822 1605 ex
852 1551 1046 1606 utero
1077 1546 1412 1621 virginali:
1451 1546 1534 1606 ad
1568 1546 1693 1607 hoc
1726 1548 1931 1607 etiam
1967 1547 2061 1606 ita
2097 1547 2278 1622 fecit,
2313 1546 2876 1623 quemadmodum
2906 1546 3113 1606 etiam
3147 1547 3215 1606 in
3247 1546 3423 1606 laeto
3456 1545 3705 1621 gaudio

613 1667 903 1728 sponsus
936 1667 1254 1727 sponsam
1288 1667 1477 1713 suam
1511 1645 1560 1731 3)
1611 1668 1732 1727 per
1771 1652 2360 1728 desponsationem
2396 1652 2462 1711 in
2493 1651 2713 1711 cubile
2761 1650 2987 1712 cordis
3037 1650 3143 1712 sui
3193 1649 3497 1726 suscipit,
3549 1664 3707 1710 cum

612 1755 817 1842 etiam
852 1755 918 1815 in
943 1771 1182 1831 magna
1212 1756 1568 1816 dilectione
1600 1772 1832 1816 omnes
1865 1756 2140 1815 divitias
2174 1761 2243 1815 et
2274 1772 2538 1816 omnem
2571 1755 2890 1815 honorem
2918 1770 3115 1816 suum
3149 1754 3248 1813 illi
3273 1754 3496 1815 donat.
3524 1754 3708 1815 Tunc

614 1858 789 1919 idem
815 1859 1025 1920 Filius
1049 1859 1164 1919 Dei
1190 1861 1537 1937 exultavit,
1566 1867 1634 1921 et
1668 1863 1732 1921 in
1759 1862 2113 1921 altitudine
2144 1861 2552 1937 DivinitatiS,
2584 1868 2656 1922 ut
2679 1863 2895 1938 gigaS,
2926 1861 3053 1922 hoc
3080 1862 3146 1920 in
3170 1861 3415 1937 gaudio
3438 1875 3565 1921 suo
3591 1859 3710 1922 ha-

612 1961 779 2037 buit,
810 1963 986 2039 quod
1020 1979 1143 2024 nec
1174 1964 1398 2039 timor,
1434 1980 1556 2025 nec
1586 1965 1864 2025 dubium
1891 1965 1957 2023 in
1990 1965 2138 2041 ipso
2173 1971 2342 2039 erat,
2372 1965 2550 2042 quod
2583 1965 2668 2025 ab
2703 1966 2838 2026 ullo
2869 1965 3128 2025 victore
3155 1964 3394 2025 itinera
3417 1963 3566 2040 ejus
3589 1963 3705 2025 ob-

615 2071 1061 2142 struerentur,
1113 2067 1274 2143 quin
1308 2067 1704 2129 festinanter
1734 2075 2059 2144 curreret,
2093 2075 2170 2129 ut
2200 2070 2488 2129 salvatio
2534 2069 2764 2145 populi
2795 2084 2947 2129 cum
2993 2068 3106 2129 via
3137 2068 3449 2128 veritatis
3487 2066 3707 2129 eidem

612 2171 861 2249 populo
907 2186 1028 2247 per
1060 2172 1281 2246 ipsum
1313 2171 1910 2235 demonstraretur.
1946 2173 2116 2234 Num
2165 2191 2203 2233 a
2236 2189 2495 2234 summo
2527 2173 2662 2235 Deo
2693 2174 2996 2249 egressio
3027 2172 3197 2249 ejuS,
3246 2187 3399 2231 cum
3435 2188 3473 2232 a
3504 2171 3705 2231 Patre

608 2274 861 2350 exienS‚
897 2275 978 2334 ad
1012 2281 1265 2336 terram
1311 2292 1385 2337 se
1432 2276 1800 2352 inclinavit,
1840 2278 1932 2337 ita
1965 2277 2142 2353 quod
2178 2278 2374 2339 homo
2411 2278 2652 2353 sactus,
2689 2278 2929 2337 unicus
2972 2277 3183 2336 Filius
3232 2276 3301 2334 in
3330 2279 3700 2352 potestate,

609 2379 850 2438 unicus
883 2379 1093 2439 Filius
1142 2380 1218 2439 in
1257 2395 1479 2456 opere,
1517 2381 1755 2441 unicus
1789 2381 1998 2441 Filius
2035 2383 2101 2441 in
2135 2382 2529 2442 liberatione
2578 2398 2782 2459 super
2830 2397 3063 2441 omnes
3110 2385 3235 2440 est.
3268 2378 3452 2440 Unde
3497 2378 3707 2438 etiam

619 2496 774 2541 cum
805 2483 1039 2543 eadem
1085 2499 1285 2551 carne
1332 2490 1400 2543 et
1446 2500 1598 2545 cum
1646 2486 1825 2546 omni
1858 2501 2059 2562 opere
2108 2504 2231 2547 suo
2279 2487 2567 2562 pleniter
2614 2488 2813 2547 rediit
2861 2486 2943 2546 ad
2976 2486 3243 2546 Patrem
3278 2502 3497 2561 suum,
3549 2500 3704 2545 cum

609 2587 1052 2662 corporaliter
1100 2588 1182 2649 ad
1230 2589 1455 2675 coelos
1490 2589 1556 2648 in
1588 2591 1849 2667 magnis
1898 2591 2248 2652 miraculis
2298 2591 2620 2652 ascendit.
2671 2592 2804 2652 Nec
2852 2597 2958 2651 est
2990 2592 3106 2667 qui
3138 2589 3434 2666 effugere
3481 2591 3701 2667 possit

612 2695 908 2757 calorem
937 2693 1322 2755 Divinitatis
1371 2695 1542 2771 ejuS‚
1594 2697 1754 2773 quia
1804 2697 1948 2774 ipse
1997 2698 2289 2758 Verbum
2336 2698 2557 2757 Patris
2594 2698 2816 2756 omnia
2860 2697 3137 2771 creavit,
3174 2702 3242 2755 et
3282 2712 3550 2756 carnem
3602 2697 3700 2756 in-

610 2800 845 2874 duenS,
882 2799 1217 2861 hominem
1250 2800 1320 2861 in
1348 2817 1550 2861 carne
1583 2802 1920 2877 liberavit,
1957 2808 2025 2863 et
2072 2803 2221 2864 ideo
2269 2804 2493 2865 omnia
2535 2803 2719 2878 ¹iusto
2747 2802 3002 2878 judicio
3029 2802 3381 2877 judicabit,
3434 2802 3701 2862 scilicet

609 2902 954 2964 inimicum
989 2918 1142 2963 cum
1177 2905 1489 2981 maximo,
1526 2906 1970 2966 novissimum
2003 2923 2158 2967 cum
2189 2908 2430 2983 primo,
2468 2908 2626 2984 quia
2659 2923 2778 2983 per
2813 2908 3034 2983 ipsum
3069 2906 3291 2966 omnia
3324 2905 3651 2965 exierunt.

2059 3130 2265 3195 XXV.

1344 3328 1497 3390 Octo
1544 3330 1708 3389 vitia
1755 3335 1890 3389 octo
1935 3327 2455 3389 beatitudinibus
2502 3333 2966 3406 repuqnantia.

703 3537 812 3596 33.
848 3535 973 3595 Sed
1005 3535 1182 3612 quod
1217 3536 1284 3595 in
1312 3536 1657 3611 praedicta
1688 3537 1953 3612 nebula,
2004 3553 2177 3613 quae
2224 3536 2494 3597 diversa
2527 3552 2773 3613 genera
2804 3536 3120 3596 vitiorum
3156 3536 3223 3595 in
3257 3551 3330 3596 se
3364 3536 3588 3612 habet,
3626 3545 3700 3599 ut

612 3638 995 3717 praefatum
1024 3645 1152 3715 est,
1187 3655 1311 3699 nec
1356 3641 1561 3700 etiam
1610 3647 1762 3701 octo
1807 3642 1974 3702 vitia
2024 3642 2092 3701 in
2142 3641 2548 3717 imaginibus
2598 3641 2743 3700 suis
2774 3639 2902 3699 hoc
2937 3639 3132 3699 modo
3168 3639 3381 3715 vide8‚
3432 3639 3559 3702 hoc
3590 3647 3702 3703 est

614 3743 797 3821 quod
831 3744 899 3804 in
928 3744 1219 3805 obscura
1253 3745 1643 3805 infidelitate
1675 3746 2036 3807 damnosae
2068 3747 2488 3824 perditionis,
2526 3763 2699 3823 quae
2732 3734 3164 3807 multimodas
3198 3753 3381 3807 artes
3427 3747 3709 3809 diaboli·

610 3863 733 3909 eae
763 3848 1250 3910 exsufflationis
1282 3850 1615 3926 producit,
1654 3857 1727 3911 ut
1761 3853 2076 3928 superius
2109 3857 2456 3913 ostensum
2501 3857 2629 3926 est,
2682 3851 2791 3911 hic
2824 3850 3028 3911 etiam
3066 3857 3216 3911 octo
3248 3852 3417 3912 vitia
3452 3853 3519 3911 in
3550 3869 3702 3912 exe-

616 3953 989 4015 crabilibus
1022 3955 1626 4031 significationibus
1677 3958 1820 4017 suis
1869 3973 1943 4017 se
1991 3956 2449 4032 manifestant,
2485 3962 2636 4018 octo
2672 3955 3205 4017 beatitudinibus
3237 3957 3701 4032 repugnantia,

617 4077 660 4120 a
690 4060 936 4137 quibus
971 4067 1194 4122 tamen
1227 4077 1347 4137 per
1378 4061 1674 4122 divinam
1706 4064 2074 4139 potentiam
2110 4068 2537 4139 superantur,
2576 4066 2645 4122 et
2679 4062 2744 4121 in
2778 4061 3082 4121 eamdem
3107 4060 3549 4137 perditionem
3585 4077 3704 4119 un·

614 4164 697 4223 de
729 4166 1124 4243 procedunt,
1168 4167 1386 4226 redire
1420 4174 1770 4242 coguntur.

2044 4373 2283 4438 XXVI.

1905 4594 2000 4656 De
2049 4590 2405 4670 injustitia.

706 4801 812 4866 34.
846 4802 1069 4865 Prima
1117 4809 1342 4865 autem
1392 4803 1612 4882 imago
1663 4804 2067 4883 injustitiam
2114 4805 2469 4882 significat,
2521 4804 2764 4882 gaudio
2812 4803 2991 4867 vitae
3023 4820 3287 4883 carens,
3337 4812 3405 4867 et
3449 4803 3707 4885 primae

616 4906 957 4987 iniquitati
979 4905 1026 4989 ⁴)
1064 4910 1456 4986 adhaerenS,
1486 4910 1800 4987 quoniam
1829 4911 1940 4971 ille
1967 4912 2083 4987 qui
2109 4916 2291 4971 totus
2320 4911 2611 4989 injustus
2634 4916 2761 4987 est,
2792 4911 2964 4972 hanc
2987 4912 3270 4989 primam
3298 4911 3601 4990 protulit,
3630 4916 3705 4971 ut

696 5077 740 5142 ¹)
766 5076 964 5136 Nescio
983 5094 1093 5151 qua
1114 5078 1313 5137 calami
1338 5080 1594 5138 vecordia
1620 5081 1901 5139 scribatur
1921 5080 1981 5138 in
2001 5095 2126 5138 meo
2212 5088 2679 5158 recuperationem.
2723 5116 2791 5129 —
2825 5084 2873 5153 ²)
2909 5087 3271 5159 conjunxerat
3294 5083 3360 5141 A.
3391 5115 3458 5124 —
3484 5081 3530 5150 ⁸)
3553 5100 3720 5141 mam

618 5166 943 5237 apographo
964 5166 1175 5224 codicis
1202 5167 1248 5223 A
1270 5187 1337 5225 ex
1359 5172 1611 5241 imaqine.
1647 5202 1705 5209 —
1731 5169 1878 5226 idem
1905 5185 2034 5226 mox
2062 5174 2122 5226 in
2214 5184 2321 5226 om.
2354 5169 2417 5226 A.
2453 5201 2517 5210 «-
2546 5169 2591 5236 ⁴>
2616 5172 2937 5242 iniquitat&
2959 5171 3025 5228 A.
