4036 6117
585 443 711 502 192
1736 465 1786 507 s.
1852 462 2385 512 ntnnzeAnms

1937 684 2155 744 XVIII.

1561 890 1846 968 Abyssus
1896 894 2223 953 cisternae
2274 895 2533 954 similis.

594 1104 699 1164 25.
728 1100 853 1161 Sed
877 1101 946 1161 et
980 1100 1046 1160 in
1073 1098 1275 1159 fundo
1303 1099 1547 1159 similis
1581 1100 1918 1161 cisternae
1953 1108 2086 1173 est,
2123 1103 2438 1178 quoniam
2475 1106 2549 1161 ut
2584 1101 2829 1161 fundus
2863 1117 3075 1177 aquas
3111 1117 3314 1177 super
3341 1118 3413 1161 se
3446 1118 3599 1162 con-

508 1211 701 1280 tinet,
738 1208 838 1267 sic
868 1211 937 1266 et
968 1205 1253 1280 abyssus
1288 1204 1637 1281 superiora
1673 1221 1876 1280 super
1909 1222 1982 1266 se
2017 1206 2324 1266 sustinet.
2358 1201 2403 1285 ¹)

1727 1448 1736 1454 ·
1821 1484 1824 1487 ,
1915 1425 2174 1489 XVIIII.

1352 1637 1534 1709 Quod
1579 1637 1902 1714 fortitudo
1951 1638 2073 1697 Dei
2121 1655 2326 1715 aquas
2376 1638 2739 1714 liquefacit.

593 1848 698 1910 26.
750 1846 828 1906 Et
876 1861 1032 1904 ecce
1081 1843 1162 1903 de
1210 1844 1523 1905 cruribus
1571 1844 1871 1921 ejusdem
1919 1846 2051 1905 viri
2101 1862 2215 1906 aer
2263 1845 2534 1921 quidam
2584 1861 2735 1905 cum
2786 1845 3030 1904 sudore
3064 1843 3314 1918 exienS‚
3353 1859 3584 1903 omnes

503 1968 717 2029 aquas
766 1948 996 2025 abyssi
1043 1947 1310 2007 diverso
1358 1947 1554 2008 modo
1589 1955 1833 2023 movet,
1886 1950 2043 2024 quia
2077 1949 2157 2009 de
2210 1949 2598 2009 fortitudine
2643 1948 2760 2007 Dei
2810 1963 2926 2007 aer
2958 1963 3110 2006 curn
3160 1947 3432 2007 lenitate
3478 1963 3591 2005 ve-

495 2057 714 2126 nienS,
749 2056 817 2113 et
846 2051 1340 2113 multitudinem
1375 2066 1703 2128 aquarum
1735 2052 2204 2127 liquefacienS,
2240 2069 2356 2112 eas
2390 2053 2516 2112 hac
2550 2059 2617 2112 et
2651 2053 2806 2114 illac
2838 2051 3173 2126 diffundit,
3211 2067 3365 2110 curn
3400 2053 3582 2128 ipsas

500 2176 619 2236 per
666 2164 880 2218 totum
915 2156 1142 2216 orbern
1193 2161 1523 2214 terrarum
1573 2153 1862 2229 deducit,
1914 2172 2030 2215 eas
2065 2157 2266 2216 etiam
2318 2157 2410 2215 ita
2444 2158 2760 2232 retinens,
2813 2173 2895 2216 ne
2928 2155 3198 2215 modum
3233 2172 3427 2215 suum
3470 2161 3586 2214 aut

493 2261 910 2339 procedendo
937 2266 1054 2320 aut
1079 2258 1413 2319 redeundo
1449 2265 1564 2319 aut
1598 2261 1959 2320 crescendo
1993 2267 2109 2320 aut
2143 2260 2591 2321 decrescendo
2627 2261 3126 2337 transcendant,
3161 2259 3210 2339 9)
3248 2261 3365 2321 sed
3399 2267 3474 2322 ut
3508 2261 3584 2320 il-

492 2367 657 2436 lum,
697 2367 872 2425 sicut
905 2365 1073 2440 ipsis
1121 2381 1159 2423 a
1193 2363 1521 2439 principio
1556 2365 1964 2424 constitutus
1999 2367 2131 2434 est,
2169 2370 2455 2425 teneant.
2491 2359 2540 2443 ³)
2578 2366 2743 2425 Nam
2779 2367 3057 2440 spiritus
3088 2365 3349 2425 Domini
3383 2366 3581 2441 aquis

492 2469 959 2528 humiditatem
982 2464 1030 2546 ⁴)
1059 2471 1126 2525 et
1159 2481 1435 2525 cursum
1459 2465 1594 2540 dat,
1627 2467 1886 2527 scilicet
1911 2467 2089 2543 quod
2117 2467 2431 2527 humidae
2456 2473 2524 2528 et
2550 2468 2843 2545 liquidae
2879 2470 3043 2539 sint,
3071 2474 3139 2528 et
3164 2467 3340 2545 quod
3374 2467 3581 2528 fluant

498 2577 818 2647 tanquam
844 2570 1096 2643 vivant,
1127 2568 1428 2644 alioquin
1463 2574 1817 2629 concretae
1843 2572 2094 2645 essent,
2123 2585 2202 2628 ac
2236 2570 2301 2628 in
2336 2586 2465 2629 uno
2502 2569 2649 2630 loco
2676 2571 2820 2630 sine
2854 2571 3104 2645 impetu
3140 2570 3409 2630 fluentis
3440 2585 3581 2628 rno-

494 2674 694 2733 tionis
728 2678 1094 2745 manerent,
1131 2688 1254 2730 nec
1280 2678 1489 2741 terra,
1527 2687 1648 2731 nec
1680 2673 1815 2732 alia
1848 2679 2159 2733 creatura
2196 2673 2612 2749 irrigaretur„

1967 2898 2095 2960 XX.

1186 3094 1369 3166 Quod
1418 3094 1593 3154 Deus
1642 3094 1972 3151 elementa
2017 3096 2091 3152 in
2133 3100 2459 3170 potestate
2511 3113 2631 3153 sua
2678 3100 2878 3152 tenet.

569 3303 678 3364 26.
728 3303 877 3380 Ipse
926 3315 1192 3377 quoque
1239 3302 1421 3360 vires
1454 3301 1964 3370 elementorum,
2002 3317 2173 3377 quae
2208 3317 2411 3377 supra
2446 3307 2694 3361 terram
2727 3306 2794 3360 et
2839 3301 2906 3360 in
2937 3307 3119 3360 terra
3152 3305 3221 3359 et
3254 3299 3491 3359 subtus
3520 3293 3568 3376 ⁵)

485 3419 736 3473 terram
792 3415 979 3484 sunt,
1030 3407 1312 3486 pedibus
1364 3407 1507 3468 suis
1553 3408 1899 3484 deprimit,
1963 3409 2276 3484 quoniam
2325 3407 2501 3468 Deus
2552 3409 3016 3469 austeritatem
3061 3407 3565 3478 elementorum,

482 3534 653 3594 quae
703 3518 769 3575 in
826 3512 1285 3590 superioribus
1332 3517 1401 3573 et
1451 3515 1517 3572 in
1553 3513 1987 3572 interioribus
2038 3513 2217 3571 acin
2265 3512 2756 3573 subterioribus
2805 3511 3135 3572 creaturis
3179 3511 3384 3587 viget,
3417 3506 3467 3590 ⁶)
3504 3511 3571 3569 in

476 3626 810 3701 potestate
839 3636 980 3693 sua,
1033 3633 1203 3695 quae
1251 3620 1480 3678 contra
1514 3633 1744 3677 omnes
1781 3618 1976 3678 fortis
2010 3623 2144 3687 est,
2181 3623 2247 3677 et
2280 3633 2452 3694 quae
2485 3619 2707 3679 omnia
2740 3623 2987 3695 portat,
3034 3617 3313 3677 firmiter
3357 3622 3560 3690 tenet,

477 3747 561 3792 ne
595 3734 747 3790 ante
795 3728 1057 3801 tempus
1105 3722 1280 3799 quod
1328 3722 1425 3782 eis
1459 3728 1528 3781 et
1574 3723 1992 3798 propositum
2040 3728 2109 3782 et
2156 3723 2538 3783 institutum
2588 3723 2672 3784 ab
2717 3724 2862 3799 ipso
2895 3728 3023 3797 est,
3072 3722 3559 3795 concutiantur,

469 3839 589 3897 aut
628 3836 936 3903 tremant,
975 3834 1041 3888 et
1074 3835 1400 3887 terrorem
1437 3827 1588 3886 aliis
1624 3828 1956 3887 creaturis
1993 3826 2298 3888 inferant.

1936 4052 2092 4112 XXI.

843 4251 1030 4323 Quod
1080 4249 1254 4309 Deua
1289 4247 1512 4326 fideles
1562 4249 1863 4306 hortatur
1912 4241 1997 4304 ad
2039 4247 2546 4321 poenitentiam,
2592 4245 2943 4323 plagarum
2989 4250 3193 4304 metu.

562 4460 669 4523 28.
704 4457 886 4521 Unde
933 4465 1000 4518 et
1033 4457 1264 4517 fideles
1311 4454 1725 4529 exhortatur,
1763 4459 2095 4530 quatenus
2130 4453 2645 4514 admonitionem
2681 4453 2827 4530 eJus
2871 4451 3266 4529 percipiant,
3310 4456 3378 4511 et
3409 4467 3561 4525 poe-

466 4565 815 4627 nitentiam
850 4560 931 4622 de
977 4560 1271 4638 peccatis
1308 4558 1450 4619 suis
1501 4559 1849 4635 arripiant,
1887 4557 2045 4633 quia
2080 4572 2151 4616 se
2186 4556 2354 4632 ipsis
2391 4557 2458 4616 in
2494 4555 2723 4616 multis
2758 4554 3103 4615 miraculis
3138 4552 3546 4638 manifestat;

465 4669 763 4746 alioquin
809 4667 1042 4742 plagas
1089 4664 1236 4740 ejus
1286 4662 1598 4737 sentiant,
1642 4661 1700 4721 si
1748 4661 2197 4738 poenitentiae
2248 4658 2518 4720 modum
2567 4664 2706 4720 toto
2758 4659 2996 4719 annisu
3046 4656 3348 4717 cordium
3400 4672 3552 4716 suo-

467 4789 617 4832 rum
650 4771 779 4831 sibi
814 4786 944 4830 non
981 4767 1438 4845 imposuerint.
1543 4825 1546 4828 .

538 5004 582 5072 ¹)
623 5003 735 5060 Nec
778 5000 985 5058 satiora
1015 5000 1122 5057 sub
1151 4997 1514 5069 Hildegardis
1551 5013 1685 5054 aevo
1712 4997 1971 5055 doctissi-
2056 5004 2181 5053 neat
2216 4994 2308 5053 W.
2355 5027 2418 5036 -
2459 4996 2502 5063 ⁴)
2539 5011 2718 5069 aquas
2754 4993 3099 5048 humiditatis
3136 4990 3224 5044 W.
3280 5021 3341 5028 ω
3402 4990 3444 5050 ⁵)
3483 5007 3547 5042 ae

462 5089 540 5145 mi
570 5090 883 5162 sapiebant.
928 5119 995 5130 —-
1031 5090 1076 5154 ²)
1116 5087 1459 5142 transcendat
1496 5085 1564 5144 A.
1606 5083 1695 5138 W.
1737 5114 1802 5124 —-
1829 5082 1873 5146 ⁸)
1902 5091 1966 5138 te-
1993 5155 2000 5164 .
2058 5085 2242 5137 subtus
2265 5081 2357 5134 W.
2394 5113 2458 5120 —·
2484 5081 2528 5142 ⁶)
2557 5098 2697 5151 quae
2725 5077 2926 5133 inserit
2953 5076 2997 5130 Α
3029 5076 3236 5147 inepte.
