<?xml version="1.0" encoding="UTF-8"?>
<!DOCTYPE html PUBLIC "-//W3C//DTD XHTML 1.0 Transitional//EN"
    "http://www.w3.org/TR/xhtml1/DTD/xhtml1-transitional.dtd">
<html xmlns="http://www.w3.org/1999/xhtml" xml:lang="en" lang="en">
 <head>
  <title>
</title>
<meta http-equiv="Content-Type" content="text/html;charset=utf-8" />
  <meta name='ocr-system' content='tesseract 3.04.00' />
  <meta name='ocr-capabilities' content='ocr_page ocr_carea ocr_par ocr_line ocrx_word'/>
</head>
<body>
  <div class='ocr_page' id='page_1' title='image "analectasacrasp05pitrgoog_0326.png"; bbox 0 0 4036 6117; ppageno 0'>
   <div class='ocr_carea' id='block_1_1' title="bbox 739 508 2571 572">
    <p class='ocr_par' dir='ltr' id='par_1_1' title="bbox 739 508 2571 572">
     <span class='ocr_line' id='line_1_1' title="bbox 739 508 2571 572; baseline 0 -1"><span class='ocrx_word' id='word_1_1' title='bbox 739 508 869 571; x_wconf 71' lang='lat'><strong>288</strong></span> <span class='ocrx_word' id='word_1_2' title='bbox 1899 526 1949 570; x_wconf 89' lang='lat' dir='ltr'><strong>s.</strong></span> <span class='ocrx_word' id='word_1_3' title='bbox 2015 520 2117 570; x_wconf 71' lang='grc' dir='ltr'><strong>ιιι)</strong></span> <span class='ocrx_word' id='word_1_4' title='bbox 2141 522 2571 572; x_wconf 74' lang='lat' dir='ltr'><strong>1LsoAnn1s</strong></span> 
     </span>
    </p>
   </div>
   <div class='ocr_carea' id='block_1_2' title="bbox 619 638 3794 4984">
    <p class='ocr_par' dir='ltr' id='par_1_2' title="bbox 659 638 3755 1238">
     <span class='ocr_line' id='line_1_2' title="bbox 664 638 3755 722; baseline -0.001 -13"><span class='ocrx_word' id='word_1_5' title='bbox 664 652 839 711; x_wconf 70' lang='lat' dir='ltr'><strong>dimit</strong></span> <span class='ocrx_word' id='word_1_6' title='bbox 874 651 935 708; x_wconf 75' lang='grc' dir='ltr'><strong>εἰ</strong></span> <span class='ocrx_word' id='word_1_7' title='bbox 984 644 1362 722; x_wconf 80' lang='lat' dir='ltr'><strong>cogitandO,</strong></span> <span class='ocrx_word' id='word_1_8' title='bbox 1416 638 1615 705; x_wconf 78' lang='lat' dir='ltr'><strong>Rabbi</strong></span> <span class='ocrx_word' id='word_1_9' title='bbox 1666 644 1985 718; x_wconf 84' lang='lat' dir='ltr'><strong>omniurn,</strong></span> <span class='ocrx_word' id='word_1_10' title='bbox 2039 648 2284 705; x_wconf 82' lang='lat' dir='ltr'><strong>scimus</strong></span> <span class='ocrx_word' id='word_1_11' title='bbox 2334 647 2400 705; x_wconf 93' lang='lat' dir='ltr'><strong>in</strong></span> <span class='ocrx_word' id='word_1_12' title='bbox 2451 645 2795 704; x_wconf 89' lang='lat' dir='ltr'><strong>intellectu</strong></span> <span class='ocrx_word' id='word_1_13' title='bbox 2830 648 3087 718; x_wconf 89' lang='lat' dir='ltr'><strong>nostr0‚</strong></span> <span class='ocrx_word' id='word_1_14' title='bbox 3128 646 3291 722; x_wconf 81' lang='lat' dir='ltr'><strong>quia</strong></span> <span class='ocrx_word' id='word_1_15' title='bbox 3335 663 3378 703; x_wconf 86' lang='lat' dir='ltr'><strong>a</strong></span> <span class='ocrx_word' id='word_1_16' title='bbox 3410 642 3545 706; x_wconf 85' lang='lat' dir='ltr'><strong>Deo</strong></span> <span class='ocrx_word' id='word_1_17' title='bbox 3577 644 3755 705; x_wconf 80' lang='lat' dir='ltr'><strong>veni-</strong></span> 
     </span>
     <span class='ocr_line' id='line_1_3' title="bbox 666 746 3748 831; baseline -0.003 -15"><span class='ocrx_word' id='word_1_18' title='bbox 666 758 751 816; x_wconf 82' lang='lat' dir='ltr'><strong>sti</strong></span> <span class='ocrx_word' id='word_1_19' title='bbox 795 754 1134 831; x_wconf 77' lang='lat' dir='ltr'><strong>maqister,</strong></span> <span class='ocrx_word' id='word_1_20' title='bbox 1188 749 1253 808; x_wconf 87' lang='lat' dir='ltr'><strong>id</strong></span> <span class='ocrx_word' id='word_1_21' title='bbox 1301 753 1406 808; x_wconf 83' lang='lat' dir='ltr'><strong>est</strong></span> <span class='ocrx_word' id='word_1_22' title='bbox 1454 746 1631 823; x_wconf 88' lang='lat' dir='ltr'><strong>quod</strong></span> <span class='ocrx_word' id='word_1_23' title='bbox 1679 746 1855 807; x_wconf 87' lang='lat' dir='ltr'><strong>Deus</strong></span> <span class='ocrx_word' id='word_1_24' title='bbox 1891 764 1985 807; x_wconf 89' lang='lat' dir='ltr'><strong>es.</strong></span> <span class='ocrx_word' id='word_1_25' title='bbox 2040 749 2246 807; x_wconf 79' lang='lat' dir='ltr'><strong>Nemo</strong></span> <span class='ocrx_word' id='word_1_26' title='bbox 2279 752 2455 808; x_wconf 83' lang='lat' dir='ltr'><strong>enim</strong></span> <span class='ocrx_word' id='word_1_27' title='bbox 2502 754 2714 825; x_wconf 84' lang='lat' dir='ltr'><strong>potest</strong></span> <span class='ocrx_word' id='word_1_28' title='bbox 2764 752 2921 809; x_wconf 82' lang='lat' dir='ltr'><strong>haec</strong></span> <span class='ocrx_word' id='word_1_29' title='bbox 2970 750 3157 824; x_wconf 70' lang='lat' dir='ltr'><strong>siqua</strong></span> <span class='ocrx_word' id='word_1_30' title='bbox 3203 750 3423 826; x_wconf 78' lang='lat' dir='ltr'><strong>facere</strong></span> <span class='ocrx_word' id='word_1_31' title='bbox 3472 768 3642 826; x_wconf 80' lang='lat' dir='ltr'><strong>quae</strong></span> <span class='ocrx_word' id='word_1_32' title='bbox 3676 756 3748 807; x_wconf 80' lang='lat' dir='ltr'><strong>tu</strong></span> 
     </span>
     <span class='ocr_line' id='line_1_4' title="bbox 661 850 3746 937; baseline -0.002 -19"><span class='ocrx_word' id='word_1_33' title='bbox 661 860 850 937; x_wconf 78' lang='lat' dir='ltr'><strong>facis,</strong></span> <span class='ocrx_word' id='word_1_34' title='bbox 878 855 1036 932; x_wconf 91' lang='lat' dir='ltr'><strong>quia</strong></span> <span class='ocrx_word' id='word_1_35' title='bbox 1063 853 1232 912; x_wconf 87' lang='lat' dir='ltr'><strong>hanc</strong></span> <span class='ocrx_word' id='word_1_36' title='bbox 1265 850 1784 927; x_wconf 88' lang='lat' dir='ltr'><strong>possibilitatem</strong></span> <span class='ocrx_word' id='word_1_37' title='bbox 1818 852 2043 910; x_wconf 89' lang='lat' dir='ltr'><strong>nullus</strong></span> <span class='ocrx_word' id='word_1_38' title='bbox 2077 850 2300 924; x_wconf 89' lang='lat' dir='ltr'><strong>habet,</strong></span> <span class='ocrx_word' id='word_1_39' title='bbox 2331 852 2591 911; x_wconf 86' lang='lat' dir='ltr'><strong>scilicet</strong></span> <span class='ocrx_word' id='word_1_40' title='bbox 2624 852 2847 911; x_wconf 89' lang='lat' dir='ltr'><strong>omnia</strong></span> <span class='ocrx_word' id='word_1_41' title='bbox 2884 850 3125 925; x_wconf 85' lang='lat' dir='ltr'><strong>facere,</strong></span> <span class='ocrx_word' id='word_1_42' title='bbox 3161 854 3295 911; x_wconf 82' lang='lat' dir='ltr'><strong>nisi</strong></span> <span class='ocrx_word' id='word_1_43' title='bbox 3327 854 3536 930; x_wconf 78' lang='lat' dir='ltr'><strong>fuerit</strong></span> <span class='ocrx_word' id='word_1_44' title='bbox 3575 852 3746 912; x_wconf 77' lang='lat' dir='ltr'><strong>Deus</strong></span> 
     </span>
     <span class='ocr_line' id='line_1_5' title="bbox 662 954 3747 1033; baseline -0.003 -12"><span class='ocrx_word' id='word_1_45' title='bbox 662 979 811 1022; x_wconf 82' lang='lat' dir='ltr'><strong>cum</strong></span> <span class='ocrx_word' id='word_1_46' title='bbox 845 976 940 1033; x_wconf 82' lang='lat' dir='ltr'><strong>eo,</strong></span> <span class='ocrx_word' id='word_1_47' title='bbox 979 957 1044 1016; x_wconf 91' lang='lat' dir='ltr'><strong>id</strong></span> <span class='ocrx_word' id='word_1_48' title='bbox 1077 962 1182 1015; x_wconf 89' lang='lat' dir='ltr'><strong>est</strong></span> <span class='ocrx_word' id='word_1_49' title='bbox 1212 954 1342 1013; x_wconf 91' lang='lat' dir='ltr'><strong>nisi</strong></span> <span class='ocrx_word' id='word_1_50' title='bbox 1373 955 1568 1013; x_wconf 82' lang='lat' dir='ltr'><strong>DeuS.</strong></span> <span class='ocrx_word' id='word_1_51' title='bbox 1607 954 1770 1012; x_wconf 86' lang='lat' dir='ltr'><strong>Nam</strong></span> <span class='ocrx_word' id='word_1_52' title='bbox 1804 955 2089 1028; x_wconf 86' lang='lat' dir='ltr'><strong>coelum,</strong></span> <span class='ocrx_word' id='word_1_53' title='bbox 2143 955 2377 1028; x_wconf 88' lang='lat' dir='ltr'><strong>solem,</strong></span> <span class='ocrx_word' id='word_1_54' title='bbox 2417 955 2668 1025; x_wconf 85' lang='lat' dir='ltr'><strong>lunam,</strong></span> <span class='ocrx_word' id='word_1_55' title='bbox 2714 961 2778 1013; x_wconf 90' lang='lat' dir='ltr'><strong>et</strong></span> <span class='ocrx_word' id='word_1_56' title='bbox 2814 955 2943 1014; x_wconf 89' lang='lat' dir='ltr'><strong>alia</strong></span> <span class='ocrx_word' id='word_1_57' title='bbox 2980 955 3191 1029; x_wconf 82' lang='lat' dir='ltr'><strong>signa,</strong></span> <span class='ocrx_word' id='word_1_58' title='bbox 3245 971 3415 1031; x_wconf 89' lang='lat' dir='ltr'><strong>quae</strong></span> <span class='ocrx_word' id='word_1_59' title='bbox 3450 955 3516 1014; x_wconf 89' lang='lat' dir='ltr'><strong>in</strong></span> <span class='ocrx_word' id='word_1_60' title='bbox 3552 970 3747 1029; x_wconf 84' lang='lat' dir='ltr'><strong>supe-</strong></span> 
     </span>
     <span class='ocr_line' id='line_1_6' title="bbox 659 1058 3748 1134; baseline -0.002 -9"><span class='ocrx_word' id='word_1_61' title='bbox 659 1063 957 1124; x_wconf 87' lang='lat' dir='ltr'><strong>rioribus</strong></span> <span class='ocrx_word' id='word_1_62' title='bbox 1000 1059 1364 1120; x_wconf 88' lang='lat' dir='ltr'><strong>constituta</strong></span> <span class='ocrx_word' id='word_1_63' title='bbox 1413 1064 1479 1116; x_wconf 88' lang='lat' dir='ltr'><strong>et</strong></span> <span class='ocrx_word' id='word_1_64' title='bbox 1528 1058 1750 1131; x_wconf 85' lang='lat' dir='ltr'><strong>posita</strong></span> <span class='ocrx_word' id='word_1_65' title='bbox 1784 1060 1961 1129; x_wconf 90' lang='lat' dir='ltr'><strong>sunt,</strong></span> <span class='ocrx_word' id='word_1_66' title='bbox 2014 1059 2168 1133; x_wconf 89' lang='lat' dir='ltr'><strong>quis</strong></span> <span class='ocrx_word' id='word_1_67' title='bbox 2203 1064 2436 1134; x_wconf 88' lang='lat' dir='ltr'><strong>posset</strong></span> <span class='ocrx_word' id='word_1_68' title='bbox 2473 1058 2714 1131; x_wconf 87' lang='lat' dir='ltr'><strong>facere,</strong></span> <span class='ocrx_word' id='word_1_69' title='bbox 2766 1058 2896 1117; x_wconf 88' lang='lat' dir='ltr'><strong>nisi</strong></span> <span class='ocrx_word' id='word_1_70' title='bbox 2929 1058 3108 1118; x_wconf 89' lang='lat' dir='ltr'><strong>Deus</strong></span> <span class='ocrx_word' id='word_1_71' title='bbox 3140 1075 3338 1134; x_wconf 87' lang='lat' dir='ltr'><strong>quern</strong></span> <span class='ocrx_word' id='word_1_72' title='bbox 3372 1060 3599 1119; x_wconf 89' lang='lat' dir='ltr'><strong>nullus</strong></span> <span class='ocrx_word' id='word_1_73' title='bbox 3634 1058 3748 1119; x_wconf 90' lang='lat' dir='ltr'><strong>ho-</strong></span> 
     </span>
     <span class='ocr_line' id='line_1_7' title="bbox 662 1161 2195 1238; baseline -0.005 -10"><span class='ocrx_word' id='word_1_74' title='bbox 662 1169 912 1227; x_wconf 88' lang='lat' dir='ltr'><strong>minum</strong></span> <span class='ocrx_word' id='word_1_75' title='bbox 947 1166 1014 1223; x_wconf 93' lang='lat' dir='ltr'><strong>in</strong></span> <span class='ocrx_word' id='word_1_76' title='bbox 1047 1178 1327 1238; x_wconf 90' lang='lat' dir='ltr'><strong>corpore</strong></span> <span class='ocrx_word' id='word_1_77' title='bbox 1364 1178 1638 1221; x_wconf 88' lang='lat' dir='ltr'><strong>manens</strong></span> <span class='ocrx_word' id='word_1_78' title='bbox 1673 1161 1901 1221; x_wconf 88' lang='lat' dir='ltr'><strong>videre</strong></span> <span class='ocrx_word' id='word_1_79' title='bbox 1936 1161 2195 1237; x_wconf 78' lang='lat' dir='ltr'><strong>potest?</strong></span> 
     </span>
    </p>

    <p class='ocr_par' dir='ltr' id='par_1_3' title="bbox 654 1265 3745 1756">
     <span class='ocr_line' id='line_1_8' title="bbox 750 1265 3745 1346; baseline -0.002 -14"><span class='ocrx_word' id='word_1_80' title='bbox 750 1268 1112 1346; x_wconf 78' lang='lat' dir='ltr'><em>Respondit</em></span> <span class='ocrx_word' id='word_1_81' title='bbox 1148 1267 1360 1340; x_wconf 70' lang='lat' dir='ltr'><strong>Jews,</strong></span> <span class='ocrx_word' id='word_1_82' title='bbox 1401 1265 1464 1324; x_wconf 92' lang='lat' dir='ltr'><strong>id</strong></span> <span class='ocrx_word' id='word_1_83' title='bbox 1500 1271 1602 1325; x_wconf 91' lang='lat' dir='ltr'><strong>est</strong></span> <span class='ocrx_word' id='word_1_84' title='bbox 1639 1281 2034 1341; x_wconf 87' lang='lat' dir='ltr'><strong>responsum</strong></span> <span class='ocrx_word' id='word_1_85' title='bbox 2069 1283 2105 1323; x_wconf 90' lang='lat' dir='ltr'><strong>a</strong></span> <span class='ocrx_word' id='word_1_86' title='bbox 2140 1265 2390 1339; x_wconf 87' lang='lat' dir='ltr'><strong>Spiritu</strong></span> <span class='ocrx_word' id='word_1_87' title='bbox 2439 1265 2679 1324; x_wconf 86' lang='lat' dir='ltr'><strong>Sancto</strong></span> <span class='ocrx_word' id='word_1_88' title='bbox 2715 1271 3137 1341; x_wconf 88' lang='lat' dir='ltr'><strong>acceperunt;</strong></span> <span class='ocrx_word' id='word_1_89' title='bbox 3190 1273 3253 1325; x_wconf 81' lang='lat' dir='ltr'><strong>et</strong></span> <span class='ocrx_word' id='word_1_90' title='bbox 3303 1267 3475 1326; x_wconf 79' lang='lat' dir='ltr'><strong>diaeit</strong></span> <span class='ocrx_word' id='word_1_91' title='bbox 3528 1269 3591 1326; x_wconf 84' lang='lat' dir='ltr'><strong>ei</strong></span> <span class='ocrx_word' id='word_1_92' title='bbox 3628 1281 3745 1340; x_wconf 85' lang='lat' dir='ltr'><strong>per</strong></span> 
     </span>
     <span class='ocr_line' id='line_1_9' title="bbox 656 1368 3739 1452; baseline -0.002 -17"><span class='ocrx_word' id='word_1_93' title='bbox 656 1374 985 1452; x_wconf 81' lang='lat' dir='ltr'>quaedam</span> <span class='ocrx_word' id='word_1_94' title='bbox 1041 1372 1251 1446; x_wconf 81' lang='lat' dir='ltr'><strong>signa:</strong></span> <span class='ocrx_word' id='word_1_95' title='bbox 1305 1371 1537 1441; x_wconf 85' lang='lat' dir='ltr'><strong>Amen,</strong></span> <span class='ocrx_word' id='word_1_96' title='bbox 1592 1388 1786 1428; x_wconf 80' lang='lat' dir='ltr'><strong>amen</strong></span> <span class='ocrx_word' id='word_1_97' title='bbox 1835 1370 1978 1428; x_wconf 84' lang='lat' dir='ltr'><strong>dico</strong></span> <span class='ocrx_word' id='word_1_98' title='bbox 2027 1368 2143 1428; x_wconf 85' lang='lat' dir='ltr'><strong>tibi</strong></span> <span class='ocrx_word' id='word_1_99' title='bbox 2193 1369 2257 1428; x_wconf 91' lang='lat' dir='ltr'><strong>in</strong></span> <span class='ocrx_word' id='word_1_100' title='bbox 2308 1369 2611 1429; x_wconf 88' lang='lat' dir='ltr'><strong>veritate:</strong></span> <span class='ocrx_word' id='word_1_101' title='bbox 2650 1370 2798 1429; x_wconf 88' lang='lat' dir='ltr'><strong>Nisi</strong></span> <span class='ocrx_word' id='word_1_102' title='bbox 2846 1373 2994 1446; x_wconf 81' lang='lat' dir='ltr'><strong>quis</strong></span> <span class='ocrx_word' id='word_1_103' title='bbox 3028 1378 3226 1430; x_wconf 80' lang='lat' dir='ltr'><strong>natus</strong></span> <span class='ocrx_word' id='word_1_104' title='bbox 3258 1373 3469 1449; x_wconf 78' lang='lat' dir='ltr'><strong>fuerit</strong></span> <span class='ocrx_word' id='word_1_105' title='bbox 3505 1373 3739 1447; x_wconf 81' lang='lat' dir='ltr'><strong>denuo,</strong></span> 
     </span>
     <span class='ocr_line' id='line_1_10' title="bbox 654 1474 3740 1556; baseline 0 -18"><span class='ocrx_word' id='word_1_106' title='bbox 654 1478 812 1556; x_wconf 90' lang='lat' dir='ltr'><strong>quia</strong></span> <span class='ocrx_word' id='word_1_107' title='bbox 861 1475 1176 1537; x_wconf 89' lang='lat' dir='ltr'><strong>coelestis</strong></span> <span class='ocrx_word' id='word_1_108' title='bbox 1222 1474 1362 1534; x_wconf 87' lang='lat' dir='ltr'><strong>vita</strong></span> <span class='ocrx_word' id='word_1_109' title='bbox 1404 1490 1574 1549; x_wconf 88' lang='lat' dir='ltr'><strong>quae</strong></span> <span class='ocrx_word' id='word_1_110' title='bbox 1623 1474 1838 1533; x_wconf 89' lang='lat' dir='ltr'><strong>videri</strong></span> <span class='ocrx_word' id='word_1_111' title='bbox 1888 1490 2015 1533; x_wconf 93' lang='lat' dir='ltr'><strong>non</strong></span> <span class='ocrx_word' id='word_1_112' title='bbox 2068 1479 2316 1547; x_wconf 85' lang='lat' dir='ltr'><strong>potest,</strong></span> <span class='ocrx_word' id='word_1_113' title='bbox 2382 1474 2530 1549; x_wconf 89' lang='lat' dir='ltr'><strong>plus</strong></span> <span class='ocrx_word' id='word_1_114' title='bbox 2581 1474 2877 1550; x_wconf 89' lang='lat' dir='ltr'><strong>proderit</strong></span> <span class='ocrx_word' id='word_1_115' title='bbox 2932 1491 3135 1551; x_wconf 90' lang='lat' dir='ltr'><strong>quam</strong></span> <span class='ocrx_word' id='word_1_116' title='bbox 3190 1477 3332 1536; x_wconf 90' lang='lat' dir='ltr'><strong>vita</strong></span> <span class='ocrx_word' id='word_1_117' title='bbox 3381 1478 3513 1537; x_wconf 87' lang='lat' dir='ltr'><strong>ista</strong></span> <span class='ocrx_word' id='word_1_118' title='bbox 3570 1494 3740 1554; x_wconf 86' lang='lat' dir='ltr'><strong>quae</strong></span> 
     </span>
     <span class='ocr_line' id='line_1_11' title="bbox 654 1578 3730 1666; baseline 0 -24"><span class='ocrx_word' id='word_1_119' title='bbox 654 1582 869 1642; x_wconf 89' lang='lat' dir='ltr'><strong>videri</strong></span> <span class='ocrx_word' id='word_1_120' title='bbox 903 1586 1147 1657; x_wconf 89' lang='lat' dir='ltr'><strong>potest,</strong></span> <span class='ocrx_word' id='word_1_121' title='bbox 1200 1596 1330 1638; x_wconf 80' lang='lat' dir='ltr'><strong>non</strong></span> <span class='ocrx_word' id='word_1_122' title='bbox 1359 1584 1570 1666; x_wconf 76' lang='lat' dir='ltr'><strong>potest</strong></span> <span class='ocrx_word' id='word_1_123' title='bbox 1622 1578 1845 1636; x_wconf 79' lang='lat' dir='ltr'><strong>videre</strong></span> <span class='ocrx_word' id='word_1_124' title='bbox 1881 1596 2159 1654; x_wconf 72' lang='lat' dir='ltr'><strong>reqnum</strong></span> <span class='ocrx_word' id='word_1_125' title='bbox 2194 1580 2344 1647; x_wconf 77' lang='lat' dir='ltr'><strong>Dei,</strong></span> <span class='ocrx_word' id='word_1_126' title='bbox 2383 1578 2699 1653; x_wconf 89' lang='lat' dir='ltr'><strong>quoniam</strong></span> <span class='ocrx_word' id='word_1_127' title='bbox 2737 1578 2803 1638; x_wconf 89' lang='lat' dir='ltr'><strong>in</strong></span> <span class='ocrx_word' id='word_1_128' title='bbox 2835 1578 2962 1639; x_wconf 92' lang='lat' dir='ltr'><strong>hoc</strong></span> <span class='ocrx_word' id='word_1_129' title='bbox 2997 1581 3267 1642; x_wconf 88' lang='lat' dir='ltr'><strong>saeculo</strong></span> <span class='ocrx_word' id='word_1_130' title='bbox 3302 1598 3583 1657; x_wconf 80' lang='lat' dir='ltr'><strong>regnum</strong></span> <span class='ocrx_word' id='word_1_131' title='bbox 3616 1583 3730 1643; x_wconf 88' lang='lat' dir='ltr'><strong>Dei</strong></span> 
     </span>
     <span class='ocr_line' id='line_1_12' title="bbox 657 1682 1847 1756; baseline -0.006 -9"><span class='ocrx_word' id='word_1_132' title='bbox 657 1687 742 1747; x_wconf 90' lang='lat' dir='ltr'><strong>ab</strong></span> <span class='ocrx_word' id='word_1_133' title='bbox 778 1684 1161 1745; x_wconf 88' lang='lat' dir='ltr'><strong>hominibus</strong></span> <span class='ocrx_word' id='word_1_134' title='bbox 1195 1682 1406 1741; x_wconf 90' lang='lat' dir='ltr'><strong>videri</strong></span> <span class='ocrx_word' id='word_1_135' title='bbox 1443 1698 1572 1740; x_wconf 93' lang='lat' dir='ltr'><strong>non</strong></span> <span class='ocrx_word' id='word_1_136' title='bbox 1606 1684 1847 1756; x_wconf 86' lang='lat' dir='ltr'><strong>potest.</strong></span> 
     </span>
    </p>

    <p class='ocr_par' dir='ltr' id='par_1_4' title="bbox 646 1787 3794 2377">
     <span class='ocr_line' id='line_1_13' title="bbox 743 1787 3737 1867; baseline 0.001 -15"><span class='ocrx_word' id='word_1_137' title='bbox 743 1793 914 1852; x_wconf 83' lang='lat' dir='ltr'><em>Dicit</em></span> <span class='ocrx_word' id='word_1_138' title='bbox 959 1790 1045 1850; x_wconf 86' lang='lat' dir='ltr'><strong>ad</strong></span> <span class='ocrx_word' id='word_1_139' title='bbox 1078 1808 1230 1848; x_wconf 81' lang='lat' dir='ltr'><strong>eum</strong></span> <span class='ocrx_word' id='word_1_140' title='bbox 1264 1789 1679 1861; x_wconf 63' lang='lat' dir='ltr'><strong>Nicodamus,</strong></span> <span class='ocrx_word' id='word_1_141' title='bbox 1716 1787 1969 1863; x_wconf 82' lang='lat' dir='ltr'>pseudo</span> <span class='ocrx_word' id='word_1_142' title='bbox 2002 1787 2385 1863; x_wconf 88' lang='lat' dir='ltr'><strong>prophetae:</strong></span> <span class='ocrx_word' id='word_1_143' title='bbox 2443 1788 2769 1860; x_wconf 78' lang='lat' dir='ltr'><em>Quomodo</em></span> <span class='ocrx_word' id='word_1_144' title='bbox 2796 1797 3007 1867; x_wconf 85' lang='lat' dir='ltr'><strong>potest</strong></span> <span class='ocrx_word' id='word_1_145' title='bbox 3040 1795 3226 1854; x_wconf 80' lang='lat' dir='ltr'><strong>homo</strong></span> <span class='ocrx_word' id='word_1_146' title='bbox 3273 1796 3479 1866; x_wconf 82' lang='lat' dir='ltr'><strong>nasci,</strong></span> <span class='ocrx_word' id='word_1_147' title='bbox 3534 1794 3599 1854; x_wconf 91' lang='lat' dir='ltr'><strong>id</strong></span> <span class='ocrx_word' id='word_1_148' title='bbox 3635 1802 3737 1855; x_wconf 87' lang='lat' dir='ltr'><strong>est</strong></span> 
     </span>
     <span class='ocr_line' id='line_1_14' title="bbox 656 1891 3740 1973; baseline 0 -16"><span class='ocrx_word' id='word_1_149' title='bbox 656 1911 825 1973; x_wconf 89' lang='lat' dir='ltr'><strong>quae</strong></span> <span class='ocrx_word' id='word_1_150' title='bbox 872 1894 1288 1970; x_wconf 83' lang='lat' dir='ltr'>prosperitas</span> <span class='ocrx_word' id='word_1_151' title='bbox 1336 1898 1438 1951; x_wconf 88' lang='lat' dir='ltr'><strong>est</strong></span> <span class='ocrx_word' id='word_1_152' title='bbox 1474 1892 1539 1951; x_wconf 91' lang='lat' dir='ltr'><strong>in</strong></span> <span class='ocrx_word' id='word_1_153' title='bbox 1590 1893 1703 1951; x_wconf 92' lang='lat' dir='ltr'><strong>illa</strong></span> <span class='ocrx_word' id='word_1_154' title='bbox 1737 1892 2062 1951; x_wconf 86' lang='lat' dir='ltr'><strong>invisibili</strong></span> <span class='ocrx_word' id='word_1_155' title='bbox 2112 1891 2274 1965; x_wconf 88' lang='lat' dir='ltr'><strong>vita,</strong></span> <span class='ocrx_word' id='word_1_156' title='bbox 2313 1911 2463 1953; x_wconf 80' lang='lat' dir='ltr'><strong>cum</strong></span> <span class='ocrx_word' id='word_1_157' title='bbox 2498 1895 2578 1952; x_wconf 84' lang='lat' dir='ltr'><strong>sit</strong></span> <span class='ocrx_word' id='word_1_158' title='bbox 2631 1912 2864 1963; x_wconf 72' lang='lat' dir='ltr'><strong>senem,</strong></span> <span class='ocrx_word' id='word_1_159' title='bbox 2905 1896 3162 1954; x_wconf 88' lang='lat' dir='ltr'><strong>scilicet</strong></span> <span class='ocrx_word' id='word_1_160' title='bbox 3197 1912 3348 1956; x_wconf 88' lang='lat' dir='ltr'><strong>curn</strong></span> <span class='ocrx_word' id='word_1_161' title='bbox 3383 1895 3547 1956; x_wconf 91' lang='lat' dir='ltr'><strong>haec</strong></span> <span class='ocrx_word' id='word_1_162' title='bbox 3580 1898 3740 1958; x_wconf 84' lang='lat' dir='ltr'><strong>visi-</strong></span> 
     </span>
     <span class='ocr_line' id='line_1_15' title="bbox 657 1997 3741 2075; baseline -0 -11"><span class='ocrx_word' id='word_1_163' title='bbox 657 2004 813 2064; x_wconf 86' lang='lat' dir='ltr'><strong>bilis</strong></span> <span class='ocrx_word' id='word_1_164' title='bbox 863 2001 1001 2061; x_wconf 90' lang='lat' dir='ltr'><strong>vita</strong></span> <span class='ocrx_word' id='word_1_165' title='bbox 1049 2006 1185 2060; x_wconf 88' lang='lat' dir='ltr'><strong>tam</strong></span> <span class='ocrx_word' id='word_1_166' title='bbox 1234 2015 1472 2075; x_wconf 88' lang='lat' dir='ltr'><strong>parum</strong></span> <span class='ocrx_word' id='word_1_167' title='bbox 1520 1997 1774 2057; x_wconf 75' lang='lat' dir='ltr'><strong>valeat?</strong></span> <span class='ocrx_word' id='word_1_168' title='bbox 1815 1998 2157 2075; x_wconf 83' lang='lat' dir='ltr'><em>Numquid</em></span> <span class='ocrx_word' id='word_1_169' title='bbox 2200 2003 2434 2073; x_wconf 82' lang='lat' dir='ltr'><strong>potest,</strong></span> <span class='ocrx_word' id='word_1_170' title='bbox 2488 1998 2749 2058; x_wconf 88' lang='lat' dir='ltr'><strong>scilicet</strong></span> <span class='ocrx_word' id='word_1_171' title='bbox 2796 2005 2902 2059; x_wconf 88' lang='lat' dir='ltr'><strong>est</strong></span> <span class='ocrx_word' id='word_1_172' title='bbox 2949 2000 3272 2074; x_wconf 87' lang='lat' dir='ltr'><strong>possibile</strong></span> <span class='ocrx_word' id='word_1_173' title='bbox 3324 2004 3393 2062; x_wconf 93' lang='lat' dir='ltr'><strong>ut</strong></span> <span class='ocrx_word' id='word_1_174' title='bbox 3438 2003 3580 2061; x_wconf 91' lang='lat' dir='ltr'><strong>vita</strong></span> <span class='ocrx_word' id='word_1_175' title='bbox 3630 2003 3741 2063; x_wconf 89' lang='lat' dir='ltr'><strong>illa</strong></span> 
     </span>
     <span class='ocr_line' id='line_1_16' title="bbox 647 2100 3794 2178; baseline -0.001 -11"><span class='ocrx_word' id='word_1_176' title='bbox 647 2105 1009 2167; x_wconf 83' lang='lat' dir='ltr'><em>descendat</em></span> <span class='ocrx_word' id='word_1_177' title='bbox 1054 2107 1128 2165; x_wconf 85' lang='lat' dir='ltr'><strong>in</strong></span> <span class='ocrx_word' id='word_1_178' title='bbox 1179 2110 1474 2162; x_wconf 80' lang='lat' dir='ltr'><strong>ventrem</strong></span> <span class='ocrx_word' id='word_1_179' title='bbox 1511 2104 1744 2161; x_wconf 80' lang='lat' dir='ltr'><strong>matris</strong></span> <span class='ocrx_word' id='word_1_180' title='bbox 1795 2117 1978 2175; x_wconf 88' lang='lat' dir='ltr'><strong>suae,</strong></span> <span class='ocrx_word' id='word_1_181' title='bbox 2033 2102 2191 2177; x_wconf 90' lang='lat' dir='ltr'><strong>quia</strong></span> <span class='ocrx_word' id='word_1_182' title='bbox 2224 2100 2390 2160; x_wconf 88' lang='lat' dir='ltr'><strong>haec</strong></span> <span class='ocrx_word' id='word_1_183' title='bbox 2423 2101 2715 2161; x_wconf 90' lang='lat' dir='ltr'><strong>visibilis</strong></span> <span class='ocrx_word' id='word_1_184' title='bbox 2749 2103 2889 2162; x_wconf 88' lang='lat' dir='ltr'><strong>vita</strong></span> <span class='ocrx_word' id='word_1_185' title='bbox 2926 2104 3283 2178; x_wconf 89' lang='lat' dir='ltr'><strong>praecedit,</strong></span> <span class='ocrx_word' id='word_1_186' title='bbox 3320 2109 3387 2164; x_wconf 89' lang='lat' dir='ltr'><strong>et</strong></span> <span class='ocrx_word' id='word_1_187' title='bbox 3420 2106 3735 2166; x_wconf 86' lang='lat' dir='ltr'><strong>coelestis</strong></span> <span class='ocrx_word' id='word_1_188' title='bbox 3788 2137 3794 2142; x_wconf 94' lang='lat'>-</span> 
     </span>
     <span class='ocr_line' id='line_1_17' title="bbox 646 2203 3739 2288; baseline -0.001 -15"><span class='ocrx_word' id='word_1_189' title='bbox 646 2214 785 2273; x_wconf 88' lang='lat' dir='ltr'><strong>vita</strong></span> <span class='ocrx_word' id='word_1_190' title='bbox 837 2208 1294 2284; x_wconf 82' lang='lat' dir='ltr'><strong>subsequitur,</strong></span> <span class='ocrx_word' id='word_1_191' title='bbox 1345 2209 1592 2266; x_wconf 81' lang='lat' dir='ltr'><strong>iterum</strong></span> <span class='ocrx_word' id='word_1_192' title='bbox 1640 2207 1919 2264; x_wconf 77' lang='lat' dir='ltr'><strong>introire</strong></span> <span class='ocrx_word' id='word_1_193' title='bbox 1977 2203 2061 2264; x_wconf 91' lang='lat' dir='ltr'><strong>ad</strong></span> <span class='ocrx_word' id='word_1_194' title='bbox 2117 2204 2409 2280; x_wconf 89' lang='lat' dir='ltr'><strong>primum</strong></span> <span class='ocrx_word' id='word_1_195' title='bbox 2460 2205 2722 2265; x_wconf 90' lang='lat' dir='ltr'><strong>initium</strong></span> <span class='ocrx_word' id='word_1_196' title='bbox 2774 2212 2840 2265; x_wconf 88' lang='lat' dir='ltr'><strong>et</strong></span> <span class='ocrx_word' id='word_1_197' title='bbox 2890 2208 3177 2283; x_wconf 88' lang='lat' dir='ltr'><strong>renasci,</strong></span> <span class='ocrx_word' id='word_1_198' title='bbox 3207 2204 3252 2288; x_wconf 91' lang='lat'><strong>¹)</strong></span> <span class='ocrx_word' id='word_1_199' title='bbox 3305 2208 3618 2268; x_wconf 88' lang='lat' dir='ltr'><strong>videlicet</strong></span> <span class='ocrx_word' id='word_1_200' title='bbox 3666 2216 3739 2270; x_wconf 93' lang='lat' dir='ltr'><strong>ut</strong></span> 
     </span>
     <span class='ocr_line' id='line_1_18' title="bbox 649 2312 1134 2377; baseline -0.012 0"><span class='ocrx_word' id='word_1_201' title='bbox 649 2317 782 2377; x_wconf 90' lang='lat' dir='ltr'><strong>alia</strong></span> <span class='ocrx_word' id='word_1_202' title='bbox 816 2316 953 2374; x_wconf 91' lang='lat' dir='ltr'><strong>vita</strong></span> <span class='ocrx_word' id='word_1_203' title='bbox 987 2312 1134 2373; x_wconf 79' lang='lat' dir='ltr'><strong>fiat‘?</strong></span> 
     </span>
    </p>

    <p class='ocr_par' dir='ltr' id='par_1_5' title="bbox 635 2413 3738 3524">
     <span class='ocr_line' id='line_1_19' title="bbox 740 2413 3737 2495; baseline -0.002 -14"><span class='ocrx_word' id='word_1_204' title='bbox 740 2419 1102 2495; x_wconf 81' lang='lat' dir='ltr'><strong>Respondit</strong></span> <span class='ocrx_word' id='word_1_205' title='bbox 1140 2415 1329 2476; x_wconf 81' lang='lat' dir='ltr'><strong>Jesus</strong></span> <span class='ocrx_word' id='word_1_206' title='bbox 1357 2414 1652 2489; x_wconf 88' lang='lat' dir='ltr'><strong>opinioni</strong></span> <span class='ocrx_word' id='word_1_207' title='bbox 1687 2413 1978 2474; x_wconf 89' lang='lat' dir='ltr'><strong>illorum:</strong></span> <span class='ocrx_word' id='word_1_208' title='bbox 2016 2416 2257 2486; x_wconf 80' lang='lat' dir='ltr'><strong>Amen,</strong></span> <span class='ocrx_word' id='word_1_209' title='bbox 2296 2434 2493 2473; x_wconf 82' lang='lat' dir='ltr'><strong>amen</strong></span> <span class='ocrx_word' id='word_1_210' title='bbox 2528 2416 2672 2475; x_wconf 85' lang='lat' dir='ltr'><strong>dico</strong></span> <span class='ocrx_word' id='word_1_211' title='bbox 2704 2414 2821 2475; x_wconf 86' lang='lat' dir='ltr'><strong>tibi</strong></span> <span class='ocrx_word' id='word_1_212' title='bbox 2858 2416 2921 2474; x_wconf 91' lang='lat' dir='ltr'><strong>in</strong></span> <span class='ocrx_word' id='word_1_213' title='bbox 2954 2431 3118 2474; x_wconf 85' lang='lat' dir='ltr'><strong>vera</strong></span> <span class='ocrx_word' id='word_1_214' title='bbox 3151 2416 3554 2477; x_wconf 81' lang='lat' dir='ltr'><strong>ostensione:</strong></span> <span class='ocrx_word' id='word_1_215' title='bbox 3591 2417 3737 2476; x_wconf 86' lang='lat' dir='ltr'><strong>Nisi</strong></span> 
     </span>
     <span class='ocr_line' id='line_1_20' title="bbox 647 2517 3731 2603; baseline -0.002 -20"><span class='ocrx_word' id='word_1_216' title='bbox 647 2525 794 2603; x_wconf 84' lang='lat' dir='ltr'><strong>quis</strong></span> <span class='ocrx_word' id='word_1_217' title='bbox 841 2527 1116 2580; x_wconf 78' lang='lat' dir='ltr'><strong>renatus</strong></span> <span class='ocrx_word' id='word_1_218' title='bbox 1149 2520 1358 2597; x_wconf 78' lang='lat' dir='ltr'><strong>fuerit</strong></span> <span class='ocrx_word' id='word_1_219' title='bbox 1395 2538 1478 2578; x_wconf 77' lang='lat' dir='ltr'><strong>ex</strong></span> <span class='ocrx_word' id='word_1_220' title='bbox 1511 2537 1704 2596; x_wconf 81' lang='lat' dir='ltr'><strong>aqua,</strong></span> <span class='ocrx_word' id='word_1_221' title='bbox 1743 2518 1899 2593; x_wconf 89' lang='lat' dir='ltr'><strong>quia</strong></span> <span class='ocrx_word' id='word_1_222' title='bbox 1934 2517 2150 2577; x_wconf 87' lang='lat' dir='ltr'><strong>omnis</strong></span> <span class='ocrx_word' id='word_1_223' title='bbox 2186 2524 2495 2577; x_wconf 86' lang='lat' dir='ltr'><strong>creatura</strong></span> <span class='ocrx_word' id='word_1_224' title='bbox 2540 2519 2897 2578; x_wconf 89' lang='lat' dir='ltr'><strong>circuitum</strong></span> <span class='ocrx_word' id='word_1_225' title='bbox 2933 2518 3131 2577; x_wconf 86' lang='lat' dir='ltr'><strong>habet</strong></span> <span class='ocrx_word' id='word_1_226' title='bbox 3171 2518 3236 2577; x_wconf 89' lang='lat' dir='ltr'><strong>in</strong></span> <span class='ocrx_word' id='word_1_227' title='bbox 3282 2536 3478 2595; x_wconf 87' lang='lat' dir='ltr'><strong>aqua,</strong></span> <span class='ocrx_word' id='word_1_228' title='bbox 3518 2519 3612 2579; x_wconf 89' lang='lat' dir='ltr'><strong>ita</strong></span> <span class='ocrx_word' id='word_1_229' title='bbox 3662 2524 3731 2578; x_wconf 88' lang='lat' dir='ltr'><strong>ut</strong></span> 
     </span>
     <span class='ocr_line' id='line_1_21' title="bbox 648 2621 3738 2703; baseline -0.001 -16"><span class='ocrx_word' id='word_1_230' title='bbox 648 2627 902 2703; x_wconf 84' lang='lat' dir='ltr'><strong>absque</strong></span> <span class='ocrx_word' id='word_1_231' title='bbox 951 2640 1125 2700; x_wconf 87' lang='lat' dir='ltr'><strong>aqua</strong></span> <span class='ocrx_word' id='word_1_232' title='bbox 1171 2638 1302 2682; x_wconf 93' lang='lat' dir='ltr'><strong>non</strong></span> <span class='ocrx_word' id='word_1_233' title='bbox 1336 2622 1430 2697; x_wconf 88' lang='lat' dir='ltr'><strong>fit,</strong></span> <span class='ocrx_word' id='word_1_234' title='bbox 1483 2637 1604 2681; x_wconf 90' lang='lat' dir='ltr'><strong>nec</strong></span> <span class='ocrx_word' id='word_1_235' title='bbox 1634 2622 1842 2696; x_wconf 87' lang='lat' dir='ltr'><strong>vivat,</strong></span> <span class='ocrx_word' id='word_1_236' title='bbox 1879 2627 1940 2680; x_wconf 83' lang='lat' dir='ltr'><strong>et</strong></span> <span class='ocrx_word' id='word_1_237' title='bbox 1981 2621 2265 2697; x_wconf 81' lang='lat' dir='ltr'><strong>Spiritu,</strong></span> <span class='ocrx_word' id='word_1_238' title='bbox 2304 2621 2619 2696; x_wconf 88' lang='lat' dir='ltr'><strong>quoniam</strong></span> <span class='ocrx_word' id='word_1_239' title='bbox 2668 2638 2818 2682; x_wconf 89' lang='lat' dir='ltr'><strong>cum</strong></span> <span class='ocrx_word' id='word_1_240' title='bbox 2852 2622 3138 2698; x_wconf 80' lang='lat' dir='ltr'><strong>Spiritus</strong></span> <span class='ocrx_word' id='word_1_241' title='bbox 3185 2622 3447 2683; x_wconf 86' lang='lat' dir='ltr'><strong>Domini</strong></span> <span class='ocrx_word' id='word_1_242' title='bbox 3485 2622 3738 2683; x_wconf 84' lang='lat' dir='ltr'><strong>fereba-</strong></span> 
     </span>
     <span class='ocr_line' id='line_1_22' title="bbox 645 2720 3737 2803; baseline -0.001 -14"><span class='ocrx_word' id='word_1_243' title='bbox 645 2736 755 2790; x_wconf 87' lang='lat' dir='ltr'><strong>tur</strong></span> <span class='ocrx_word' id='word_1_244' title='bbox 789 2742 991 2802; x_wconf 88' lang='lat' dir='ltr'><strong>super</strong></span> <span class='ocrx_word' id='word_1_245' title='bbox 1017 2742 1250 2802; x_wconf 79' lang='lat' dir='ltr'><strong>aquaS,</strong></span> <span class='ocrx_word' id='word_1_246' title='bbox 1279 2720 1330 2803; x_wconf 83' lang='lat'><strong>²)</strong></span> <span class='ocrx_word' id='word_1_247' title='bbox 1369 2725 1680 2801; x_wconf 89' lang='lat' dir='ltr'><strong>apparuit</strong></span> <span class='ocrx_word' id='word_1_248' title='bbox 1712 2723 1888 2800; x_wconf 91' lang='lat' dir='ltr'><strong>quod</strong></span> <span class='ocrx_word' id='word_1_249' title='bbox 1917 2723 2207 2798; x_wconf 84' lang='lat' dir='ltr'><strong>Spiritus</strong></span> <span class='ocrx_word' id='word_1_250' title='bbox 2242 2723 2501 2783; x_wconf 89' lang='lat' dir='ltr'><strong>Domini</strong></span> <span class='ocrx_word' id='word_1_251' title='bbox 2538 2740 2782 2800; x_wconf 84' lang='lat' dir='ltr'><strong>aquarn</strong></span> <span class='ocrx_word' id='word_1_252' title='bbox 2816 2724 3070 2785; x_wconf 77' lang='lat' dir='ltr'><strong>efflavit</strong></span> <span class='ocrx_word' id='word_1_253' title='bbox 3103 2733 3169 2785; x_wconf 90' lang='lat' dir='ltr'><strong>et</strong></span> <span class='ocrx_word' id='word_1_254' title='bbox 3202 2727 3591 2801; x_wconf 81' lang='lat' dir='ltr'><strong>vivificavit3</strong></span> <span class='ocrx_word' id='word_1_255' title='bbox 3623 2744 3737 2787; x_wconf 87' lang='lat' dir='ltr'><strong>un-</strong></span> 
     </span>
     <span class='ocr_line' id='line_1_23' title="bbox 641 2826 3733 2905; baseline -0.001 -14"><span class='ocrx_word' id='word_1_256' title='bbox 641 2832 723 2891; x_wconf 87' lang='lat' dir='ltr'><strong>de</strong></span> <span class='ocrx_word' id='word_1_257' title='bbox 758 2833 822 2890; x_wconf 90' lang='lat' dir='ltr'><strong>et</strong></span> <span class='ocrx_word' id='word_1_258' title='bbox 857 2828 1138 2905; x_wconf 85' lang='lat' dir='ltr'><strong>spiritus</strong></span> <span class='ocrx_word' id='word_1_259' title='bbox 1171 2826 1461 2886; x_wconf 89' lang='lat' dir='ltr'><strong>hominis</strong></span> <span class='ocrx_word' id='word_1_260' title='bbox 1498 2828 1561 2886; x_wconf 94' lang='lat' dir='ltr'><strong>in</strong></span> <span class='ocrx_word' id='word_1_261' title='bbox 1596 2842 1674 2885; x_wconf 91' lang='lat' dir='ltr'><strong>eo</strong></span> <span class='ocrx_word' id='word_1_262' title='bbox 1711 2826 1793 2885; x_wconf 86' lang='lat' dir='ltr'><strong>ad</strong></span> <span class='ocrx_word' id='word_1_263' title='bbox 1827 2827 2032 2885; x_wconf 88' lang='lat' dir='ltr'><strong>vitam</strong></span> <span class='ocrx_word' id='word_1_264' title='bbox 2073 2827 2516 2886; x_wconf 85' lang='lat' dir='ltr'><strong>resuscitatur</strong></span> <span class='ocrx_word' id='word_1_265' title='bbox 2552 2828 2618 2886; x_wconf 88' lang='lat' dir='ltr'><strong>in</strong></span> <span class='ocrx_word' id='word_1_266' title='bbox 2653 2828 3011 2901; x_wconf 84' lang='lat' dir='ltr'><strong>baptismo;</strong></span> <span class='ocrx_word' id='word_1_267' title='bbox 3040 2847 3171 2888; x_wconf 81' lang='lat' dir='ltr'><strong>non</strong></span> <span class='ocrx_word' id='word_1_268' title='bbox 3204 2837 3422 2905; x_wconf 80' lang='lat' dir='ltr'><strong>potest</strong></span> <span class='ocrx_word' id='word_1_269' title='bbox 3457 2834 3733 2890; x_wconf 80' lang='lat' dir='ltr'><strong>introire</strong></span> 
     </span>
     <span class='ocr_line' id='line_1_24' title="bbox 641 2927 3733 3008; baseline 0 -17"><span class='ocrx_word' id='word_1_270' title='bbox 641 2936 714 2992; x_wconf 85' lang='lat' dir='ltr'><strong>in</strong></span> <span class='ocrx_word' id='word_1_271' title='bbox 762 2948 1042 3007; x_wconf 73' lang='lat' dir='ltr'><strong>reqnum</strong></span> <span class='ocrx_word' id='word_1_272' title='bbox 1079 2930 1229 2999; x_wconf 83' lang='lat' dir='ltr'><strong>Dei,</strong></span> <span class='ocrx_word' id='word_1_273' title='bbox 1279 2929 1594 2988; x_wconf 90' lang='lat' dir='ltr'><strong>videlicet</strong></span> <span class='ocrx_word' id='word_1_274' title='bbox 1626 2929 1783 3003; x_wconf 88' lang='lat' dir='ltr'><strong>quia</strong></span> <span class='ocrx_word' id='word_1_275' title='bbox 1834 2928 2018 2987; x_wconf 90' lang='lat' dir='ltr'><strong>solus</strong></span> <span class='ocrx_word' id='word_1_276' title='bbox 2055 2927 2251 2987; x_wconf 92' lang='lat' dir='ltr'><strong>homo</strong></span> <span class='ocrx_word' id='word_1_277' title='bbox 2286 2931 2390 2988; x_wconf 85' lang='lat' dir='ltr'><strong>est</strong></span> <span class='ocrx_word' id='word_1_278' title='bbox 2439 2928 2505 2986; x_wconf 92' lang='lat' dir='ltr'><strong>in</strong></span> <span class='ocrx_word' id='word_1_279' title='bbox 2554 2928 2867 2989; x_wconf 84' lang='lat' dir='ltr'><strong>ariditate</strong></span> <span class='ocrx_word' id='word_1_280' title='bbox 2916 2947 2953 2989; x_wconf 92' lang='lat' dir='ltr'><strong>a</strong></span> <span class='ocrx_word' id='word_1_281' title='bbox 2997 2931 3212 3006; x_wconf 87' lang='lat' dir='ltr'><strong>primo</strong></span> <span class='ocrx_word' id='word_1_282' title='bbox 3262 2938 3410 2991; x_wconf 91' lang='lat' dir='ltr'><strong>ortu</strong></span> <span class='ocrx_word' id='word_1_283' title='bbox 3463 2936 3733 3008; x_wconf 86' lang='lat' dir='ltr'><strong>propter</strong></span> 
     </span>
     <span class='ocr_line' id='line_1_25' title="bbox 639 3034 3734 3111; baseline -0.001 -11"><span class='ocrx_word' id='word_1_284' title='bbox 639 3036 1159 3100; x_wconf 83' lang='lat' dir='ltr'><strong>inobedientiam</strong></span> <span class='ocrx_word' id='word_1_285' title='bbox 1192 3034 1391 3095; x_wconf 85' lang='lat' dir='ltr'><strong>Adae.</strong></span> <span class='ocrx_word' id='word_1_286' title='bbox 1448 3034 1630 3107; x_wconf 81' lang='lat' dir='ltr'><strong>Quod</strong></span> <span class='ocrx_word' id='word_1_287' title='bbox 1678 3040 1912 3094; x_wconf 81' lang='lat' dir='ltr'><strong>natum</strong></span> <span class='ocrx_word' id='word_1_288' title='bbox 1961 3039 2056 3093; x_wconf 82' lang='lat' dir='ltr'><strong>est</strong></span> <span class='ocrx_word' id='word_1_289' title='bbox 2095 3034 2173 3093; x_wconf 85' lang='lat' dir='ltr'><strong>de</strong></span> <span class='ocrx_word' id='word_1_290' title='bbox 2221 3052 2442 3107; x_wconf 74' lang='lat' dir='ltr'><strong>carne,</strong></span> <span class='ocrx_word' id='word_1_291' title='bbox 2494 3050 2644 3094; x_wconf 79' lang='lat' dir='ltr'><strong>caro</strong></span> <span class='ocrx_word' id='word_1_292' title='bbox 2677 3041 2796 3107; x_wconf 86' lang='lat' dir='ltr'><strong>est,</strong></span> <span class='ocrx_word' id='word_1_293' title='bbox 2850 3036 3006 3111; x_wconf 90' lang='lat' dir='ltr'><strong>quia</strong></span> <span class='ocrx_word' id='word_1_294' title='bbox 3055 3052 3210 3096; x_wconf 85' lang='lat' dir='ltr'><strong>caro</strong></span> <span class='ocrx_word' id='word_1_295' title='bbox 3261 3052 3530 3098; x_wconf 87' lang='lat' dir='ltr'><strong>carnem</strong></span> <span class='ocrx_word' id='word_1_296' title='bbox 3580 3038 3734 3098; x_wconf 89' lang='lat' dir='ltr'><strong>edu-</strong></span> 
     </span>
     <span class='ocr_line' id='line_1_26' title="bbox 640 3134 3736 3218; baseline -0.001 -14"><span class='ocrx_word' id='word_1_297' title='bbox 640 3144 755 3217; x_wconf 89' lang='lat' dir='ltr'><strong>cit,</strong></span> <span class='ocrx_word' id='word_1_298' title='bbox 792 3144 859 3204; x_wconf 92' lang='lat' dir='ltr'><strong>et</strong></span> <span class='ocrx_word' id='word_1_299' title='bbox 892 3142 1088 3201; x_wconf 91' lang='lat' dir='ltr'><strong>homo</strong></span> <span class='ocrx_word' id='word_1_300' title='bbox 1123 3146 1249 3212; x_wconf 89' lang='lat' dir='ltr'><strong>est,</strong></span> <span class='ocrx_word' id='word_1_301' title='bbox 1286 3147 1349 3198; x_wconf 79' lang='lat' dir='ltr'><strong>et</strong></span> <span class='ocrx_word' id='word_1_302' title='bbox 1383 3140 1551 3217; x_wconf 84' lang='lat' dir='ltr'><strong>quod</strong></span> <span class='ocrx_word' id='word_1_303' title='bbox 1585 3145 1820 3197; x_wconf 81' lang='lat' dir='ltr'><strong>natum</strong></span> <span class='ocrx_word' id='word_1_304' title='bbox 1854 3144 1948 3197; x_wconf 84' lang='lat' dir='ltr'><strong>est</strong></span> <span class='ocrx_word' id='word_1_305' title='bbox 1987 3139 2067 3196; x_wconf 83' lang='lat' dir='ltr'><strong>de</strong></span> <span class='ocrx_word' id='word_1_306' title='bbox 2116 3141 2380 3215; x_wconf 82' lang='lat' dir='ltr'><strong>spiritu,</strong></span> <span class='ocrx_word' id='word_1_307' title='bbox 2432 3141 2707 3215; x_wconf 78' lang='lat' dir='ltr'><strong>spiritus</strong></span> <span class='ocrx_word' id='word_1_308' title='bbox 2758 3147 2877 3212; x_wconf 82' lang='lat' dir='ltr'><strong>est,</strong></span> <span class='ocrx_word' id='word_1_309' title='bbox 2911 3134 2961 3217; x_wconf 85' lang='lat'><strong>³)</strong></span> <span class='ocrx_word' id='word_1_310' title='bbox 3013 3141 3126 3200; x_wconf 92' lang='lat' dir='ltr'><strong>ubi</strong></span> <span class='ocrx_word' id='word_1_311' title='bbox 3180 3141 3243 3199; x_wconf 91' lang='lat' dir='ltr'><strong>in</strong></span> <span class='ocrx_word' id='word_1_312' title='bbox 3292 3158 3466 3217; x_wconf 89' lang='lat' dir='ltr'><strong>aqua</strong></span> <span class='ocrx_word' id='word_1_313' title='bbox 3516 3143 3736 3218; x_wconf 88' lang='lat' dir='ltr'><strong>suspi-</strong></span> 
     </span>
     <span class='ocr_line' id='line_1_27' title="bbox 638 3242 3732 3319; baseline 0 -14"><span class='ocrx_word' id='word_1_314' title='bbox 638 3245 814 3306; x_wconf 84' lang='lat' dir='ltr'><strong>rabit</strong></span> <span class='ocrx_word' id='word_1_315' title='bbox 860 3248 928 3306; x_wconf 90' lang='lat' dir='ltr'><strong>et</strong></span> <span class='ocrx_word' id='word_1_316' title='bbox 960 3245 1163 3305; x_wconf 89' lang='lat' dir='ltr'><strong>aliam</strong></span> <span class='ocrx_word' id='word_1_317' title='bbox 1194 3243 1405 3302; x_wconf 87' lang='lat' dir='ltr'><strong>vitam</strong></span> <span class='ocrx_word' id='word_1_318' title='bbox 1439 3242 1712 3302; x_wconf 90' lang='lat' dir='ltr'><strong>videbit.</strong></span> <span class='ocrx_word' id='word_1_319' title='bbox 1752 3243 1898 3301; x_wconf 86' lang='lat' dir='ltr'><strong>Non</strong></span> <span class='ocrx_word' id='word_1_320' title='bbox 1932 3245 2204 3301; x_wconf 80' lang='lat' dir='ltr'><strong>mireris</strong></span> <span class='ocrx_word' id='word_1_321' title='bbox 2260 3243 2323 3300; x_wconf 90' lang='lat' dir='ltr'><strong>in</strong></span> <span class='ocrx_word' id='word_1_322' title='bbox 2358 3242 2845 3314; x_wconf 87' lang='lat' dir='ltr'><strong>incredulitate,</strong></span> <span class='ocrx_word' id='word_1_323' title='bbox 2899 3246 3057 3319; x_wconf 83' lang='lat' dir='ltr'><strong>quia</strong></span> <span class='ocrx_word' id='word_1_324' title='bbox 3090 3245 3237 3303; x_wconf 74' lang='lat' dir='ltr'><strong>dixi</strong></span> <span class='ocrx_word' id='word_1_325' title='bbox 3272 3245 3386 3305; x_wconf 86' lang='lat' dir='ltr'><strong>tibi</strong></span> <span class='ocrx_word' id='word_1_326' title='bbox 3422 3248 3492 3305; x_wconf 94' lang='lat' dir='ltr'><strong>ut</strong></span> <span class='ocrx_word' id='word_1_327' title='bbox 3526 3248 3732 3306; x_wconf 87' lang='lat' dir='ltr'><strong>vitam</strong></span> 
     </span>
     <span class='ocr_line' id='line_1_28' title="bbox 637 3344 3723 3426; baseline 0 -17"><span class='ocrx_word' id='word_1_328' title='bbox 637 3349 979 3423; x_wconf 82' lang='lat' dir='ltr'><strong>habeatis,</strong></span> <span class='ocrx_word' id='word_1_329' title='bbox 1032 3353 1280 3423; x_wconf 82' lang='lat' dir='ltr'><strong>oportet</strong></span> <span class='ocrx_word' id='word_1_330' title='bbox 1335 3364 1441 3404; x_wconf 84' lang='lat' dir='ltr'><strong>vos</strong></span> <span class='ocrx_word' id='word_1_331' title='bbox 1473 3344 1520 3424; x_wconf 88' lang='lat'><strong>⁴)</strong></span> <span class='ocrx_word' id='word_1_332' title='bbox 1573 3349 1756 3405; x_wconf 80' lang='lat' dir='ltr'><strong>nasci</strong></span> <span class='ocrx_word' id='word_1_333' title='bbox 1791 3346 2029 3420; x_wconf 73' lang='lat' dir='ltr'><strong>domm,</strong></span> <span class='ocrx_word' id='word_1_334' title='bbox 2067 3347 2224 3421; x_wconf 89' lang='lat' dir='ltr'><strong>quia</strong></span> <span class='ocrx_word' id='word_1_335' title='bbox 2280 3352 2354 3405; x_wconf 88' lang='lat' dir='ltr'><strong>ut</strong></span> <span class='ocrx_word' id='word_1_336' title='bbox 2401 3347 2592 3405; x_wconf 80' lang='lat' dir='ltr'><strong>tabes</strong></span> <span class='ocrx_word' id='word_1_337' title='bbox 2644 3346 2985 3406; x_wconf 82' lang='lat' dir='ltr'><strong>reducitur</strong></span> <span class='ocrx_word' id='word_1_338' title='bbox 3019 3347 3099 3406; x_wconf 82' lang='lat' dir='ltr'><strong>ad</strong></span> <span class='ocrx_word' id='word_1_339' title='bbox 3151 3350 3573 3426; x_wconf 81' lang='lat' dir='ltr'><strong>sanguinem,</strong></span> <span class='ocrx_word' id='word_1_340' title='bbox 3626 3352 3723 3409; x_wconf 81' lang='lat' dir='ltr'><strong>sic</strong></span> 
     </span>
     <span class='ocr_line' id='line_1_29' title="bbox 635 3447 2603 3524; baseline -0.003 -11"><span class='ocrx_word' id='word_1_341' title='bbox 635 3453 838 3514; x_wconf 85' lang='lat' dir='ltr'><strong>etiam</strong></span> <span class='ocrx_word' id='word_1_342' title='bbox 874 3450 1070 3510; x_wconf 88' lang='lat' dir='ltr'><strong>homo</strong></span> <span class='ocrx_word' id='word_1_343' title='bbox 1106 3448 1464 3508; x_wconf 84' lang='lat' dir='ltr'><strong>reducetur</strong></span> <span class='ocrx_word' id='word_1_344' title='bbox 1498 3449 1564 3507; x_wconf 90' lang='lat' dir='ltr'><strong>in</strong></span> <span class='ocrx_word' id='word_1_345' title='bbox 1598 3464 1772 3524; x_wconf 86' lang='lat' dir='ltr'><strong>aqua</strong></span> <span class='ocrx_word' id='word_1_346' title='bbox 1807 3447 1886 3506; x_wconf 92' lang='lat' dir='ltr'><strong>ad</strong></span> <span class='ocrx_word' id='word_1_347' title='bbox 1916 3448 2236 3523; x_wconf 90' lang='lat' dir='ltr'><strong>Spiritum</strong></span> <span class='ocrx_word' id='word_1_348' title='bbox 2272 3448 2603 3507; x_wconf 85' lang='lat' dir='ltr'><strong>Sanctum.</strong></span> 
     </span>
    </p>

    <p class='ocr_par' dir='ltr' id='par_1_6' title="bbox 628 3551 3728 4258">
     <span class='ocr_line' id='line_1_30' title="bbox 727 3551 3728 3632; baseline -0.001 -15"><span class='ocrx_word' id='word_1_349' title='bbox 727 3556 1017 3632; x_wconf 78' lang='lat' dir='ltr'><strong>Spiritus</strong></span> <span class='ocrx_word' id='word_1_350' title='bbox 1063 3551 1174 3610; x_wconf 74' lang='lat' dir='ltr'><strong>ubi</strong></span> <span class='ocrx_word' id='word_1_351' title='bbox 1207 3553 1344 3611; x_wconf 81' lang='lat' dir='ltr'><strong>vult</strong></span> <span class='ocrx_word' id='word_1_352' title='bbox 1382 3566 1502 3627; x_wconf 88' lang='lat' dir='ltr'><strong>per</strong></span> <span class='ocrx_word' id='word_1_353' title='bbox 1539 3551 1896 3626; x_wconf 88' lang='lat' dir='ltr'><strong>justitiam,</strong></span> <span class='ocrx_word' id='word_1_354' title='bbox 1936 3554 2143 3628; x_wconf 78' lang='lat' dir='ltr'><strong>spirat</strong></span> <span class='ocrx_word' id='word_1_355' title='bbox 2182 3551 2501 3624; x_wconf 87' lang='lat' dir='ltr'><strong>sonand0‚</strong></span> <span class='ocrx_word' id='word_1_356' title='bbox 2554 3562 2615 3611; x_wconf 86' lang='grc' dir='ltr'><strong>ει</strong></span> <span class='ocrx_word' id='word_1_357' title='bbox 2651 3571 2866 3612; x_wconf 82' lang='lat' dir='ltr'><strong>vocem</strong></span> <span class='ocrx_word' id='word_1_358' title='bbox 2916 3552 3085 3628; x_wconf 82' lang='lat' dir='ltr'><strong>ejus,</strong></span> <span class='ocrx_word' id='word_1_359' title='bbox 3139 3555 3398 3615; x_wconf 88' lang='lat' dir='ltr'><strong>scilicet</strong></span> <span class='ocrx_word' id='word_1_360' title='bbox 3433 3556 3728 3617; x_wconf 84' lang='lat' dir='ltr'><strong>volatum</strong></span> 
     </span>
     <span class='ocr_line' id='line_1_31' title="bbox 631 3654 3722 3732; baseline -0 -13"><span class='ocrx_word' id='word_1_361' title='bbox 631 3660 851 3728; x_wconf 79' lang='lat' dir='ltr'><strong>audis,</strong></span> <span class='ocrx_word' id='word_1_362' title='bbox 898 3654 1327 3731; x_wconf 82' lang='lat' dir='ltr'><strong>intelligendo</strong></span> <span class='ocrx_word' id='word_1_363' title='bbox 1376 3661 1442 3713; x_wconf 90' lang='lat' dir='ltr'><strong>et</strong></span> <span class='ocrx_word' id='word_1_364' title='bbox 1492 3654 1861 3727; x_wconf 88' lang='lat' dir='ltr'><strong>sentiendo,</strong></span> <span class='ocrx_word' id='word_1_365' title='bbox 1912 3662 1972 3714; x_wconf 83' lang='lat' dir='ltr'><strong>et</strong></span> <span class='ocrx_word' id='word_1_366' title='bbox 2024 3657 2238 3714; x_wconf 78' lang='lat' dir='ltr'><strong>nescis</strong></span> <span class='ocrx_word' id='word_1_367' title='bbox 2271 3655 2450 3713; x_wconf 78' lang='lat' dir='ltr'><strong>unde</strong></span> <span class='ocrx_word' id='word_1_368' title='bbox 2483 3658 2729 3730; x_wconf 79' lang='lat' dir='ltr'><strong>veniat,</strong></span> <span class='ocrx_word' id='word_1_369' title='bbox 2776 3658 3090 3732; x_wconf 89' lang='lat' dir='ltr'><strong>quoniam</strong></span> <span class='ocrx_word' id='word_1_370' title='bbox 3122 3660 3347 3718; x_wconf 91' lang='lat' dir='ltr'><strong>nullus</strong></span> <span class='ocrx_word' id='word_1_371' title='bbox 3382 3659 3722 3718; x_wconf 90' lang='lat' dir='ltr'><strong>hominum</strong></span> 
     </span>
     <span class='ocr_line' id='line_1_32' title="bbox 639 3757 3725 3837; baseline 0 -16"><span class='ocrx_word' id='word_1_372' title='bbox 639 3763 828 3821; x_wconf 91' lang='lat' dir='ltr'><strong>illum</strong></span> <span class='ocrx_word' id='word_1_373' title='bbox 874 3759 1080 3834; x_wconf 88' lang='lat' dir='ltr'><strong>videt,</strong></span> <span class='ocrx_word' id='word_1_374' title='bbox 1139 3773 1264 3818; x_wconf 89' lang='lat' dir='ltr'><strong>nec</strong></span> <span class='ocrx_word' id='word_1_375' title='bbox 1322 3758 1561 3816; x_wconf 89' lang='lat' dir='ltr'><strong>itinera</strong></span> <span class='ocrx_word' id='word_1_376' title='bbox 1609 3757 1755 3832; x_wconf 85' lang='lat' dir='ltr'><strong>ejus</strong></span> <span class='ocrx_word' id='word_1_377' title='bbox 1813 3759 1964 3831; x_wconf 88' lang='lat' dir='ltr'><strong>scit;</strong></span> <span class='ocrx_word' id='word_1_378' title='bbox 2015 3765 2131 3815; x_wconf 83' lang='lat' dir='ltr'><strong>aut</strong></span> <span class='ocrx_word' id='word_1_379' title='bbox 2189 3776 2315 3835; x_wconf 82' lang='lat' dir='ltr'><strong>quo</strong></span> <span class='ocrx_word' id='word_1_380' title='bbox 2368 3759 2586 3833; x_wconf 84' lang='lat' dir='ltr'><strong>vadat,</strong></span> <span class='ocrx_word' id='word_1_381' title='bbox 2642 3760 2734 3819; x_wconf 83' lang='lat' dir='ltr'><strong>ita</strong></span> <span class='ocrx_word' id='word_1_382' title='bbox 2791 3765 2864 3819; x_wconf 91' lang='lat' dir='ltr'><strong>ut</strong></span> <span class='ocrx_word' id='word_1_383' title='bbox 2919 3761 3121 3820; x_wconf 86' lang='lat' dir='ltr'><strong>aliam</strong></span> <span class='ocrx_word' id='word_1_384' title='bbox 3167 3761 3376 3821; x_wconf 88' lang='lat' dir='ltr'><strong>vitam</strong></span> <span class='ocrx_word' id='word_1_385' title='bbox 3427 3776 3725 3837; x_wconf 89' lang='lat' dir='ltr'><strong>compre-</strong></span> 
     </span>
     <span class='ocr_line' id='line_1_33' title="bbox 631 3863 3725 3942; baseline -0 -15"><span class='ocrx_word' id='word_1_386' title='bbox 631 3867 898 3940; x_wconf 90' lang='lat' dir='ltr'><strong>hendat,</strong></span> <span class='ocrx_word' id='word_1_387' title='bbox 950 3871 1066 3925; x_wconf 90' lang='lat' dir='ltr'><strong>aut</strong></span> <span class='ocrx_word' id='word_1_388' title='bbox 1099 3863 1539 3938; x_wconf 84' lang='lat' dir='ltr'><strong>corporaliter</strong></span> <span class='ocrx_word' id='word_1_389' title='bbox 1588 3863 1798 3922; x_wconf 92' lang='lat' dir='ltr'><strong>videri</strong></span> <span class='ocrx_word' id='word_1_390' title='bbox 1834 3868 2058 3938; x_wconf 85' lang='lat' dir='ltr'><strong>queat.</strong></span> <span class='ocrx_word' id='word_1_391' title='bbox 2114 3864 2221 3924; x_wconf 85' lang='lat' dir='ltr'><strong>Sic</strong></span> <span class='ocrx_word' id='word_1_392' title='bbox 2247 3869 2340 3922; x_wconf 82' lang='lat' dir='ltr'><strong>est</strong></span> <span class='ocrx_word' id='word_1_393' title='bbox 2377 3867 2610 3937; x_wconf 75' lang='lat' dir='ltr'><strong>omnis,</strong></span> <span class='ocrx_word' id='word_1_394' title='bbox 2649 3865 2963 3924; x_wconf 87' lang='lat' dir='ltr'><strong>videlicet</strong></span> <span class='ocrx_word' id='word_1_395' title='bbox 3006 3865 3146 3924; x_wconf 89' lang='lat' dir='ltr'><strong>vita</strong></span> <span class='ocrx_word' id='word_1_396' title='bbox 3195 3867 3725 3942; x_wconf 86' lang='lat' dir='ltr'><strong>uniuscujusque</strong></span> 
     </span>
     <span class='ocr_line' id='line_1_34' title="bbox 631 3966 3722 4046; baseline -0 -15"><span class='ocrx_word' id='word_1_397' title='bbox 631 3976 983 4031; x_wconf 83' lang='lat' dir='ltr'><strong>creaturae</strong></span> <span class='ocrx_word' id='word_1_398' title='bbox 1033 3968 1364 4028; x_wconf 89' lang='lat' dir='ltr'><strong>moventis</strong></span> <span class='ocrx_word' id='word_1_399' title='bbox 1415 3982 1488 4025; x_wconf 90' lang='lat' dir='ltr'><strong>se</strong></span> <span class='ocrx_word' id='word_1_400' title='bbox 1540 3966 1920 4026; x_wconf 87' lang='lat' dir='ltr'><strong>invisibilis:</strong></span> <span class='ocrx_word' id='word_1_401' title='bbox 1974 3969 2087 4044; x_wconf 82' lang='lat' dir='ltr'><strong>qui</strong></span> <span class='ocrx_word' id='word_1_402' title='bbox 2137 3972 2333 4025; x_wconf 78' lang='lat' dir='ltr'><strong>natus</strong></span> <span class='ocrx_word' id='word_1_403' title='bbox 2384 3975 2475 4025; x_wconf 81' lang='lat' dir='ltr'><strong>est</strong></span> <span class='ocrx_word' id='word_1_404' title='bbox 2514 3988 2598 4027; x_wconf 64' lang='grc' dir='ltr'><strong>επ</strong></span> <span class='ocrx_word' id='word_1_405' title='bbox 2636 3969 2929 4045; x_wconf 79' lang='lat' dir='ltr'><strong>Spiritu,</strong></span> <span class='ocrx_word' id='word_1_406' title='bbox 2967 3968 3125 4044; x_wconf 89' lang='lat' dir='ltr'><strong>quia</strong></span> <span class='ocrx_word' id='word_1_407' title='bbox 3166 3970 3515 4046; x_wconf 90' lang='lat' dir='ltr'><strong>quidquid,</strong></span> <span class='ocrx_word' id='word_1_408' title='bbox 3555 3971 3722 4030; x_wconf 87' lang='lat' dir='ltr'><strong>vivit</strong></span> 
     </span>
     <span class='ocr_line' id='line_1_35' title="bbox 628 4070 3719 4152; baseline -0.001 -18"><span class='ocrx_word' id='word_1_409' title='bbox 628 4077 816 4152; x_wconf 90' lang='lat' dir='ltr'><strong>prius</strong></span> <span class='ocrx_word' id='word_1_410' title='bbox 847 4072 1237 4133; x_wconf 88' lang='lat' dir='ltr'><strong>invisibilite</strong></span> <span class='ocrx_word' id='word_1_411' title='bbox 1275 4071 1721 4130; x_wconf 88' lang='lat' dir='ltr'><strong>resuscitatur</strong></span> <span class='ocrx_word' id='word_1_412' title='bbox 1755 4070 1836 4129; x_wconf 89' lang='lat' dir='ltr'><strong>ad</strong></span> <span class='ocrx_word' id='word_1_413' title='bbox 1874 4071 2103 4143; x_wconf 88' lang='lat' dir='ltr'><strong>vitam,</strong></span> <span class='ocrx_word' id='word_1_414' title='bbox 2142 4086 2340 4145; x_wconf 89' lang='lat' dir='ltr'><strong>quam</strong></span> <span class='ocrx_word' id='word_1_415' title='bbox 2377 4086 2449 4128; x_wconf 84' lang='lat' dir='ltr'><strong>sc</strong></span> <span class='ocrx_word' id='word_1_416' title='bbox 2483 4072 2925 4146; x_wconf 88' lang='lat' dir='ltr'><strong>corporaliter</strong></span> <span class='ocrx_word' id='word_1_417' title='bbox 2960 4078 3245 4146; x_wconf 87' lang='lat' dir='ltr'><strong>moveat,</strong></span> <span class='ocrx_word' id='word_1_418' title='bbox 3284 4072 3456 4133; x_wconf 91' lang='lat' dir='ltr'><strong>unde</strong></span> <span class='ocrx_word' id='word_1_419' title='bbox 3493 4080 3719 4132; x_wconf 88' lang='lat' dir='ltr'><strong>natum</strong></span> 
     </span>
     <span class='ocr_line' id='line_1_36' title="bbox 632 4175 1963 4258; baseline -0.008 -16"><span class='ocrx_word' id='word_1_420' title='bbox 632 4181 829 4258; x_wconf 87' lang='lat' dir='ltr'><strong>quasi</strong></span> <span class='ocrx_word' id='word_1_421' title='bbox 864 4179 1264 4240; x_wconf 88' lang='lat' dir='ltr'><strong>suscitatum</strong></span> <span class='ocrx_word' id='word_1_422' title='bbox 1300 4193 1378 4235; x_wconf 81' lang='lat' dir='ltr'><strong>ex</strong></span> <span class='ocrx_word' id='word_1_423' title='bbox 1413 4175 1664 4251; x_wconf 88' lang='lat' dir='ltr'><strong>Spiritu</strong></span> <span class='ocrx_word' id='word_1_424' title='bbox 1697 4175 1963 4233; x_wconf 88' lang='lat' dir='ltr'><strong>dicitur.</strong></span> 
     </span>
    </p>

    <p class='ocr_par' dir='ltr' id='par_1_7' title="bbox 619 4278 3741 4984">
     <span class='ocr_line' id='line_1_37' title="bbox 721 4278 3719 4360; baseline -0.002 -16"><span class='ocrx_word' id='word_1_425' title='bbox 721 4284 1080 4360; x_wconf 79' lang='lat' dir='ltr'><strong>Respondit</strong></span> <span class='ocrx_word' id='word_1_426' title='bbox 1133 4282 1548 4350; x_wconf 66' lang='lat' dir='ltr'><strong>Nicodamus,</strong></span> <span class='ocrx_word' id='word_1_427' title='bbox 1599 4279 1860 4338; x_wconf 87' lang='lat' dir='ltr'><strong>scilicet</strong></span> <span class='ocrx_word' id='word_1_428' title='bbox 1907 4278 2556 4354; x_wconf 84' lang='lat' dir='ltr'><strong>pseudoprophetae,</strong></span> <span class='ocrx_word' id='word_1_429' title='bbox 2611 4287 2671 4337; x_wconf 80' lang='lat' dir='ltr'><strong>et</strong></span> <span class='ocrx_word' id='word_1_430' title='bbox 2706 4282 2797 4338; x_wconf 84' lang='lat' dir='ltr'><strong>ait</strong></span> <span class='ocrx_word' id='word_1_431' title='bbox 2833 4281 2940 4340; x_wconf 87' lang='lat' dir='ltr'><strong>itti</strong></span> <span class='ocrx_word' id='word_1_432' title='bbox 2983 4283 3073 4340; x_wconf 87' lang='lat' dir='ltr'><strong>sic</strong></span> <span class='ocrx_word' id='word_1_433' title='bbox 3122 4281 3498 4356; x_wconf 84' lang='lat' dir='ltr'><strong>cogitando:</strong></span> <span class='ocrx_word' id='word_1_434' title='bbox 3554 4283 3719 4354; x_wconf 85' lang='lat' dir='ltr'><strong>Quo-</strong></span> 
     </span>
     <span class='ocr_line' id='line_1_38' title="bbox 626 4377 3718 4470; baseline -0.001 -23"><span class='ocrx_word' id='word_1_435' title='bbox 626 4389 814 4447; x_wconf 86' lang='lat' dir='ltr'><strong>modo</strong></span> <span class='ocrx_word' id='word_1_436' title='bbox 861 4377 1203 4470; x_wconf 87' lang='lat' dir='ltr'><strong>[possunt]</strong></span> <span class='ocrx_word' id='word_1_437' title='bbox 1254 4389 1410 4444; x_wconf 82' lang='lat' dir='ltr'><strong>haec</strong></span> <span class='ocrx_word' id='word_1_438' title='bbox 1458 4386 1625 4464; x_wconf 80' lang='lat' dir='ltr'><strong>fieri,</strong></span> <span class='ocrx_word' id='word_1_439' title='bbox 1680 4383 1939 4441; x_wconf 88' lang='lat' dir='ltr'><strong>scilicet</strong></span> <span class='ocrx_word' id='word_1_440' title='bbox 1983 4388 2056 4441; x_wconf 93' lang='lat' dir='ltr'><strong>ut</strong></span> <span class='ocrx_word' id='word_1_441' title='bbox 2092 4382 2413 4442; x_wconf 89' lang='lat' dir='ltr'><strong>invisibili</strong></span> <span class='ocrx_word' id='word_1_442' title='bbox 2461 4383 2639 4442; x_wconf 85' lang='lat' dir='ltr'><strong>vitae</strong></span> <span class='ocrx_word' id='word_1_443' title='bbox 2688 4384 2902 4458; x_wconf 85' lang='lat' dir='ltr'><strong>magis</strong></span> <span class='ocrx_word' id='word_1_444' title='bbox 2951 4384 3351 4443; x_wconf 87' lang='lat' dir='ltr'><strong>credendum</strong></span> <span class='ocrx_word' id='word_1_445' title='bbox 3387 4386 3475 4444; x_wconf 89' lang='lat' dir='ltr'><strong>sit</strong></span> <span class='ocrx_word' id='word_1_446' title='bbox 3518 4401 3718 4461; x_wconf 87' lang='lat' dir='ltr'><strong>quam</strong></span> 
     </span>
     <span class='ocr_line' id='line_1_39' title="bbox 627 4486 3720 4565; baseline -0.001 -15"><span class='ocrx_word' id='word_1_447' title='bbox 627 4490 914 4550; x_wconf 74' lang='lat' dir='ltr'><strong>visibili?</strong></span> <span class='ocrx_word' id='word_1_448' title='bbox 959 4489 1320 4565; x_wconf 80' lang='lat' dir='ltr'><strong>Respondit</strong></span> <span class='ocrx_word' id='word_1_449' title='bbox 1357 4488 1569 4562; x_wconf 78' lang='lat' dir='ltr'><strong>JesuS,</strong></span> <span class='ocrx_word' id='word_1_450' title='bbox 1608 4486 1921 4546; x_wconf 89' lang='lat' dir='ltr'><strong>videlicet</strong></span> <span class='ocrx_word' id='word_1_451' title='bbox 1966 4486 2173 4557; x_wconf 88' lang='lat' dir='ltr'><strong>Deus,</strong></span> <span class='ocrx_word' id='word_1_452' title='bbox 2224 4495 2285 4553; x_wconf 81' lang='lat' dir='ltr'><strong>et</strong></span> <span class='ocrx_word' id='word_1_453' title='bbox 2336 4488 2508 4546; x_wconf 73' lang='lat' dir='ltr'><strong>dixit</strong></span> <span class='ocrx_word' id='word_1_454' title='bbox 2555 4490 2641 4546; x_wconf 83' lang='lat' dir='ltr'><strong>ei:</strong></span> <span class='ocrx_word' id='word_1_455' title='bbox 2701 4488 2796 4547; x_wconf 82' lang='lat' dir='ltr'><strong>Tu</strong></span> <span class='ocrx_word' id='word_1_456' title='bbox 2839 4508 2906 4546; x_wconf 82' lang='lat' dir='ltr'><strong>es</strong></span> <span class='ocrx_word' id='word_1_457' title='bbox 2953 4490 3264 4565; x_wconf 74' lang='lat' dir='ltr'><strong>maqister</strong></span> <span class='ocrx_word' id='word_1_458' title='bbox 3317 4490 3380 4547; x_wconf 89' lang='lat' dir='ltr'><strong>in</strong></span> <span class='ocrx_word' id='word_1_459' title='bbox 3428 4489 3720 4562; x_wconf 86' lang='lat' dir='ltr'><strong>praecel-</strong></span> 
     </span>
     <span class='ocr_line' id='line_1_40' title="bbox 627 4591 3711 4671; baseline -0.001 -16"><span class='ocrx_word' id='word_1_460' title='bbox 627 4595 789 4656; x_wconf 89' lang='lat' dir='ltr'><strong>lenti</strong></span> <span class='ocrx_word' id='word_1_461' title='bbox 821 4609 1109 4671; x_wconf 90' lang='lat' dir='ltr'><strong>persona</strong></span> <span class='ocrx_word' id='word_1_462' title='bbox 1143 4595 1217 4653; x_wconf 80' lang='lat' dir='ltr'><strong>in</strong></span> <span class='ocrx_word' id='word_1_463' title='bbox 1253 4593 1484 4665; x_wconf 84' lang='lat' dir='ltr'><strong>Israel,</strong></span> <span class='ocrx_word' id='word_1_464' title='bbox 1537 4591 1730 4666; x_wconf 90' lang='lat' dir='ltr'><strong>quasi</strong></span> <span class='ocrx_word' id='word_1_465' title='bbox 1782 4592 2192 4664; x_wconf 88' lang='lat' dir='ltr'><strong>sanctorum,</strong></span> <span class='ocrx_word' id='word_1_466' title='bbox 2243 4599 2305 4648; x_wconf 81' lang='grc' dir='ltr'><strong>ει</strong></span> <span class='ocrx_word' id='word_1_467' title='bbox 2339 4594 2496 4651; x_wconf 82' lang='lat' dir='ltr'><strong>haec</strong></span> <span class='ocrx_word' id='word_1_468' title='bbox 2530 4595 2826 4667; x_wconf 71' lang='lat' dir='ltr'><strong>iqnoras?</strong></span> <span class='ocrx_word' id='word_1_469' title='bbox 2876 4593 2992 4651; x_wconf 92' lang='lat' dir='ltr'><strong>sed</strong></span> <span class='ocrx_word' id='word_1_470' title='bbox 3026 4593 3377 4654; x_wconf 85' lang='lat' dir='ltr'><strong>veritatem</strong></span> <span class='ocrx_word' id='word_1_471' title='bbox 3413 4594 3711 4654; x_wconf 67' lang='lat' dir='ltr'><strong>nescitis</strong></span> 
     </span>
     <span class='ocr_line' id='line_1_41' title="bbox 625 4697 3719 4775; baseline -0.001 -14"><span class='ocrx_word' id='word_1_472' title='bbox 625 4703 858 4775; x_wconf 81' lang='lat' dir='ltr'><strong>Amen,</strong></span> <span class='ocrx_word' id='word_1_473' title='bbox 887 4719 1081 4760; x_wconf 80' lang='lat' dir='ltr'><strong>amen</strong></span> <span class='ocrx_word' id='word_1_474' title='bbox 1118 4701 1259 4760; x_wconf 88' lang='lat' dir='ltr'><strong>dico</strong></span> <span class='ocrx_word' id='word_1_475' title='bbox 1279 4698 1414 4772; x_wconf 85' lang='lat' dir='ltr'><strong>tibi,</strong></span> <span class='ocrx_word' id='word_1_476' title='bbox 1445 4701 1604 4774; x_wconf 85' lang='lat' dir='ltr'><strong>quia</strong></span> <span class='ocrx_word' id='word_1_477' title='bbox 1633 4699 1805 4774; x_wconf 83' lang='lat' dir='ltr'><strong>quod</strong></span> <span class='ocrx_word' id='word_1_478' title='bbox 1833 4700 2100 4771; x_wconf 80' lang='lat' dir='ltr'><strong>scimus,</strong></span> <span class='ocrx_word' id='word_1_479' title='bbox 2137 4698 2492 4774; x_wconf 81' lang='lat' dir='ltr'><strong>loquimur,</strong></span> <span class='ocrx_word' id='word_1_480' title='bbox 2531 4698 2621 4756; x_wconf 89' lang='lat' dir='ltr'><strong>ita</strong></span> <span class='ocrx_word' id='word_1_481' title='bbox 2661 4697 2832 4772; x_wconf 90' lang='lat' dir='ltr'><strong>quod</strong></span> <span class='ocrx_word' id='word_1_482' title='bbox 2872 4714 2994 4772; x_wconf 84' lang='lat' dir='ltr'><strong>ego</strong></span> <span class='ocrx_word' id='word_1_483' title='bbox 3031 4715 3176 4756; x_wconf 87' lang='lat' dir='ltr'><strong>sum</strong></span> <span class='ocrx_word' id='word_1_484' title='bbox 3216 4699 3280 4758; x_wconf 93' lang='lat' dir='ltr'><strong>in</strong></span> <span class='ocrx_word' id='word_1_485' title='bbox 3310 4699 3593 4759; x_wconf 83' lang='lat' dir='ltr'><strong>scientia</strong></span> <span class='ocrx_word' id='word_1_486' title='bbox 3626 4700 3719 4758; x_wconf 91' lang='lat' dir='ltr'><strong>lo-</strong></span> 
     </span>
     <span class='ocr_line' id='line_1_42' title="bbox 623 4801 3711 4884; baseline -0.002 -17"><span class='ocrx_word' id='word_1_487' title='bbox 623 4807 957 4884; x_wconf 81' lang='lat' dir='ltr'><strong>quendiet</strong></span> <span class='ocrx_word' id='word_1_488' title='bbox 993 4806 1162 4883; x_wconf 83' lang='lat' dir='ltr'><strong>quod</strong></span> <span class='ocrx_word' id='word_1_489' title='bbox 1208 4805 1494 4864; x_wconf 79' lang='lat' dir='ltr'><strong>vidimus</strong></span> <span class='ocrx_word' id='word_1_490' title='bbox 1539 4804 1602 4861; x_wconf 87' lang='lat' dir='ltr'><strong>in</strong></span> <span class='ocrx_word' id='word_1_491' title='bbox 1637 4803 1918 4861; x_wconf 84' lang='lat' dir='ltr'><strong>scientia</strong></span> <span class='ocrx_word' id='word_1_492' title='bbox 1966 4801 2255 4876; x_wconf 87' lang='lat' dir='ltr'><strong>videndi,</strong></span> <span class='ocrx_word' id='word_1_493' title='bbox 2311 4807 2633 4859; x_wconf 80' lang='lat' dir='ltr'><strong>testamur</strong></span> <span class='ocrx_word' id='word_1_494' title='bbox 2683 4801 3100 4876; x_wconf 84' lang='lat' dir='ltr'><strong>affirmando,</strong></span> <span class='ocrx_word' id='word_1_495' title='bbox 3153 4809 3216 4862; x_wconf 83' lang='lat' dir='ltr'><strong>et</strong></span> <span class='ocrx_word' id='word_1_496' title='bbox 3253 4806 3711 4864; x_wconf 77' lang='lat' dir='ltr'><strong>testimonium</strong></span> 
     </span>
     <span class='ocr_line' id='line_1_43' title="bbox 619 4895 3741 4984; baseline -0.001 -14"><span class='ocrx_word' id='word_1_497' title='bbox 619 4919 923 4970; x_wconf 77' lang='lat' dir='ltr'><strong>nostrum</strong></span> <span class='ocrx_word' id='word_1_498' title='bbox 979 4927 1110 4968; x_wconf 80' lang='lat' dir='ltr'><strong>non</strong></span> <span class='ocrx_word' id='word_1_499' title='bbox 1158 4910 1490 4984; x_wconf 75' lang='lat' dir='ltr'><strong>accipitiS,</strong></span> <span class='ocrx_word' id='word_1_500' title='bbox 1554 4907 1643 4964; x_wconf 89' lang='lat' dir='ltr'><strong>ita</strong></span> <span class='ocrx_word' id='word_1_501' title='bbox 1693 4910 1766 4963; x_wconf 91' lang='lat' dir='ltr'><strong>ut</strong></span> <span class='ocrx_word' id='word_1_502' title='bbox 1816 4905 2272 4964; x_wconf 83' lang='lat' dir='ltr'><strong>ostensionem</strong></span> <span class='ocrx_word' id='word_1_503' title='bbox 2324 4905 2675 4980; x_wconf 85' lang='lat' dir='ltr'><strong>utriusque</strong></span> <span class='ocrx_word' id='word_1_504' title='bbox 2727 4906 3184 4965; x_wconf 85' lang='lat' dir='ltr'><strong>attestationis</strong></span> <span class='ocrx_word' id='word_1_505' title='bbox 3236 4907 3581 4966; x_wconf 68' lang='lat' dir='ltr'><strong>nesciatis</strong></span> <span class='ocrx_word' id='word_1_506' title='bbox 3640 4895 3741 4968; x_wconf 54' lang='lat' dir='ltr'><strong>Si*</strong></span> 
     </span>
    </p>
   </div>
   <div class='ocr_carea' id='block_1_3' title="bbox 695 5170 3393 5243">
    <p class='ocr_par' dir='ltr' id='par_1_8' title="bbox 695 5170 3393 5243">
     <span class='ocr_line' id='line_1_44' title="bbox 695 5170 3393 5243; baseline -0.002 -13"><span class='ocrx_word' id='word_1_507' title='bbox 695 5175 736 5241; x_wconf 88' lang='lat'><strong>¹)</strong></span> <span class='ocrx_word' id='word_1_508' title='bbox 765 5181 812 5230; x_wconf 86' lang='lat' dir='ltr'><strong>et</strong></span> <span class='ocrx_word' id='word_1_509' title='bbox 837 5178 993 5229; x_wconf 74' lang='lat' dir='ltr'><strong>nasci</strong></span> <span class='ocrx_word' id='word_1_510' title='bbox 1019 5173 1139 5230; x_wconf 88' lang='lat' dir='ltr'><strong>cod.</strong></span> <span class='ocrx_word' id='word_1_511' title='bbox 1176 5206 1235 5212; x_wconf 80' lang='lat'><strong>-—</strong></span> <span class='ocrx_word' id='word_1_512' title='bbox 1265 5176 1309 5240; x_wconf 83' lang='lat'><strong>²)</strong></span> <span class='ocrx_word' id='word_1_513' title='bbox 1331 5173 1470 5228; x_wconf 79' lang='lat' dir='ltr'><strong>Gen.</strong></span> <span class='ocrx_word' id='word_1_514' title='bbox 1505 5172 1551 5236; x_wconf 89' lang='lat'><strong>1,</strong></span> <span class='ocrx_word' id='word_1_515' title='bbox 1581 5178 1630 5227; x_wconf 82' lang='lat'><strong>2.</strong></span> <span class='ocrx_word' id='word_1_516' title='bbox 1666 5205 1728 5211; x_wconf 50' lang='lat' dir='ltr'><strong>—u</strong></span> <span class='ocrx_word' id='word_1_517' title='bbox 1758 5172 1801 5238; x_wconf 76' lang='grc'><strong>3)</strong></span> <span class='ocrx_word' id='word_1_518' title='bbox 1830 5173 1894 5226; x_wconf 85' lang='lat' dir='ltr'><strong>de</strong></span> <span class='ocrx_word' id='word_1_519' title='bbox 1919 5171 2134 5241; x_wconf 79' lang='lat' dir='ltr'><strong>Spiritu</strong></span> <span class='ocrx_word' id='word_1_520' title='bbox 2166 5171 2361 5225; x_wconf 83' lang='lat' dir='ltr'><strong>Sancto</strong></span> <span class='ocrx_word' id='word_1_521' title='bbox 2387 5176 2459 5225; x_wconf 76' lang='lat' dir='ltr'><strong>est</strong></span> <span class='ocrx_word' id='word_1_522' title='bbox 2484 5170 2605 5227; x_wconf 86' lang='lat' dir='ltr'><strong>cod.</strong></span> <span class='ocrx_word' id='word_1_523' title='bbox 2641 5202 2705 5210; x_wconf 91' lang='lat'>—</span> <span class='ocrx_word' id='word_1_524' title='bbox 2734 5173 2776 5239; x_wconf 87' lang='lat'><strong>⁵)</strong></span> <span class='ocrx_word' id='word_1_525' title='bbox 2806 5170 2880 5226; x_wconf 85' lang='lat' dir='ltr'><strong>id.</strong></span> <span class='ocrx_word' id='word_1_526' title='bbox 2918 5186 3027 5226; x_wconf 88' lang='lat' dir='ltr'><strong>om.</strong></span> <span class='ocrx_word' id='word_1_527' title='bbox 3060 5177 3263 5243; x_wconf 83' lang='lat' dir='ltr'><strong>oportet</strong></span> <span class='ocrx_word' id='word_1_528' title='bbox 3287 5188 3393 5226; x_wconf 78' lang='lat' dir='ltr'><strong>vos.</strong></span> 
     </span>
    </p>
   </div>
  </div>
 </body>
</html>
