4036 6117
1307 556 1546 604 mnan
1605 556 1811 604 vrrAE
1866 554 2351 605 msntronum
3216 538 3301 599 67

282 695 316 740 ›
350 684 415 742 et
448 676 826 741 mercedem
857 676 1003 753 ejus
1036 675 1345 754 recipies,
1382 677 1466 737 iis
1499 676 1745 752 quibus
1779 676 2092 736 omnibus
2125 691 2386 736 omnem
2421 674 2739 736 honorem
2773 680 2840 735 et
2881 674 3365 737 beatitudinem

285 805 313 842 υ
349 800 426 845 ac
474 782 897 844 honestatem
930 798 968 841 a
1002 784 1067 840 te
1115 781 1413 855 expellis.
1448 780 1583 855 Ego
1634 785 1857 839 autem
1893 779 1961 838 in
1992 779 2302 839 omnibus
2336 779 2466 868 viis
2514 777 2775 838 Domini
2825 781 3134 840 columna
3186 796 3359 855 sum,

283 906 311 943 υ
344 892 411 946 et
443 886 611 947 bene
644 901 892 945 sonans
926 883 1085 944 tuba
1114 881 1418 959 justitiae
1451 882 1569 943 Dei
1602 899 1776 956 sum,
1811 899 1890 944 ac
1922 883 2147 943 omnia
2181 897 2385 959 opera
2417 882 2565 957 eJus
2599 897 2770 958 quae
2818 884 2974 959 sint,
3010 890 3078 944 et
3111 890 3364 960 quanta

277 1009 305 1046 υ
342 990 498 1063 sint,
531 989 905 1062 dinumero,
941 993 1009 1046 et
1040 1003 1118 1046 ea
1152 987 1218 1045 in
1256 987 1538 1046 veritate
1570 965 1872 1060 ostendo,
1911 992 2323 1063 quapropter
2357 986 2422 1045 in
2456 986 2706 1062 palatio
2742 987 2921 1062 regis
2955 1003 3034 1046 ac
3075 988 3144 1048 in
3177 991 3357 1050 omni

275 1114 303 1150 ι
341 1091 591 1151 bonore
641 1090 856 1166 ipsius
904 1088 1227 1148 advocata
1260 1104 1430 1147 sum.
1482 1089 1758 1148 Inaures
1807 1104 2072 1164 quoque
2120 1093 2187 1146 et
2237 1088 2536 1147 armillas
2586 1094 2802 1164 port0,
2855 1095 2923 1148 et
2971 1092 3355 1152 coruscatio

276 1215 303 1253 ι
337 1194 558 1256 omnis
604 1198 884 1253 ornatus
914 1191 1032 1251 Dei
1074 1207 1246 1264 sum,
1282 1192 1440 1267 quia
1474 1206 1594 1267 per
1620 1191 1954 1266 justitiam
1987 1191 2105 1250 Dei
2138 1191 2495 1251 veritatem
2528 1192 2786 1267 loquor.
2823 1192 2944 1252 Sed
2996 1200 3063 1253 et
3096 1197 3359 1258 coelum

270 1318 300 1355 »
333 1305 401 1359 et
434 1305 621 1358 terra
655 1312 733 1356 ac
768 1295 1067 1371 reliquae
1099 1300 1472 1369 creaturae,
1508 1310 1680 1372 quae
1713 1295 1977 1354 viscera
2018 1310 2253 1354 eorum
2288 1300 2464 1369 sunt,
2501 1311 2776 1355 veraces
2826 1303 3002 1371 sunt;
3039 1304 3108 1357 et
3140 1316 3355 1377 aquae

268 1421 298 1458 ι
332 1415 507 1478 quae
540 1400 729 1459 coelo
775 1405 843 1459 et
875 1404 1097 1458 terrae
1129 1397 1528 1471 subduntur,
1565 1398 1880 1473 quoniam
1925 1397 2166 1457 humor
2197 1414 2429 1457 eorum
2463 1405 2641 1475 sunt,
2695 1401 2763 1459 in
2793 1401 3081 1461 veritate
3127 1418 3355 1479 perse-

269 1523 297 1560 »
329 1508 592 1564 verant.
628 1503 725 1563 Tu
772 1508 1018 1576 autem,
1053 1517 1092 1560 o
1140 1517 1298 1577 pars
1332 1501 1582 1576 iniqua,
1635 1501 1971 1576 pessimus
2007 1502 2259 1560 vermis
2292 1518 2389 1575 es,
2426 1502 2598 1562 unde
2632 1503 2807 1564 sicut
2843 1504 3100 1565 foetens
3135 1506 3351 1566 lutum

267 1627 297 1664 ι
331 1605 864 1667 conculcaberis.
904 1622 936 1661 ι

346 1709 450 1771 14.
504 1707 633 1768 Sed
664 1713 733 1768 et
764 1708 998 1784 quinta
1029 1707 1248 1782 imago
1284 1707 1350 1766 in
1384 1707 1600 1766 forma
1647 1705 1937 1766 hominis
1971 1708 2306 1783 apparuit,
2340 1714 2409 1768 et
2455 1710 2718 1787 crispos
2752 1727 2833 1772 ac
2865 1713 3094 1789 nigros
3142 1716 3349 1793 capil-

264 1814 359 1873 los
390 1811 712 1885 habebat,
747 1826 826 1870 ac
862 1809 1101 1870 faciem
1134 1810 1417 1885 igneam.
1454 1811 1680 1887 Cappa
1714 1815 1939 1870 autem
1971 1811 2144 1871 varii
2177 1811 2422 1872 coloris
2457 1812 2686 1876 induta
2713 1821 2881 1890 erat,
2918 1833 3089 1893 quae
3116 1818 3199 1878 ad
3233 1819 3353 1879 hu-

260 1930 478 1975 meros
516 1914 845 1974 foramina
877 1912 1188 1987 habebat‚
1224 1928 1345 1989 por
1376 1929 1549 1989 quae
1582 1913 1859 1975 brachia
1893 1930 2016 1974 sua
2047 1914 2457 1992 extenderat,
2495 1918 2589 1977 ita
2621 1917 2799 1994 quod
2832 1921 3037 1981 etiam
3070 1923 3347 1984 sinistro

263 2014 538 2075 brachio
574 2015 866 2074 securim
899 2013 1188 2089 tenebat,
1225 2031 1426 2090 quam
1462 2014 1545 2075 ad
1579 2030 1653 2075 se
1685 2016 2199 2091 constrinxerat,
2239 2017 2305 2076 in
2336 2017 2529 2093 cujus
2563 2021 2706 2078 acie
2740 2036 2977 2082 manus
3012 2041 3171 2085 suas
3205 2043 3350 2087 sae-

255 2119 399 2197 pius
450 2119 581 2178 hoc
614 2118 810 2179 modo
858 2118 1331 2179 vulneraverat
1361 2113 1431 2199 ¹),
1483 2134 1637 2178 cum
1683 2134 1800 2178 eas
1852 2120 1949 2178 illi
1997 2134 2159 2194 prae
2211 2120 2435 2181 furore
2484 2122 2733 2197 injecit,
2773 2126 2867 2184 ita
2915 2128 3091 2202 quod
3139 2131 3346 2191 etiarn

257 2223 583 2297 sanguine
615 2237 849 2281 earum
884 2222 1100 2297 ipsam
1134 2228 1390 2281 vestem
1423 2221 1739 2297 perfudit.

1704 2429 1895 2489 VIIII.

1448 2639 1648 2703 Verba
1694 2646 2151 2705 contentionis.

333 2852 434 2916 15.
490 2853 572 2913 Et
610 2850 896 2913 dicebat:
952 2869 983 2909 ε
1021 2849 1444 2911 Nimietatem
1493 2850 1677 2910 illam
1728 2866 1851 2910 nec
1897 2852 2257 2927 sustinere,
2307 2869 2428 2913 nec
2478 2855 2760 2918 sufferre
2808 2876 3106 2939 possum,
3159 2867 3334 2942 quod

253 2972 284 3012 ι
316 2955 787 3033 unusquisque
835 2952 1114 3030 pallium
1162 2968 1358 3012 suum
1405 2954 1723 3029 excutiat,
1777 2960 1844 3014 et
1876 2970 2028 3013 cum
2079 2955 2191 3015 illo
2242 2972 2347 3015 me
2395 2967 2647 3034 oneret,
2700 2962 2877 3023 sicut
2924 2967 3133 3027 asella
3181 2984 3334 3031 cum

249 3077 281 3115 ι
312 3075 514 3119 sacco
562 3064 903 3132 oneratur,
955 3072 1156 3134 quam
1201 3055 1425 3132 pullus
1475 3072 1639 3117 suus
1689 3037 2145 3134 subsequitur.
2182 3060 2510 3132 Quamdiu
2558 3065 2853 3143 spirabo,
2899 3075 2967 3128 et
3013 3071 3333 3147 quamdiu

255 3179 282 3217 ι
312 3162 566 3236 vivam,
603 3177 733 3221 non
765 3160 1149 3236 permittam
1181 3165 1254 3219 ut
1288 3160 1465 3219 ullus
1491 3177 1609 3237 per
1642 3161 1971 3222 insaniam
1996 3164 2365 3224 voluntatis
2401 3183 2562 3227 suae
2588 3184 2693 3228 me
2727 3178 3079 3245 percutiat.
3109 3174 3331 3236 Omni-

253 3281 282 3321 »
315 3265 438 3326 bus
463 3267 648 3325 enim
674 3264 1065 3340 prohibebo,
1089 3278 1170 3322 ne
1195 3263 1371 3324 sicut
1397 3269 1645 3324 terram
1673 3267 2064 3326 conculcent
2092 3284 2215 3328 me.
2237 3269 2401 3328 Nam
2429 3272 2638 3331 multo
2667 3273 2989 3348 maj0rem
3017 3277 3329 3352 injuriam

254 3383 283 3423 ι
311 3368 411 3428 eis
447 3367 695 3429 faciam
730 3383 931 3443 quam
965 3366 1129 3426 mihi
1164 3366 1475 3443 inferant,
1512 3368 1669 3444 quia
1705 3385 1808 3429 me
1841 3385 1971 3430 non
2007 3371 2231 3431 taedet
2277 3379 2500 3433 tantas
2551 3377 2919 3454 molestias,
2972 3385 3329 3459 tantasque

252 3485 281 3525 ι
315 3471 760 3531 contumelias
796 3471 929 3530 illis
966 3469 1234 3545 inferre,
1271 3470 1447 3547 quod
1482 3472 1687 3531 etiam
1722 3474 1788 3534 in
1821 3474 2139 3534 cordibus
2173 3476 2318 3535 suis
2352 3492 2473 3553 per
2505 3477 2627 3538 has
2660 3479 3128 3544 dilacerentur.
3171 3503 3202 3543 ι

1746 3683 1816 3743 Χ.

1448 3891 1806 3970 Responsio
1846 3897 2053 3970 pacis.

324 4097 424 4162 16.
475 4098 560 4162 Et
593 4099 837 4160 iterum
868 4099 951 4161 de
983 4101 1285 4177 praefata
1319 4102 1586 4162 turbida
1620 4104 1795 4164 nube
1829 4106 2055 4166 audivi
2091 4125 2325 4170 vocem
2358 4111 2575 4173 eidem
2608 4115 2881 4192 imagini
2918 4122 3320 4197 responden-

245 4204 386 4265 tem:
423 4221 458 4263 ι
496 4202 551 4265 O
583 4203 877 4264 stridens
925 4210 994 4263 et
1025 4204 1258 4280 igneus
1306 4206 1491 4265 calor
1536 4210 2001 4285 contumeliae,
2054 4217 2126 4271 tu
2176 4214 2614 4289 sanguineum
2661 4220 2912 4279 crimen
2954 4228 3022 4283 et
3071 4225 3322 4286 stridor

248 4321 277 4361 ι
309 4305 608 4368 dentium
639 4321 738 4382 eS,
774 4313 841 4368 et
876 4309 943 4367 in
973 4309 1300 4370 varietate
1333 4310 1729 4386 injuriarum
1762 4319 2056 4389 aestum,
2094 4322 2169 4376 ut
2201 4320 2593 4394 sanguinem
2625 4322 2948 4401 effundaS,
2985 4333 3053 4388 et
3086 4329 3185 4390 sic
3219 4346 3323 4390 se-

250 4424 279 4464 »
310 4410 600 4471 cundum
631 4411 1045 4471 voluntatem
1078 4417 1260 4472 tuam
1296 4413 1603 4474 incedere
1635 4415 1762 4491 viS,
1815 4434 2235 4495 quocumque
2270 4422 2394 4482 tibi
2442 4427 2791 4499 placuerit.
2828 4428 2951 4490 Sed
2989 4437 3057 4491 et
3092 4432 3157 4492 in
3204 4449 3320 4493 ore

249 4528 279 4565 ι
311 4517 422 4574 tuo
458 4527 771 4590 magnam
804 4514 1157 4575 saevitiam
1189 4522 1442 4592 portaS,
1481 4534 1601 4594 per
1624 4535 1823 4595 quam
1849 4522 2177 4596 plurimos
2205 4528 2626 4605 comminuis,
2656 4546 2734 4590 ac
2760 4547 2876 4592 eos
2903 4533 3314 4610 inhonesta,

250 4631 278 4668 ι
310 4614 422 4692 qui
455 4615 1036 4677 mansuetudinem
1069 4626 1432 4680 sectantur.
1468 4621 1633 4680 Nam
1669 4622 1842 4682 bona
1877 4626 2158 4686 consilia
2193 4634 2260 4687 et
2292 4631 2558 4705 quietas
2592 4640 2849 4695 mentes
2882 4636 3202 4715 destruiS,
3242 4657 3321 4699 ac

249 4730 277 4769 ι
309 4715 696 4793 deceptione
727 4725 845 4779 tua
876 4721 975 4780 eis
1009 4720 1205 4782 finem
1241 4722 1547 4798 imponis.
1585 4725 1656 4784 In
1690 4727 1871 4787 nulla
1904 4729 2082 4789 enim
2117 4747 2188 4791 re
2228 4731 2683 4796 habitaculum
2728 4739 2920 4814 pacis
2948 4740 3162 4818 vides,
3199 4759 3319 4803 nec

248 4835 276 4872 υ
309 4818 675 4895 desideras,
712 4836 835 4882 nec
866 4823 996 4898 vis,
1035 4824 1150 4884 sed
1185 4824 1251 4885 in
1287 4842 1644 4888 cavernam
1678 4829 1854 4891 sicut
1887 4848 2165 4908 serpens
2199 4841 2264 4895 te
2314 4837 2625 4915 involviS,
2660 4848 2728 4901 ct
2759 4858 2880 4919 per
2920 4843 3143 4919 jacula
3178 4847 3321 4906 uni-

250 4932 278 4975 »
308 4921 548 4999 cuique
573 4924 855 4986 vulnera
881 4926 1072 5001 faciS,
1101 4929 1260 5003 quia
1288 4931 1491 4991 saltui
1521 4928 1573 5011 ²)
1608 4929 2055 4996 mordentium
2089 4940 2419 5000 vermium
2454 4943 2879 5018 assimilariS‚
2918 4947 3032 5022 qui
3066 4951 3321 5025 praeci-

249 5038 280 5079 »
308 5038 436 5101 pue
467 5024 851 5091 hominibus
884 5037 1166 5092 mortem
1202 5032 1514 5111 inferunt;
1551 5042 1619 5097 et
1653 5038 1800 5099 ideo
1834 5040 2071 5101 umbra
2104 5044 2343 5104 mortis
2377 5061 2455 5105 ac
2488 5048 2855 5122 pessimum
2890 5068 3213 5112 venenum
3248 5061 3316 5114 et

313 5175 353 5243 ¹)
380 5179 689 5239 vulneravit
716 5183 781 5239 Α.
818 5217 879 5227 —-
909 5187 953 5249 ²)
977 5191 1081 5260 qui
1102 5191 1277 5248 saltui
1301 5194 1390 5249 W.
