4036 6117
1188 512 1429 563 menn
1477 515 1976 562 COMPOSITAE
2027 516 2479 565 MEDICINAE
3192 505 3321 567 473

281 634 492 715 Moysi
526 639 775 699 veteris
811 637 1219 699 Testamenti
1254 644 1430 713 sunt,
1470 655 1641 714 quae
1676 646 1914 700 cuncta
1940 640 2114 701 Deus
2150 641 2229 700 ad
2268 642 2641 717 spiritalem
2688 640 3198 716 intelligentiam
3235 658 3390 701 con-

288 745 517 803 vertit:
554 744 635 802 de
671 743 937 802 vivente
971 759 1259 818 namque
1297 743 1474 803 fonte
1509 743 1826 802 salientes
1863 746 1988 803 rivi
2027 751 2202 818 sunt,
2242 761 2413 821 quae
2448 761 2679 804 omnes
2715 745 2950 806 sordes
2990 746 3337 808 abluunt...

381 852 475 910 De
511 851 660 927 hyle
694 855 756 908 et
809 855 1268 909 creaturarum
1315 850 1767 927 vivificatione.
1804 851 1988 908 Nunc
2020 852 2250 936 ‘itaque
2294 868 2444 910 cum
2480 852 2769 910 Verbum
2810 851 2926 910 Dei
2961 852 3027 910 in
3062 852 3390 927 principio

287 956 535 1027 sonuit,
587 954 826 1028 globus
861 960 1324 1013 creaturarum
1376 955 1519 1013 sine
1557 955 1704 1028 igne
1758 954 2042 1029 frigidus
2090 955 2232 1015 suit.
2273 959 2353 1016 Et
2411 959 2702 1032 Spiritus
2740 958 3004 1016 Domini
3048 956 3393 1033 serebatur

288 1079 489 1136 super
523 1078 751 1135 aquas,
786 1053 832 1137 ¹)
876 1059 990 1134 qui
1030 1059 1200 1132 ignis
1250 1064 1317 1117 et
1349 1058 1491 1117 vita
1525 1062 1648 1119 est.
1687 1060 1852 1118 Tum
1890 1061 2061 1118 idem
2099 1059 2387 1135 Spiritus
2436 1061 2797 1138 unicuique
2850 1061 3174 1120 formatae
3210 1077 3396 1120 crea-

288 1173 481 1226 turae
517 1168 722 1225 vitam
773 1165 1134 1225 secundum
1173 1181 1382 1240 genus
1435 1182 1627 1224 suum
1667 1166 2044 1242 inspiravit,
2098 1173 2162 1226 et
2202 1168 2264 1226 in
2315 1169 2413 1226 eis
2453 1169 2667 1241 ignem
2719 1166 3118 1227 insufflando
3165 1183 3397 1226 accen-

283 1275 406 1348 dit,
462 1274 554 1332 ita
587 1280 660 1332 ut
708 1289 1012 1349 quaeque
1062 1278 1371 1332 creatura
1423 1273 1644 1347 ignem
1680 1280 1747 1331 et
1783 1274 1988 1331 vitam
2028 1275 2390 1333 secundum
2428 1291 2638 1350 genus
2689 1291 2884 1334 suum
2922 1275 2983 1332 in
3021 1290 3091 1333 se
3128 1274 3390 1332 babeat.

282 1380 468 1456 Opus
517 1383 744 1438 autem
791 1378 990 1438 Verbi
1037 1377 1346 1438 viriditas
1395 1383 1520 1451 est3
1575 1377 1690 1437 sed
1740 1377 1921 1436 nulla
1969 1377 2281 1437 viriditas
2330 1386 2534 1453 esset,
2583 1380 2643 1438 si
2690 1379 2840 1454 igne
2888 1382 2955 1437 et
2988 1379 3212 1438 calore
3260 1393 3393 1437 non

290 1489 656 1557 teneretur,
708 1489 774 1542 et
822 1498 1127 1559 quaeque
1185 1487 1495 1541 creatura
1547 1483 1690 1540 sine
1747 1482 2207 1542 consolatione
2264 1484 2686 1543 desolaretur
2742 1489 2809 1542 et
2855 1483 3270 1556 divideretur
3327 1489 3396 1542 et

288 1588 588 1661 caderet,
629 1589 684 1646 si
739 1587 1169 1645 fundamento
1209 1587 1437 1661 igneae
1489 1587 1666 1645 vitae
1702 1585 1989 1660 Spiritus
2026 1600 2153 1645 non
2192 1588 2635 1645 firniarctnr.·

362 1732 441 1788 De
467 1747 644 1802 aquae
673 1730 974 1785 labilitate.
1923 1729 2003 1786 De
2029 1745 2302 1800 aquarum
2328 1730 2680 1786 diversitate.

287 1821 370 1876 De
397 1821 514 1876 sole
541 1825 598 1875 et
625 1819 790 1890 aquis
816 1819 959 1890 ejus.
1923 1815 2003 1870 De
2033 1821 2309 1871 terrarum
2337 1815 2577 1872 viribus.
2779 1884 2789 1893 ,

289 1906 372 1962 De
403 1907 539 1960 sale.
1925 1906 2003 1960 De
2029 1906 2294 1961 arborum
2322 1904 2598 1975 germine,
2625 1905 2901 1962 frumenti
2924 1911 2981 1961 et
3011 1904 3153 1968 vini,

290 1994 371 2048 De
399 2005 675 2062 aquarum
700 1990 1052 2046 diversitate.
1923 1992 2004 2047 De
2034 1991 2245 2063 pluvia.

297 2079 379 2135 De
406 2076 581 2134 maris
608 2076 930 2133 effluxione.

1652 2275 1802 2336 Lm.
1858 2275 1934 2335 11.
1965 2275 2021 2352 ν)

385 2488 476 2546 De
513 2487 692 2547 Adae
731 2503 908 2545 casu.
957 2482 1135 2543 Deus
1176 2483 1267 2542 ita
1302 2481 1559 2542 creavit
1598 2483 1956 2555 bominem,
2010 2484 2185 2558 quod
2236 2486 2458 2542 omnia
2510 2484 2824 2544 animalia
2858 2482 2941 2544 ad
2992 2484 3388 2544 servitutem

283 2594 434 2669 ejus
486 2593 786 2667 subjecta
838 2594 1014 2649 sunt:
1071 2589 1190 2648 sed
1241 2604 1391 2646 cum
1441 2588 1639 2646 homo
1693 2594 2126 2662 praeceptum
2162 2587 2279 2646 Dei
2317 2596 2783 2664 transgressus
2832 2594 2958 2662 est,
3000 2589 3391 2647 immutatus

287 2703 394 2755 est
442 2695 646 2755 etiam
696 2699 833 2752 tam
883 2707 1164 2767 corpore
1207 2706 1409 2766 quam
1470 2694 1708 2749 mente.
1764 2691 1927 2748 Nam
1977 2692 2240 2765 puritas
2291 2693 2637 2766 sanguinis
2685 2691 2833 2766 ejus
2887 2692 2951 2750 in
3000 2691 3204 2750 alium
3258 2709 3393 2750 mo-

283 2800 442 2859 dum
479 2814 719 2858 versus
755 2803 884 2871 est,
918 2793 1082 2876 (sic)
1119 2798 1209 2855 ita
1242 2795 1418 2871 quod
1456 2812 1573 2870 pro
1611 2796 1904 2870 puritate
1957 2812 2263 2870 spumam
2304 2797 2580 2855 seminis
2625 2796 2830 2872 ejicit.
2882 2795 2948 2855 Si
2982 2796 3156 2855 enim
3196 2797 3391 2855 homo

291 2904 357 2962 in
411 2902 731 2962 Paradiso
792 2901 1193 2972 mansisset,
1257 2900 1319 2956 in
1370 2898 1770 2957 immutabili
1830 2901 1896 2957 et
1952 2897 2252 2973 perfecto
2313 2905 2492 2959 statu
2552 2899 2987 2975 perstitisset.
3049 2898 3172 2957 Sed
3226 2898 3389 2957 haec

280 3009 508 3069 omnia
544 3013 695 3084 post
728 3005 1304 3082 trangressionem
1342 3004 1405 3061 in
1441 3003 1648 3062 alium
1682 3009 1748 3062 et
1785 3019 2090 3063 amarum
2128 3004 2392 3064 modum
2433 3021 2629 3064 versa
2664 3008 2787 3064 est.
2828 3000 3003 3081 (sic).

362 3150 441 3205 De
469 3154 767 3220 spermate.
1919 3147 1999 3202 De
2029 3148 2384 3204 volatilibus.

291 3238 372 3292 De
397 3243 692 3309 conceptu.
1919 3232 1999 3287 De
2027 3232 2300 3304 piscibus,

287 3323 476 3389 Quare
501 3324 671 3378 homo
698 3321 957 3377 hirsutus
985 3335 1096 3375 non
1125 3319 1242 3374 est?
1583 3330 1590 3335 ·
1916 3318 1996 3373 De
2023 3322 2328 3389 conceptus
2354 3317 2702 3373 diversitate

295 3412 374 3467 De
400 3409 722 3481 reptilibus.

391 3554 483 3612 De
519 3547 1104 3629 infirmitatibus..,.
1143 3547 1320 3605 Haec
1368 3545 1448 3603 de
1501 3543 1711 3619 primo
1749 3545 1922 3603 malo
1961 3544 2075 3603 illo
2125 3544 2300 3621 quod
2352 3544 2547 3605 homo
2600 3546 2891 3621 primum
2946 3547 3191 3622 incepit
3242 3554 3391 3606 orta

293 3659 482 3729 sunt,
513 3653 829 3729 quoniam
865 3652 919 3710 si
956 3650 1164 3709 Adam
1202 3650 1263 3707 in
1301 3649 1616 3707 Pararliso
1652 3648 2159 3722 permansisset,
2197 3649 2662 3707 dulcissimam
2697 3648 3055 3709 sanitatem
3090 3651 3382 3724 optimae

294 3762 665 3822 mansionis
716 3759 1019 3825 baberet,
1057 3757 1241 3816 velut
1277 3757 1720 3815 fortissimum
1772 3756 2144 3815 balsamum
2206 3758 2529 3832 optimum
2598 3757 2869 3816 odorem
2918 3757 3202 3829 emittit;
3265 3757 3382 3815 sod

291 3882 333 3925 e
371 3870 604 3926 contra
642 3879 812 3922 nunc
848 3862 1045 3921 homo
1083 3861 1283 3921 habet
1318 3862 1382 3919 iri
1419 3877 1489 3919 se
1525 3854 1851 3919 venenum
1886 3867 1952 3920 et
1986 3862 2226 3936 flegma
2260 3877 2337 3920 ac
2370 3862 2677 3920 diversas
2714 3862 3156 3920 infirmitates,

372 4013 452 4069 De
477 4009 848 4067 continentia.
1919 4005 2000 4062 De
2027 4007 2432 4063 melancolicis.

293 4102 375 4159 De
402 4097 842 4157 incontinentia.
1917 4093 1997 4148 De
2026 4093 2393 4150 melancoliae
2418 4093 2635 4150 morbo.

296 4189 376 4245 De
402 4185 756 4257 flegmaticis.
1918 4178 1998 4233 De
2025 4180 2433 4235 elementorum
2461 4177 2885 4235 commixtione.

385 4330 480 4390 De
514 4347 682 4389 rore.
718 4329 881 4388 Nam
917 4343 1069 4386 cum
1108 4326 1279 4399 ignis
1313 4329 1383 4383 et
1415 4340 1530 4383 aer
1567 4322 1851 4383 invicem
1886 4320 2182 4380 officium
2227 4322 2524 4380 suumin
2559 4321 2820 4395 placido
2854 4328 3383 4397 temperamento

299 4430 363 4490 in
397 4432 678 4491 aestatis
715 4438 1016 4504 tempore
1050 4433 1386 4502 exercent,
1418 4428 1481 4485 in
1516 4426 1778 4501 placida
1810 4432 1874 4484 et
1913 4424 2133 4485 lucida
2169 4440 2330 4483 aura
2366 4424 2619 4499 absque
2657 4425 3098 4484 commotione
3134 4428 3384 4504 tempe-

291 4516 548 4594 statum
577 4542 849 4610 propter
876 4534 1193 4606 calorem,
1223 4546 1420 4608 quem
1453 4537 1606 4588 tunc
1637 4532 1701 4588 in
1731 4530 2016 4588 invicem
2043 4527 2311 4601 habent,
2344 4542 2561 4586 rorem
2594 4527 2858 4601 sudant,
2882 4530 2997 4603 qui
3025 4530 3392 4591 salubriter

298 4638 771 4698 fecunditatem
806 4644 872 4697 et
908 4636 1322 4696 fertilitatem
1359 4635 1438 4694 ad
1474 4635 1837 4694 utilitatem
1879 4633 2215 4693 fructuum
2252 4639 2473 4692 terrae
2506 4634 2691 4693 velut
2726 4651 2954 4695 semen
2990 4637 3302 4700 infundit.

364 4779 446 4833 De
472 4774 692 4848 pruina.
1917 4764 2078 4832 Quod
2105 4773 2349 4836 quatuor
2375 4772 2510 4823 sunt
2537 4767 2817 4823 elementa
2847 4773 3089 4823 tantum.

293 4862 375 4919 De
403 4862 628 4918 nebula.
1903 4852 1996 4906 De
2023 4850 2214 4906 anima
2240 4856 2300 4907 et
2324 4850 2648 4922 spiritibus.

366 5023 409 5087 ¹)
436 5022 576 5078 Gen.
613 5026 663 5084 l,
691 5023 743 5076 2.
775 5050 840 5059 —-
866 5020 912 5083 2)
937 5015 1182 5073 Tantum
1212 5020 1443 5072 notatur
1465 5012 1564 5071 bic
1602 5017 1657 5069 et
1697 5013 1798 5069 ali·
1885 5009 2123 5066 summis
2163 5010 2515 5079 marginibus
2563 5009 2855 5083 inscripsit
2900 5010 3154 5067 arabicos
3193 5028 3389 5068 nume-

290 5108 355 5162 bi
383 5105 591 5162 divisio
624 5122 692 5161 ex
734 5102 1032 5172 insigniori
1074 5102 1289 5164 littera,
1335 5099 1430 5156 sed
1477 5097 1682 5154 nullibi
1729 5099 1799 5153 12·-
1887 5113 1978 5153 ros
2007 5105 2057 5159 1,
2098 5102 2154 5161 2,
2195 5102 2249 5160 3,
2277 5100 2332 5160 4,
2361 5101 2413 5152 5.
2454 5115 2522 5152 ex
2549 5111 2790 5167 quorum
2832 5096 2999 5151 unico
3040 5096 3292 5153 indiculo
3321 5099 3387 5153 li·

291 5198 388 5250 ber
422 5191 850 5265 pronuntiatur,
883 5205 1079 5245 manus
1108 5193 1296 5243 autem
1328 5187 1493 5258 paulo
1520 5183 1800 5239 recentior
1886 5183 2017 5239 bros
2044 5181 2477 5252 assignavimus.

3233 5274 3277 5317 8
