4036 6117
805 456 941 518 380
1952 469 2004 514 s.
2067 469 2629 515 ntnnncanms

2219 713 2348 773 XV.

1844 880 2154 980 Gaiberto
2190 918 2632 997 HildeqardiS.
2666 914 2713 997 ‘)

741 1124 1065 1197 Respondet
1104 1123 1468 1195 Hildegardis
1491 1124 1771 1196 superb-ri
1810 1125 2107 1196 epistolae,
2133 1123 2474 1180 charitatem
2511 1123 2734 1193 egregie
2769 1121 3073 1185 describit,
3098 1119 3317 1176 Christi
3357 1118 3603 1175 militem
3636 1119 3793 1173 borta-

818 1216 938 1274 tur.
962 1217 1268 1282 monetque
1293 1228 1352 1268 se
1379 1211 1664 1268 solvendis
1688 1210 2123 1281 quaestionibus
2146 1211 2479 1274 allaborare,
2507 1210 2791 1266 dolentem
2814 1208 2886 1264 de
2910 1207 3073 1266 obitu
3100 1205 3418 1279 Praepositi
3444 1206 3505 1263 S.
3532 1204 3777 1263 Disibodi.

2025 1416 2081 1455 a.
2109 1402 2328 1455 circiter
2359 1400 2537 1482 1177.

832 1599 1151 1661 Guiberto
1186 1600 1509 1660 monacho
1545 1598 1997 1676 Hildegardis.

830 1703 1161 1780 CharitaS,
1198 1721 1369 1781 quae
1405 1721 1556 1764 cum
1593 1704 1999 1763 abstinentia
2051 1704 2482 1779 peccatorum
2534 1703 2727 1762 fidem
2766 1701 3101 1773 instituit,
3149 1707 3218 1761 et
3250 1700 3632 1762 castitatem
3675 1713 3794 1757 cum

741 1808 1064 1882 patientia
1114 1808 1443 1879 aedificat,
1481 1809 1831 1868 columnae
1867 1823 2040 1883 quae
2081 1809 2370 1882 quatuor
2400 1807 2696 1881 parietes
2727 1804 2777 1885 ²)
2813 1808 3051 1866 domus
3087 1806 3400 1880 sustinet,
3438 1804 3672 1864 similis
3698 1808 3796 1861 est.

741 1911 890 1986 Ipsa
920 1914 1096 1971 enim
1123 1911 1423 1971 charitas
1454 1912 1785 1988 plantavit
1819 1911 2088 1971 hortum
2120 1910 2315 1970 valde
2348 1911 2749 1986 gloriosum,
2785 1927 2937 1969 curn
2970 1910 3287 1986 pretiosis
3321 1908 3721 1970 aromatibus
3746 1911 3795 1963 et

740 2016 1182 2076 nobilissimis
1217 2016 1520 2091 floribuS,
1572 2017 1748 2075 rosis
1784 2022 1852 2075 et
1894 2016 2078 2089 liliis,
2111 2009 2161 2092 ³)
2198 2031 2371 2091 quae
2404 2015 2883 2075 suavissimum
2918 2014 3195 2074 odorem
3235 2015 3530 2091 spirant,
3582 2014 3645 2072 in
3684 2010 3797 2086 qui-

740 2118 869 2180 bus
900 2135 1103 2179 verus
1137 2120 1447 2180 Salomon
1483 2120 1714 2179 oculos
1749 2135 1910 2178 suos
1944 2134 2223 2194 pascere
2258 2119 2538 2179 solebat.

834 2224 1084 2284 Hortus
1121 2225 1249 2284 iste
1279 2224 1571 2283 virtutes
1605 2229 1877 2283 sanctas
1910 2221 2249 2297 designat,
2302 2240 2470 2299 quas
2518 2222 2719 2298 Deus,
2755 2223 2873 2300 qui
2903 2239 3067 2283 vera
3111 2220 3411 2283 charitas
3444 2222 3572 2295 est,
3608 2220 3671 2279 in
3696 2218 3801 2276 vir-

742 2344 828 2403 ga
872 2327 1061 2387 Jessc
1106 2333 1424 2404 operatus
1472 2332 1600 2401 est,
1649 2326 1856 2385 Maria
1903 2325 2241 2400 videlicet,
2277 2342 2449 2402 quae
2484 2326 2547 2386 in
2599 2327 2911 2387 castitate
2957 2326 3204 2396 floruit,
3239 2331 3307 2385 et
3338 2322 3795 2386 nobilissimum

748 2431 978 2490 florem
1028 2430 1331 2506 protulit.
1366 2429 1458 2489 De
1507 2430 1668 2489 flore
1699 2445 1861 2489 vero
1914 2429 2044 2490 isto
2078 2445 2206 2488 vox
2240 2430 2526 2489 turturis
2561 2430 2789 2489 audita
2821 2435 2957 2505 est,
2990 2424 3039 2508 ⁴)
3089 2445 3262 2507 quae
3295 2428 3690 2503 virginalem
3712 2439 3799 2483 na·

751 2538 973 2592 turam
1021 2536 1317 2608 vocaret,
1366 2527 1414 2611 ⁵)
1452 2548 1653 2610 quam
1692 2533 1908 2592 lilium
1943 2533 2311 2607 significat,
2364 2532 2538 2608 quod
2575 2533 2641 2590 in
2675 2548 2797 2592 suo
2832 2532 3062 2608 stipite
3095 2531 3412 2592 candidos
3460 2531 3654 2591 flores
3681 2543 3797 2588 cum

751 2635 1123 2711 fragrantia
1172 2636 1546 2712 gratissimi
1582 2636 1812 2696 odoris
1859 2636 2130 2710 emittit,
2184 2637 2359 2696 sicut
2391 2643 2459 2697 et
2495 2637 2640 2712 ipsa
2674 2636 3033 2711 virginitas
3065 2642 3340 2713 propter
3371 2635 3798 2695 dulcissimum

756 2742 1027 2800 odorem
1067 2742 1280 2801 bonae
1318 2740 1531 2801 famae
1561 2737 1609 2819 ⁰)
1648 2742 1713 2800 in
1747 2741 1991 2800 mundo
2027 2740 2416 2801 honoratur.

837 2845 1169 2905 Eremitae
1215 2861 1507 2922 quoque,
1544 2847 1690 2905 sive
1737 2844 2079 2920 monachi,
2117 2845 2232 2921 qui
2266 2845 2543 2921 propter
2574 2843 2927 2905 Christum
2962 2847 3231 2906 saeculo
3265 2846 3800 2914 renuntiaverunt,

745 2950 891 3009 sine
940 2949 1263 3009 societate
1314 2949 1686 3009 saecularis
1718 2965 2002 3024 pompae
2035 2951 2266 3008 vivere
2312 2948 2556 3008 debent
2582 2992 2603 3019 ‚
2654 2951 2832 3011 sicut
2862 2951 3111 3027 virgini
3140 2947 3190 3031 ⁷)
3238 2952 3395 3028 post
3434 2957 3664 3011 votum
3691 2947 3800 3007 sine

749 3052 1042 3113 omnium
1091 3052 1393 3113 virorum
1429 3053 1750 3113 memoria
1797 3052 2157 3112 vivendum
2192 3060 2324 3123 est,
2375 3052 2535 3129 quia
2571 3052 2869 3129 virgines
2916 3062 2985 3115 et
3017 3053 3324 3115 monachi
3375 3053 3558 3116 inter
3601 3051 3803 3128 angeli·

746 3173 864 3216 cos
912 3157 1180 3217 ordines
1215 3157 1414 3217 iidem
1467 3163 1645 3232 sunt;
1682 3158 1998 3233 quoniam
2049 3156 2227 3215 sicut
2260 3158 2479 3231 angeli
2524 3157 2692 3217 nihil
2729 3158 2910 3218 aliud
2960 3175 3161 3235 quam
3196 3158 3441 3219 faciem
3489 3158 3606 3219 Dei
3639 3155 3802 3231 inspi-

747 3276 898 3319 cere
947 3260 1353 3335 desiderant,
1392 3260 1491 3319 sic
1524 3267 1593 3320 et
1642 3261 1794 3336 ipsi,
1847 3258 2161 3320 omnibus
2208 3259 2472 3334 pompis
2516 3261 2981 3321 saecularibus
3032 3261 3339 3337 abjectis,
3390 3262 3651 3338 Agnum
3689 3256 3795 3327 Dei,

752 3364 1094 3424 Christum
1143 3365 1438 3439 scilicet,
1490 3380 1756 3423 crucem
1805 3362 1952 3439 ejus
2000 3362 2405 3439 bajulanteS,
2456 3369 2863 3440 sequuntur,
2915 3365 2981 3423 in
3029 3362 3276 3441 quibus
3304 3371 3589 3442 propter
3610 3373 3797 3422 verum

753 3471 1211 3541 contemptum
1245 3466 1522 3540 saeculi,
1563 3467 1913 3525 rutilantes
1949 3466 2147 3525 flores
2181 3466 2516 3541 passionis
2548 3467 2932 3527 Dominicae
2965 3474 3306 3543 generant.

839 3569 1047 3642 Nunc,
1087 3585 1124 3628 o
1161 3569 1251 3628 fili
1284 3568 1426 3644 Dei,
1466 3570 1532 3627 in
1564 3569 1739 3629 valle
1772 3584 1972 3628 verae
2007 3568 2412 3629 humilitatis
2447 3570 2741 3646 positUS,
2780 3572 2844 3629 in
2893 3573 3120 3647 quiete
3152 3573 3325 3632 bona
3374 3572 3525 3632 sine
3556 3570 3797 3632 elatione

752 3673 1055 3747 ambula,
1106 3689 1278 3749 quae
1314 3689 1548 3733 revera
1579 3668 1628 3751 ¹³)
1664 3673 2015 3749 praecipiti
2051 3673 2260 3732 monti
2295 3674 2734 3749 assimilatur,
2770 3674 3113 3735 difficilem
3146 3679 3213 3736 et
3246 3676 3433 3735 velut
3470 3670 3800 3752 impossibi-

755 3782 887 3839 lem
939 3795 1294 3840 ascensum
1327 3780 1433 3840 vel
1483 3780 1883 3838 descensum
1928 3778 2240 3854 praebet,
2288 3774 2337 3858 ⁹)
2376 3785 2647 3856 praeter
2697 3781 2913 3855 ipsum
2950 3783 3280 3856 montem,
3330 3779 3799 3856 confragrosum
3906 3794 3907 3803 ¹

752 3886 1237 3963 gradientibuS‚
1277 3886 1339 3943 in
1376 3884 1566 3961 cujus
1603 3883 2013 3943 summitatis
2048 3883 2328 3942 nimium
2363 3882 2741 3960 periculoso
2783 3885 3093 3959 culmine,
3121 3885 3378 3945 nullum
3406 3883 3799 3956 construipo-

751 3997 885 4051 test
920 3990 1316 4050 aedificium.
1353 3988 1564 4048 Homo
1599 4003 1887 4064 namque
1921 3987 2034 4063 qui
2072 3992 2285 4047 tentat
2317 3988 2522 4047 altius
2556 3988 2916 4049 ascendere
2948 4006 3149 4066 quarn
3181 3990 3419 4066 possit,
3461 3990 3575 4049 ille
3604 3996 3800 4047 nomen

756 4095 1138 4154 sanctitatis
1187 4094 1442 4169 absque
1477 4093 1842 4152 securitate
1891 4090 2218 4167 possidet3
2255 4092 2414 4166 quia
2463 4093 2607 4151 sine
2646 4092 2972 4153 bonorum
3019 4109 3295 4170 operum
3329 4093 3685 4164 soliditate,
3713 4097 3803 4163 per

756 4198 967 4257 solam
1009 4199 1270 4257 inanem
1305 4202 1374 4256 et
1408 4197 1700 4273 ineptam
1739 4194 1982 4253 mentis
2017 4193 2343 4253 laetitiam
2379 4194 2725 4269 gloriatur.
2758 4191 2804 4274 ¹)

829 4419 871 4483 ¹)
910 4418 1138 4487 Sigerus
1175 4418 1243 4473 de
1275 4417 1509 4481 Waura,
1549 4432 1579 4473 a
1617 4417 1795 4487 Binga
1834 4431 2115 4479 reversus,
2154 4415 2257 4470 has
2341 4415 2387 4480 ⁸¹)
2411 4418 2571 4488 viryo
2607 4416 2727 4473 cod.
2770 4414 2955 4473 Aliter
2979 4416 3104 4473 edd.
3147 4417 3304 4473 Sicut
3335 4421 3499 4490 viv-qo
3526 4417 3801 4489 potinem·

756 4502 1120 4573 Hildegardis
1192 4502 1414 4558 litteras
1487 4503 1555 4557 ad
1616 4503 1957 4560 Guibertum
2033 4501 2257 4565 retulit,
2343 4504 2460 4557 cine
2493 4505 2749 4558 memoria
2771 4506 2910 4564 viri,-
2944 4506 3083 4575 quia
3105 4505 3347 4575 viraines
3370 4507 3479 4558 etc.
3521 4498 3666 4571 quod
3686 4493 3800 4550 vide·

756 4590 980 4645 Partem
1021 4588 1263 4658 priorem
1297 4589 1412 4658 jam
1448 4588 1637 4659 plures
1674 4588 1974 4643 ediderunt
2014 4588 2254 4651 (Patr-ol.
2348 4591 2443 4641 tur
2469 4586 2749 4642 recentior
2774 4588 3112 4646 emendatio.
3144 4618 3212 4628 -
3240 4587 3285 4653 ⁸)
3308 4590 3568 4660 inquiete
3600 4579 3800 4640 ambula,

760 4675 799 4730 l.
833 4675 870 4729 l.
902 4676 1007 4729 col.
1047 4679 1223 4737 ¹039).
1267 4674 1403 4729 Earn
1440 4676 1790 4729 emendatam
1828 4674 2138 4730 rescribere
2162 4690 2263 4744 par
2348 4678 2464 4730 sine
2509 4674 2742 4730 elatione
2778 4692 2919 4748 quae
2960 4678 3254 4748 praecipiti
3299 4678 3470 4730 monti
3516 4669 3798 4728 ωείπιίἱαω.

759 4766 881 4816 erat
920 4775 1046 4815 cum
1089 4759 1398 4831 posteriore
1438 4759 1841 4829 appendicula.
1888 4774 2057 4828 quam
2099 4759 2264 4814 nobis
2352 4759 2475 4815 edd.
2536 4790 2605 4799 —
2638 4760 2683 4823 ⁹)
2729 4759 2979 4829 Pergunt
3025 4760 3149 4815 edd.
3198 4761 3419 4832 praebet
3467 4754 3803 4814 innitentibus,

758 4843 1004 4901 servavit
1033 4844 1154 4899 cod.
1182 4843 1564 4899 Bruxellentis
1592 4845 1686 4899 fol.
1719 4849 1835 4899 155.
1866 4876 1932 4883 —
1952 4847 1996 4908 2)
2025 4853 2267 4919 quatuor
2351 4854 2400 4901 et
2441 4850 2503 4901 in
2539 4852 2697 4918 cujus
2740 4849 3040 4901 summitate
3073 4844 3291 4900 nullum
3330 4845 3638 4915 aedificium
3666 4840 3800 4912 pald·

759 4939 942 5003 partes
959 4933 1145 4986 domus
1163 4930 1286 4985 edd.
1313 4962 1381 4970 —
1401 4930 1445 4994 ³)
1475 4935 1612 4986 rosis
1631 4937 1679 4985 et
1697 4932 1833 4986 aliis
1852 4935 1975 5004 qui,
2003 4946 2136 4986 mox
2157 4937 2265 5003 spi-
2351 4931 2525 4987 Homo
2549 4935 2708 4986 enim.
2741 4961 2808 4970 -—
2835 4929 2877 4993 ¹)
2904 4929 3027 4985 edd.
3058 4930 3313 5000 possidet,
3337 4932 3474 5001 quia
3496 4929 3609 4984 solo
3632 4925 3806 4981 nominc

761 5019 962 5073 rabant
998 5015 1123 5071 edd.
1167 5047 1236 5056 -
1260 5016 1303 5081 ⁴)
1330 5016 1490 5071 Cant.
1524 5016 1599 5077 11,
1641 5021 1721 5072 12.
1751 5034 1877 5072 vero
1902 5017 2026 5072 edd.
2058 5033 2167 5073 om.
2198 5046 2266 5057 —
2349 5021 2466 5073 sine
2501 5017 2751 5087 aedificio
2784 5016 3044 5070 bonorum
3076 5030 3296 5089 operum
3318 5022 3367 5071 et
3392 5017 3628 5088 quadam
3658 5012 3805 5080 inepta

763 5106 804 5171 ⁵)
833 5106 1045 5158 vocavit
1089 5101 1211 5157 edd.
1260 5131 1320 5139 -—
1367 5104 1412 5169 ⁶)
1459 5103 1627 5158 bonae
1664 5106 1979 5159 interamnis
2029 5102 2151 5159 edd.
2201 5135 2262 5144 —
2353 5104 2567 5160 laetitia
2604 5105 2791 5158 mentis
2825 5102 3120 5173 ylariatur.
3170 5103 3250 5159 Tu
3282 5105 3441 5159 enim.
