4036 6117
1345 541 1586 590 menn
1641 537 1842 584 vrrAE
1899 530 2367 582 MERrronvM
3246 501 3321 560 61

329 677 496 739 cium
538 675 756 753 ponit,
793 675 854 730 et
889 667 1221 731 hominem
1254 663 1600 723 interdum.
1633 660 1796 719 occi-

327 782 440 853 dit,
461 781 567 839 cui
593 783 654 837 et
671 776 1085 854 defensorem
1113 789 1177 829 se
1205 786 1342 827 esse
1368 763 1793 841 repromittit.

411 881 651 941 LXIIII.
705 881 874 939 Item
922 878 1001 935 de
1051 872 1443 952 quibusdam
1485 872 1798 946 puryato-

323 990 434 1046 riis
461 988 695 1063 poenis
720 986 1097 1044 animarum
1126 977 1561 1056 quorumdam
1588 973 1797 1033 homi-

322 1111 519 1160 num,
568 1094 683 1168 qui
729 1092 802 1149 in
851 1086 1110 1148 saeculo
1141 1086 1214 1141 in
1259 1081 1600 1157 impietate
1643 1093 1796 1152 pec-

322 1200 653 1264 caverunt,
676 1198 739 1252 et
767 1211 887 1252 cur
910 1208 1020 1249 eas
1044 1191 1159 1249 hoc
1182 1186 1368 1245 modo
1396 1182 1789 1241 sustineant.

403 1301 578 1363 LXV.
620 1300 944 1375 Quomodo
978 1299 1272 1359 homines
1300 1312 1426 1371 per
1449 1289 1793 1367 poeniten·

320 1410 476 1467 tiam
509 1409 734 1483 ipsum
760 1408 1112 1483 peccatum
1144 1403 1219 1459 in
1252 1416 1318 1458 se
1351 1395 1639 1455 deleant.

401 1510 612 1569 LXVI.
667 1509 851 1582 Quod
904 1508 1212 1583 impietas
1244 1545 1262 1574 ,
1313 1503 1616 1560 timorem
1668 1493 1791 1553 Dei

314 1615 540 1673 nolens
563 1661 579 1687 ‚
639 1613 1139 1672 maledictiones
1204 1609 1277 1667 in
1361 1601 1787 1677 maliqnitate

310 1722 587 1798 profert.

399 1823 642 1883 LXVII.
681 1822 892 1883 David
924 1821 1008 1879 ad
1040 1818 1340 1878 eamdem
1372 1833 1534 1874 rem.

401 1927 675 1987 LXVIII.
714 1929 884 1987 Item
915 1928 995 1986 de
1046 1922 1435 2003 quibusdam
1474 1919 1788 1997 purqato-

311 2036 424 2091 riis
467 2036 705 2109 poenis
752 2034 1135 2092 animarum
1190 2022 1630 2104 quorumdam
1680 2021 1788 2078 ho·-

309 2140 590 2212 minum,
626 2139 740 2215 qui
787 2139 861 2194 in
893 2134 1169 2212 fallacia
1216 2132 1359 2189 sine
1392 2122 1785 2200 juramento

310 2251 368 2303 et
400 2263 552 2305 cum
587 2240 976 2317 juramento
1010 2237 1475 2318 peccaverant,
1512 2235 1574 2288 et
1627 2244 1786 2303 qua-

312 2370 378 2407 re
413 2350 686 2408 easdem
719 2350 814 2408 ita
841 2351 1217 2426 patiantur.

392 2452 702 2537 vanJI.
757 2453 1059 2525 Qualiter
1090 2450 1384 2513 homines
1428 2443 1607 2503 idem
1635 2456 1789 2515 pec·-

310 2564 556 2627 catum,
612 2562 748 2615 tam
782 2561 924 2616 sine
955 2555 1345 2631 juramento
1392 2564 1592 2626 quam
1639 2561 1788 2603 cum

292 2659 684 2734 juramento
730 2665 1224 2739 perpetratum,
1283 2658 1357 2715 in
1408 2647 1783 2728 corporibus

305 2768 435 2825 suis
462 2767 877 2843 poenitendo
909 2766 1199 2825 deleant.

392 2870 579 2930 LXX.
642 2870 942 2931 Fallacia
993 2869 1260 2929 veritati
1316 2883 1448 2924 non
1508 2880 1787 2940 conyau-

307 2976 491 3048 dens,
548 2976 902 3035 mendaces
949 2978 1047 3035 ita
1091 2972 1455 3032 mendaciis
1511 2967 1783 3027 involvit

304 3083 468 3161 quod
501 3083 596 3141 ad
627 3082 917 3142 nihilum
949 3077 1469 3156 deputabuntur.

390 3186 611 3246 LXXI.
651 3188 820 3246 Item
855 3187 935 3245 de
971 3182 1359 3263 quibusdam
1378 3180 1785 3257 purqatoriis

299 3293 534 3367 poenis
563 3289 1312 3350 animarumhominum
1337 3286 1637 3355 illorum,
1667 3283 1785 3362 qui

309 3398 376 3454 in
424 3396 850 3455 contentione
898 3400 959 3453 et
1009 3411 1158 3453 cum
1204 3388 1504 3469 operibus
1562 3396 1623 3448 et
1684 3388 1790 3450 ab·

308 3518 460 3577 sque
513 3498 820 3576 operibus
867 3501 940 3558 in
973 3496 1182 3557 verbis
1231 3493 1687 3575 deliquerunt,
1724 3503 1787 3555 et

309 3622 422 3662 cur
454 3603 729 3663 easdem
763 3606 855 3663 sic
890 3604 1284 3662 sustineant.

401 3708 652 3768 LXXII.
708 3707 1034 3779 Quomodo
1066 3707 1362 3767 homines
1390 3705 1791 3785 poenitendo

310 3814 483 3873 idem
511 3818 865 3890 peccatum
897 3816 1035 3869 tam.
1067 3809 1368 3889 operibus
1417 3828 1617 3887 quam
1647 3829 1791 3869 ver-

311 3915 398 3976 bis
423 3922 786 3995 peractum
817 3918 889 3975 in
925 3917 1293 3993 semetipsis
1327 3913 1621 3975 abluant.

395 4020 675 4081 LXXIII.
759 4022 944 4095 Quod
1004 4023 1338 4082 contentio
1414 4022 1790 4097 inquietum

310 4127 566 4186 malum
615 4128 939 4197 existen8‚
982 4128 1276 4188 homines
1312 4120 1463 4184 lites
1510 4124 1792 4203 diligen-

319 4235 411 4289 tes
447 4229 800 4291 Diabolum
832 4231 1087 4322 imitari
1119 4232 1305 4307 facit.

398 4333 708 4395 LXXIIII.
762 4334 971 4394 David
1004 4334 1089 4394 ad
1121 4333 1419 4393 eamdem
1454 4354 1617 4395 rem.

1990 652 2225 712 LXXV.
2282 651 2449 708 Item
2510 648 2581 705 in
2642 642 2882 704 Genesi
2931 641 3017 700 ad
3072 637 3375 697 eamdem

1900 775 2065 815 rem.

1901 1089 2081 1142 rum,
2139 1070 2252 1146 qui
2302 1086 2367 1126 se
2416 1067 2491 1124 in
2544 1058 2945 1138 infelicitate
2992 1061 3179 1114 natos
3234 1067 3372 1110 csse

1897 1177 2475 1241 existimaverant,
2524 1177 2587 1228 et
2636 1169 2707 1225 in
2750 1168 2864 1224 hoc
2907 1159 3372 1238 peccaverant,

1898 1289 1961 1341 et
1995 1298 2198 1358 quare
2234 1296 2343 1337 eas
2378 1277 2470 1335 sic
2496 1273 2871 1350 patiantur.

1898 1386 2194 1448 LXXVII.
2249 1382 2550 1456 Qualiter
2582 1377 2876 1438 homines
2922 1370 3103 1430 idem
3144 1380 3376 1442 pecca-

1896 1500 2041 1553 tum
2082 1486 2485 1568 poenitendo
2531 1486 2605 1543 in
2654 1475 3027 1557 corporibus
3077 1472 3212 1531 suis
3262 1468 3373 1527 de-

1903 1599 2113 1656 leant.

1986 1699 2313 1761 LXXVIII.
2377 1694 2559 1769 Quod
2612 1692 2718 1751 illi
2772 1689 2886 1767 qui
2943 1705 3008 1745 se
3065 1686 3138 1743 in
3194 1681 3371 1739 malo

1895 1812 2148 1867 creatos
2197 1822 2335 1863 esse
2384 1801 2802 1864 existimant,
2854 1795 3156 1869 peccant,
3215 1803 3372 1864 quo-

1894 1918 2080 1974 niam
2112 1918 2362 1972 natura
2393 1908 2678 1970 hominis
2710 1903 2876 1960 bona
2906 1904 3026 1958 est.

1987 2016 2344 2077 LXXVIIII.
2382 2015 2554 2073 Item
2588 2012 2668 2070 de
2700 2006 3088 2087 quibusdam
3128 2015 3375 2079 pur9a-

1877 2114 2081 2182 ⁸toriis
2125 2121 2357 2199 poenis
2406 2121 2789 2178 animarum
2836 2111 3176 2173 hominum
3223 2107 3374 2165 illo-

1891 2245 2072 2297 rum,
2099 2228 2211 2304 qui
2237 2228 2311 2284 in
2344 2221 2885 2282 immoderatione
2906 2216 3371 2293 peccaverant,

1895 2337 1955 2392 et
1993 2349 2198 2410 quare
2233 2347 2342 2388 eas
2376 2332 2489 2389 hoc
2514 2325 2704 2385 modo
2737 2324 3134 2383 sustineant.

1986 2435 2220 2494 LXXX.
2286 2432 2613 2506 Quomodo
2668 2428 2844 2487 idem
2895 2428 3243 2502 peccatum
3296 2422 3370 2479 in

1897 2540 2274 2620 corporibus
2310 2541 2447 2599 suis
2480 2537 2775 2597 homines
2818 2529 3219 2611 poenitendo
3245 2507 3374 2605 pu·-

1893 2649 2113 2706 niant.

1987 2748 2254 2808 LXXXI.
2310 2746 2492 2819 Quod
2525 2742 2985 2803 immoderatio
3025 2741 3099 2799 in
3132 2739 3373 2796 nimie-

1890 2860 2026 2914 tate
2075 2870 2212 2911 esse
2248 2850 2497 2920 volens,
2552 2851 2719 2908 sicut
2753 2846 2978 2924 pulvis
3026 2840 3371 2919 dissipabi-

1896 2965 2029 3018 tur.

1984 3065 2280 3124 LXXXII.
2332 3064 2503 3123 Item
2558 3062 2638 3121 de
2679 3057 3059 3138 perditione
3115 3057 3370 3116 anima-

1892 3188 2048 3229 rum
2080 3170 2421 3228 hominum
2452 3165 2726 3226 illorum
2774 3165 2887 3240 qui
2922 3163 3164 3230 Deum,
3214 3175 3375 3236 qua-

1896 3282 1952 3339 si
2009 3280 2185 3339 Deus
2240 3295 2374 3337 non
2422 3281 2618 3347 esset,
2662 3290 2786 3352 pro
2834 3274 3212 3346 contemptu
3259 3270 3374 3327 ha·-

1895 3383 2205 3455 buerant,
2243 3390 2305 3442 et
2340 3387 2436 3443 ita
2467 3384 2541 3441 in
2583 3378 3031 3459 perditionem
3064 3393 3130 3435 se
3176 3375 3372 3433 mise-

1893 3494 2079 3559 rant,
2115 3496 2179 3547 et
2213 3507 2333 3548 cur
2365 3491 2480 3550 hoc
2516 3488 2621 3545 sit.

1985 3596 2313 3658 LXXXIII.
2381 3592 2708 3667 Quomodo
2755 3589 3049 3658 homines
3106 3583 3374 3647 Diabolo

1894 3710 1958 3763 et
1986 3704 2363 3785 perditioni
2396 3720 2462 3760 se
2498 3701 2812 3777 eripiant.
3102 3746 3113 3756 .

1985 3807 2346 3869 LXXXIIII.
2400 3807 2584 3880 Quod
2639 3823 2789 3867 cum
2842 3800 3087 3880 famuli
3149 3797 3372 3857 omnia

1897 3914 2154 3975 occulta
2191 3913 2611 3972 dominorum
2643 3912 2808 3971 scire
2850 3907 3371 3985 permittuntur,

1895 4043 2097 4103 super
2128 4042 2234 4084 eos
2264 4023 2606 4082 dominare
2638 4019 2889 4080 volunt.

1987 4127 2279 4188 LXXXV.
2334 4127 2517 4201 Quod
2550 4130 2735 4186 homo
2766 4126 2841 4184 in
2881 4120 3179 4200 puritate
3212 4113 3368 4197 fidei

1899 4232 2115 4294 Deum
2145 4231 2505 4309 intelliqat,
2542 4236 2604 4290 et
2639 4227 2989 4290 diabolicas
3020 4223 3369 4284 illusiones

1903 4339 1982 4397 de
2017 4358 2083 4398 se
2111 4337 2441 4417 projiciat.

961 4587 1458 4653 EXPLICIUNT
1508 4593 1911 4658 CAPITULA
1960 4598 2379 4661 SECUNDAE
2426 4597 2721 4660 PARTIS
