4036 6117
653 468 785 528 328

1787 773 1890 879 N
1919 772 2024 883 O
2048 775 2159 884 V
2187 776 2294 881 A
2319 775 2421 882 E

674 1034 1731 1165 HILDEGARDIS
1798 1041 2100 1166 VEL
2179 1040 2391 1162 AD
2459 989 3594 1164 HILDEGARDEM

1501 1350 2751 1534 EPISTOLAE

2107 1958 2152 2016 1.

1477 2170 1799 2231 Wibertus
1849 2173 2204 2230 monachus
2256 2170 2663 2247 Hildeyazdi.
2704 2168 2771 2247 1)

593 2398 805 2456 Effusis
833 2398 893 2453 in
920 2397 1192 2452 bonorem
1222 2391 1591 2467 Hildegardis
1618 2392 1905 2457 laudibus,
1934 2393 2230 2449 wibertus
2256 2392 2413 2447 addit
2440 2392 2654 2448 monita
2682 2392 2751 2447 de
2790 2391 3099 2448 necessaria
3140 2392 3488 2449 humilitatis
3529 2397 3674 2449 tute-

666 2487 741 2548 la;
767 2484 956 2540 doceri
983 2487 1142 2555 optat
1165 2482 1447 2554 quomodo
1472 2498 1530 2537 se
1559 2481 1617 2537 in
1646 2480 1968 2538 visionibus
1995 2483 2200 2538 habeat
2227 2480 2614 2550 Hildegardis;
2646 2487 2765 2536 tum
2795 2498 2896 2554 pro
2923 2498 2981 2537 se
3007 2499 3199 2554 preces
3226 2485 3499 2556 postulat.
3525 2499 3674 2541 com-

667 2572 1006 2643 mendatque
1030 2585 1161 2627 suas
1184 2568 1493 2626 xxxvnt
1519 2570 1900 2640 quaestiones,
1929 2573 1995 2624 ut
2024 2568 2143 2626 cito
2169 2569 2483 2632 solvantur.
2512 2584 2577 2626 ac
2604 2569 2834 2625 nomine
2859 2569 3350 2627 Gemblacensium
3382 2572 3668 2629 valedicit.

2182 2878 2213 2919 s
2262 2866 2329 2919 et
2394 2859 2615 2921 meriti
2663 2866 2729 2920 et
2795 2861 3084 2921 nominis
3151 2877 3304 2921 cum
3370 2875 3679 2920 reveren-

2182 2965 2566 3024 ominandae
2617 2964 2864 3025 Christi
2915 2963 3226 3039 famulae,
3265 2963 3675 3040 Hildegardi‚

2183 3071 2390 3143 ertuS,
2429 3069 3011 3129 Gemblacensium
3050 3067 3334 3128 fratrum
3370 3068 3672 3136 ultimuS,

2183 3172 2472 3248 irginum
2517 3188 2666 3232 cum
2705 3174 2866 3248 ipsis
2903 3174 2966 3232 in
3016 3176 3289 3233 aeterna
3321 3169 3677 3234 beatitudi-

2182 3292 2201 3335 3
2236 3292 2552 3336 coronam
2586 3276 2860 3350 gloriae.

2182 3398 2234 3442 :a
2294 3388 2361 3441 et
2417 3382 2726 3442 omnibus
2774 3399 2939 3459 pene
3000 3384 3293 3444 saeculis
3352 3384 3674 3444 hactenus

2182 3487 2415 3563 piritus
2463 3487 2685 3547 Sancti
2737 3504 3010 3549 munera
3043 3488 3192 3562 tibi,
3242 3505 3282 3549 o
3320 3494 3535 3548 mater
3567 3503 3676 3547 ve-

2182 3599 2587 3668 oraerogata,
2624 3609 2774 3664 nOS,
2812 3593 2894 3654 ad
2929 3610 3390 3672 quoscumque
3425 3595 3675 3670 scripta

2182 3698 2266 3770 it,
2327 3697 2862 3774 considerantes,
2921 3701 3182 3759 auctori
3244 3700 3543 3761 muneris
3597 3716 3677 3760 ex

2219 3803 2476 3877 gratias
2511 3804 2795 3879 agimus:
2845 3821 2924 3865 eo
2959 3806 3133 3882 quod
3169 3808 3300 3867 etsi
3337 3807 3474 3882 illa,
3526 3822 3678 3883 peo-

2187 3908 2366 3983 ipere
2416 3925 2544 3969 non
2580 3927 2979 3987 mereamur,
3031 3928 3151 3987 per
3185 3920 3250 3973 te
3284 3916 3531 3988 tamen,
3570 3930 3678 3974 cui

595 4028 772 4086 sicut
812 4024 959 4085 vasi
998 4021 1240 4082 mundo
1291 4018 1513 4079 infusa
1548 4024 1725 4091 sunt,
1777 4016 1931 4076 dum
1983 4014 2090 4074 his
2124 4015 2456 4079 redundas
2504 4022 2572 4076 et
2603 4018 2916 4094 distillaS,
2971 4020 3357 4096 frequenter
3404 4021 3678 4083 hauria-

597 4146 766 4190 mus.
791 4125 843 4207 ²)
879 4129 1047 4189 Vere
1079 4127 1254 4187 enim
1290 4125 1496 4186 ubera
1532 4129 1645 4183 tua
1679 4120 1957 4180 meliora
2003 4117 2200 4177 nobis
2250 4120 2426 4194 vino,
2480 4120 2848 4198 fragrantia
2899 4127 3255 4200 unguentis
3289 4120 3337 4204 ⁸)
3375 4129 3679 4204 optimiS‚

595 4235 753 4295 dum
788 4234 871 4294 de
918 4231 1553 4307 contemplationum
1604 4225 1923 4298 cellariiS,
1979 4222 2044 4281 in
2090 4238 2259 4298 quae
2297 4240 2409 4284 rex
2459 4231 2770 4289 aeternus
2822 4235 2909 4301 te,
2965 4238 3035 4291 ut
3084 4248 3425 4306 sponsam,
3479 4251 3680 4311 saepe

673 4449 716 4515 ¹)
741 4447 932 4520 Neque
970 4449 1261 4511 ultimum.
1302 4461 1483 4517 neque
1508 4443 1861 4501 levissimum
1899 4439 2098 4498 Hilde-
2189 4449 2390 4499 tunum
2429 4445 2540 4503 erit
2566 4451 2622 4503 et
2648 4447 3002 4504 commodum
3026 4449 3326 4508 historicas
3352 4456 3410 4508 et
3442 4453 3676 4509 clirono-

598 4535 785 4606 gardis
820 4551 961 4606 opus
987 4541 1073 4591 est
1098 4534 1465 4607 epistolarum
1494 4530 1919 4593 commercium.
1945 4528 2094 4602 quod
2149 4531 2151 4533 ’
2186 4530 2396 4601 logicas
2456 4532 2820 4604 praemittere
2866 4535 3121 4593 notitias.
3185 4537 3406 4595 Priores
3451 4538 3678 4595 litterae

598 4638 727 4680 cum
757 4621 1039 4694 plerisque
1066 4619 1189 4677 aevi
1215 4618 1303 4676 sui
1332 4618 1471 4675 viris
1490 4616 1992 4690 praestantissimis
2014 4616 2099 4673 in‘-
2187 4617 2453 4674 oriuntur
2505 4635 2573 4674 ex
2624 4620 2834 4677 maiore
2883 4623 3003 4680 cod.
3057 4621 3426 4680 Visbadensi:
3496 4625 3677 4696 prima

604 4708 884 4772 tercessit.
910 4707 982 4764 de
1004 4723 1116 4779 quo
1143 4705 1284 4779 ipsa.
1312 4710 1378 4760 ut
1402 4704 1471 4760 de
1496 4718 1715 4760 summo
1743 4707 1993 4774 negotio.
2023 4709 2096 4759 te-
2188 4704 2427 4776 epistola
2465 4703 2799 4762 inscribitur
2819 4706 2879 4761 in
2906 4708 3162 4779 catalogo
3193 4710 3354 4767 codd.
3385 4712 3492 4767 sub
3520 4726 3667 4766 num.

603 4795 939 4853 stimonium
969 4793 1107 4852 facit
1132 4794 1202 4850 ab
1228 4793 1400 4850 initio
1427 4792 1561 4849 libri
1591 4792 1746 4850 Vitae
1767 4798 2100 4856 meritorum,
2188 4797 2311 4848 239.

601 4882 840 4941 caeteris
875 4881 1142 4955 operibus
1178 4881 1385 4937 addens
1419 4897 1674 4953 responsa
1710 4887 1759 4936 et
1782 4881 2103 4936 admonitio·
2258 4880 2303 4944 2)
2331 4877 2455 4934 Erit
2491 4877 2589 4948 qui
2620 4877 2786 4934 malit
2823 4881 3129 4937 haurimus.
3161 4883 3237 4936 At
3257 4881 3676 4939 Gemblacensis

599 4988 692 5028 nes
717 4978 828 5027 tam
849 4973 1116 5027 minorum
1139 4986 1304 5043 quam
1320 4974 1586 5042 majorum
1598 4967 1968 5040 plurimarum
1980 4984 2105 5039 per·
2191 4966 2352 5034 belga
2379 4964 2635 5037 prolixus
2662 4980 2773 5019 non
2801 4979 3020 5037 semper
3046 4966 3105 5021 in
3132 4967 3411 5023 contortis
3433 4967 3681 5039 periodis

597 5073 873 5113 sonarum.
922 5055 1104 5112 Novas
1142 5059 1363 5111 tantum
1403 5056 1515 5111 huc
1558 5054 1826 5127 epistolas
1870 5054 2105 5110 adduxi·
2193 5051 2395 5109 seriem
2436 5052 2649 5123 justam
2693 5057 2866 5108 tenet.
2901 5083 2966 5092 —
2994 5052 3038 5120 ³)
3082 5054 3399 5126 fraglantia
3438 5072 3684 5127 unquen-

603 5157 751 5205 mus.
780 5141 848 5196 de
873 5141 1083 5214 quibus
1111 5141 1167 5196 in
1196 5142 1480 5214 prooemio
1520 5142 1692 5214 hujus
1735 5142 1870 5198 tomi
1909 5159 2109 5214 oppor-
2198 5144 2286 5196 tis:
2319 5138 2437 5195 cod.
2481 5136 2562 5194 Cf.
2607 5137 2765 5194 Cant.
2793 5138 2835 5193 1.
2873 5143 2923 5200 ¹.
2951 5141 3004 5200 2,
3029 5144 3084 5193 et
3108 5156 3221 5211 seq.
