4036 6117
1392 480 1859 529 Ertsrot.Ant·M
1913 485 2095 529 ΝονΑ
2148 486 2395 532 semes.
3241 474 3375 536 545

335 601 639 681 fructum
689 604 760 662 in
809 602 1097 683 ficulnea
1143 605 1286 679 hac,
1338 611 1400 664 et
1449 623 1582 666 non
1630 608 1915 666 invenio.
1965 602 2011 685 ¹)
2059 607 2220 668 Cum
2273 623 2477 684 opera
2526 607 2881 669 charitatis
2916 615 2981 669 et
3016 609 3439 672 obedientiae

339 716 544 784 atque
594 709 804 768 bonae
839 711 1384 784 perseverantiae
1436 711 1499 769 in
1535 711 1776 770 arbore
1828 713 1958 772 ista
1994 712 2373 786 consider0,
2426 711 2543 771 sed
2580 728 2816 773 sonum
2869 717 3161 776 rumoris
3197 717 3335 792 dat,
3376 724 3445 778 et

335 812 561 872 eibum
613 818 892 871 naturae
943 812 1024 870 ad
1075 813 1447 888 perfectum
1504 830 1636 875 non
1685 815 1998 890 comedit,
2055 832 2202 876 cum
2257 832 2386 875 non
2433 815 2690 891 profert
2724 818 2924 878 flores
2972 836 3324 895 pomorum
3370 822 3443 883 in

336 915 733 984 virtutibuS‚
785 928 908 974 nec
941 916 1352 976 viriditatem
1407 916 1717 979 foliorum
1758 919 1819 978 in
1873 918 2330 979 sanctissimis
2362 919 2705 994 operibu8‚
2740 936 2861 980 nec
2896 922 3196 998 perfecta
3230 941 3435 1001 opera

336 1019 403 1077 in
450 1018 658 1078 castis
693 1018 1163 1093 corporalibus
1213 1021 1795 1096 castigationibus,
1835 1022 1913 1081 Et
1959 1022 2123 1081 dicit
2165 1022 2231 1080 in
2279 1021 2471 1097 virga
2520 1025 2965 1098 correptionis
3014 1041 3220 1087 meae:
3276 1028 3433 1089 Suc-

331 1124 478 1183 cide
527 1143 678 1201 erqo
711 1127 925 1202 illam;
976 1134 1050 1187 ut
1083 1128 1244 1205 quid
1290 1131 1492 1188 etiam
1531 1135 1784 1188 terram
1819 1132 2130 1207 occupat?
2162 1145 2310 1187 cum
2349 1146 2493 1188 eam
2536 1131 2599 1188 in
2637 1129 2919 1205 flagellis
2954 1133 3096 1192 suis
3129 1134 3432 1210 corripit.

329 1225 494 1287 Nam
530 1230 595 1288 in
645 1232 860 1305 prima
895 1232 1307 1309 plantatione
1350 1234 1541 1294 loeus
1591 1241 1818 1294 vester
1864 1236 2327 1296 sanctificatus
2377 1242 2503 1309 est;
2543 1242 2780 1312 postea
2826 1238 2979 1296 exul
3031 1237 3249 1300 factus
3298 1247 3425 1312 est,

333 1333 450 1394 ubi
482 1351 613 1396 non
660 1339 810 1398 vult
844 1339 1075 1399 bibere
1110 1344 1415 1400 materna
1448 1339 1655 1400 verba
1692 1339 1758 1399 in
1792 1340 2150 1400 sanctitate
2183 1346 2250 1400 et
2283 1342 2631 1415 electione;
2671 1341 2842 1401 unde
2877 1342 3429 1405 tribulationibus

328 1438 400 1496 et
431 1441 765 1515 angustiis
799 1443 1196 1518 castigatur,
1236 1443 1352 1502 sed
1388 1450 1612 1503 tamen
1638 1460 1768 1503 non
1800 1445 2166 1504 occidetur.
2194 1444 2371 1505 Deus
2404 1446 2582 1505 enim
2611 1444 2905 1520 inspicit,
2935 1446 3113 1523 quod
3139 1449 3427 1524 primam

327 1544 809 1618 plantationem
844 1546 991 1622 ejus
1025 1547 1218 1606 valde
1255 1548 1527 1621 amavit,
1566 1550 1632 1606 et
1665 1547 1841 1623 quod
1881 1549 1943 1606 in
1979 1563 2127 1607 eam
2177 1549 2612 1607 sanctissima
2663 1564 2865 1621 opera
2906 1550 2970 1607 in
3004 1552 3256 1610 sanctis
3292 1553 3432 1612 ani-

328 1647 569 1707 mabus
618 1649 1021 1724 aedificavit,
1061 1655 1129 1708 et
1163 1649 1312 1709 ideo
1352 1649 1533 1709 illam
1585 1650 1652 1709 in
1686 1650 2138 1711 admonitione
2174 1650 2396 1711 Sancti
2431 1651 2720 1727 Spiritus
2754 1666 2884 1710 non
2921 1652 3276 1729 relinquet,
3316 1654 3429 1714 ubi

329 1758 688 1827 praecepta
737 1753 1133 1830 disciplinae
1166 1754 1418 1814 dicunt:
1475 1755 1773 1829 Domine,
1811 1754 2074 1814 dimitte
2124 1756 2315 1814 illam
2372 1761 2433 1813 et
2470 1759 2585 1816 hoc
2632 1772 2836 1825 aime,
2888 1774 3093 1833 usque
3139 1758 3299 1816 dum
3331 1761 3429 1836 fo-

321 1856 506 1916 diam
555 1860 732 1917 circa
762 1858 974 1934 illam,
1026 1865 1087 1917 et
1121 1862 1385 1918 mittam
1434 1864 1746 1919 stercora.
1781 1859 1861 1918 Et
1907 1858 2084 1919 Deus
2122 1860 2187 1919 in
2223 1860 2546 1935 sanguine
2582 1860 2730 1919 Filii
2766 1860 2873 1919 sui
2908 1861 3208 1935 respicit,
3247 1861 3423 1920 sicut

323 1962 658 2039 scriptum
706 1965 830 2023 est:
883 1964 1162 2024 Postula
1209 1981 1249 2021 a
1279 1982 1420 2039 me,
1471 1970 1529 2022 et
1583 1964 1743 2023 dabo
1792 1962 1907 2024 tibi
1953 1970 2177 2042 qentes
2226 1965 2666 2025 hereditatem
2715 1971 2922 2039 tuam,
2957 1962 3008 2043 2)
3045 1965 3203 2042 quia
3252 1968 3322 2024 in
3361 1976 3423 2025 te

321 2066 484 2125 mihi
511 2064 670 2125 bene
704 2067 1091 2143 complacui.
1118 2059 1168 2145 ⁸)
1195 2066 1276 2126 Et
1300 2066 1501 2126 istam
1538 2067 1804 2127 turbam
1834 2068 1900 2126 in
1927 2067 2433 2127 constructione
2458 2074 2527 2126 et
2554 2068 2621 2126 in
2653 2069 3022 2144 asperitate
3058 2074 3127 2127 et
3160 2070 3225 2129 in
3261 2087 3423 2144 pau-

317 2176 580 2246 pertate
613 2170 693 2230 ad
733 2186 805 2230 se
840 2171 1124 2246 colligit,
1165 2177 1236 2230 ut
1270 2171 1599 2247 scriptum
1634 2178 1760 2231 est:
1797 2172 2252 2245 Hierusalem,
2284 2177 2662 2231 convertere
2698 2173 2786 2231 ad
2814 2173 3174 2233 Dominum
3209 2175 3424 2234 Deum

317 2287 532 2340 tuum.
580 2278 660 2338 Et
698 2278 960 2338 iterum:
1015 2279 1245 2355 Surqe,
1282 2284 1342 2336 et
1380 2284 1481 2336 sta
1515 2279 1587 2336 in
1636 2277 1917 2353 excelse,
1954 2283 2011 2337 et
2062 2276 2209 2336 vide
2233 2272 2734 2352 jucunditatem
2781 2297 2947 2356 quae
2983 2281 3193 2338 veniet
3232 2279 3347 2339 tibi
3379 2298 3421 2339 α

319 2384 452 2446 Deo
499 2392 640 2457 tuo;
672 2380 721 2462 ⁴)
758 2390 826 2444 et
858 2385 1002 2443 esto
1037 2383 1283 2443 decora
1320 2386 1385 2442 in
1417 2382 1810 2456 virtutibuS,
1848 2382 2009 2458 quia
2042 2380 2219 2441 Deus
2254 2381 2661 2442 sacrificium
2697 2382 2916 2442 laudis
2952 2399 2990 2442 a
3026 2389 3090 2441 te
3125 2385 3413 2460 quaerit,

318 2495 388 2550 et
437 2495 501 2549 te
537 2490 829 2551 retinere
876 2488 1044 2563 vult,
1097 2488 1274 2548 sicut
1323 2493 1388 2546 te
1425 2488 1490 2547 in
1538 2487 1755 2561 prima
1803 2486 2218 2561 plantatione
2267 2486 2457 2560 vidit,
2494 2492 2561 2546 et
2607 2486 2777 2547 dona
2828 2485 3051 2546 Sancti
3107 2486 3248 2566 (sol.
3306 2489 3415 2566 79)

313 2596 612 2674 Spiritus
643 2612 775 2657 non
806 2596 1122 2656 deserent
1152 2601 1240 2670 te,
1280 2593 1395 2654 sed
1430 2595 1498 2653 in
1532 2592 2063 2654 sanctificatione
2095 2593 2540 2669 permanebis.

1673 2806 2054 2868 LXXXVIII.

1057 3020 1397 3084 friderico
1430 3022 1742 3080 monacho
1773 3020 1854 3078 de
1892 3020 2123 3081 Esrom
2158 3007 2667 3104 [Hilde9a›·dis].

381 3225 659 3285 Monacho
683 3232 741 3285 et
769 3223 930 3281 fratri
958 3224 1081 3280 eius
1105 3221 1352 3280 Rudolt'o
1375 3221 1755 3279 constantiam
1783 3220 2054 3285 inculcat,

394 3366 575 3426 Haec
623 3363 828 3425 verba
865 3364 931 3423 in
964 3361 1294 3439 sapientia
1328 3360 1578 3421 audivi:
1615 3359 1726 3420 Sol
1763 3359 2096 3433 fulminat,
2134 3365 2202 3420 et
2235 3360 2465 3435 nigrae
2502 3358 2713 3420 nubes
2767 3358 2952 3419 illum
2987 3358 3402 3419 obnubilant.

302 3469 556 3545 Quare?
586 3470 752 3541 Quia
787 3469 929 3544 ipse
972 3483 1102 3527 non
1135 3472 1272 3527 stat
1306 3465 1372 3525 in
1407 3464 1800 3536 stabilitate,
1839 3463 1956 3524 sed
1988 3464 2072 3524 de
2106 3465 2407 3525 ventosis
2442 3463 2672 3525 flabris
2707 3464 3160 3541 periculorum
3204 3481 3404 3540 saepe

304 3582 636 3649 movetur,
689 3573 804 3634 sed
842 3579 1065 3633 tamen
1112 3586 1228 3631 aer
1276 3570 1519 3631 iterum
1560 3570 1624 3629 in
1675 3584 1915 3644 magna
1947 3569 2242 3630 utilitate
2291 3571 2705 3644 attenuatur,
2757 3574 2825 3628 et
2872 3569 2971 3629 sic
3006 3571 3108 3629 sol
3159 3570 3399 3629 iterum

306 3680 528 3739 micat.
567 3679 674 3738 Sic
704 3682 810 3738 est
844 3691 1030 3736 mens
1065 3675 1375 3734 hominiS.
1405 3673 1783 3745 Quomodo?
1819 3674 1983 3734 Cum
2018 3674 2306 3734 virtutes
2333 3673 2449 3733 Dei
2488 3674 2553 3733 in
2586 3673 2930 3750 templum,
2965 3672 3025 3733 id
3054 3680 3157 3734 est
3186 3673 3249 3733 in
3284 3689 3402 3732 cor

304 3784 623 3857 hominis»,
661 3781 1053 3852 ascendunt,
1095 3782 1251 3838 tunc
1285 3779 1674 3837 multotiens
1710 3778 1905 3838 turbo
1941 3777 2277 3851 tenebras,
2320 3777 2591 3838 fallente
2638 3775 2941 3851 Diab010‚
2980 3777 3183 3849 venit,
3221 3793 3299 3837 ac
3338 3778 3399 3835 in

301 3888 553 3962 templo
605 3885 718 3945 illo
754 3884 1068 3944 tenebras
1121 3880 1395 3941 faciunt.
1433 3882 1575 3941 Non
1623 3889 1905 3957 possunt
1953 3898 2083 3941 nox
2116 3888 2185 3941 et
2233 3887 2601 3957 tempestas
2634 3881 2846 3940 solem
2895 3880 3274 3955 prohibere,
3331 3887 3402 3938 ut

302 4004 642 4067 nunquam
681 3986 966 4064 fulgeat?
997 3986 1159 4047 Non.
1197 3984 1304 4045 Sic
1338 3989 1569 4046 sancta
1604 3987 1827 4044 anima
1861 3985 1928 4045 in
1964 3985 2224 4060 magnis
2259 3984 2579 4061 periculis
2606 3984 2827 4059 posita
2859 3990 2986 4053 est,
3015 3986 3084 4044 et
3117 3984 3182 4043 in
3211 4000 3400 4057 prae-

300 4094 460 4154 fatis
493 4090 1077 4151 vicissitudinibus
1113 4087 1454 4163 fatigatur.
1490 4089 1803 4148 Attamen
1837 4089 2009 4149 bona
2043 4103 2248 4164 opera
2293 4088 2357 4146 in
2392 4088 2538 4161 ipsa
2572 4102 2703 4146 non
2736 4087 3068 4160 deficient;
3105 4086 3222 4146 sed
3257 4094 3396 4145 stu·

294 4199 411 4258 det
443 4199 518 4257 ut
550 4196 632 4256 ad
683 4196 856 4256 bona
888 4210 1094 4270 opera
1144 4192 1481 4254 ascendat.
1517 4193 1720 4267 Unde,
1773 4209 1811 4253 o
1845 4208 2000 4253 care
2037 4193 2153 4267 flli,
2204 4192 2338 4253 noli
2375 4193 2636 4267 timere,
2687 4192 2845 4268 quia
2878 4191 3054 4252 Deus
3102 4192 3394 4251 animam

297 4310 481 4364 tuam
516 4303 663 4363 vult
698 4303 763 4362 in
798 4302 1131 4362 sacrificio
1166 4302 1387 4362 laudis
1422 4318 1541 4378 per
1576 4302 1867 4362 hostiam
1901 4300 2161 4361 arietis,
2190 4299 2316 4361 Sed
2349 4305 2418 4360 et
2451 4314 2659 4376 purus
2693 4300 2868 4374 lapis
2906 4300 2970 4359 in
2998 4300 3244 4374 templo
3277 4299 3397 4359 Dei

292 4411 454 4471 eris,
490 4410 563 4471 In
595 4407 962 4485 praedictis
1011 4408 1215 4468 etiam
1250 4407 1535 4481 flagellis
1571 4421 1827 4466 memor
1858 4413 2005 4466 esto
2039 4405 2305 4465 Rudolfi
2341 4404 2571 4465 fratris
2608 4405 2726 4478 tui,
2773 4405 2885 4480 qui
2922 4405 2989 4464 in
3023 4405 3242 4479 patria
3279 4411 3393 4465 tua

292 4528 605 4590 magnam
656 4512 1035 4571 molestiam
1069 4512 1381 4585 sustinet,
1434 4518 1500 4570 et
1534 4527 1697 4570 cave
1731 4527 1812 4570 ne
1848 4510 2035 4570 illum
2086 4508 2447 4584 prohibeas
2484 4511 2548 4568 in
2584 4516 2816 4569 sancto
2855 4510 3001 4568 loco
3050 4524 3395 4586 permane-

293 4637 388 4694 re,
429 4621 494 4679 in
528 4635 660 4695 quo
697 4633 870 4677 nunc
902 4624 1029 4676 est.
1066 4617 1230 4677 Nam
1267 4632 1386 4690 pro
1421 4618 1604 4676 certo
1641 4616 1836 4687 scito,
1874 4614 2053 4690 quod
2086 4615 2309 4674 anima
2341 4614 2489 4690 ejus
2537 4615 2597 4673 in
2636 4613 3104 4673 vicissitudine
3156 4613 3392 4688 fatiga-

291 4726 548 4785 tionum
583 4719 1108 4795 obnubilabitur,
1145 4721 1203 4779 si
1241 4721 1427 4779 illum
1453 4721 1534 4779 de
1562 4721 1708 4780 loco
1748 4719 1876 4779 isto
1909 4718 2347 4778 abstraxeris
2377 4718 2470 4776 Tu
2504 4723 2727 4777 autem
2764 4722 2932 4792 vive,
2969 4724 3036 4776 et
3062 4718 3387 4776 talentum

289 4835 480 4889 tuum
517 4826 620 4887 fac
652 4824 931 4885 Domino
966 4829 1081 4884 tuo
1116 4839 1442 4884 crescere.

360 5065 403 5130 ⁴)
432 5065 564 5119 Luc.
598 5060 815 5123 xxm,
845 5065 877 5114 6
907 5074 1028 5130 sqq.
1060 5089 1126 5099 —-
1152 5058 1197 5120 ²)
1227 5058 1314 5113 Ps.
1344 5057 1418 5120 ΙΙ.
1449 5063 1501 5113 8.
1535 5088 1599 5097 -
1626 5055 1670 5118 ³)
1697 5055 1900 5112 Matth.
1935 5054 2040 5117 ΙΙΙ,
2079 5060 2159 5110 17.
2193 5086 2259 5094 -
2286 5054 2328 5120 ⁴)
2359 5052 2595 5108 Baruch.
2628 5051 2729 5114 tv,
2761 5054 2846 5104 30.

489 5281 828 5336 Ammc'r.
883 5276 951 5338 T.
1005 5274 1165 5332 Vlll.
1216 5273 1302 5327 536
