4036 6117
1224 533 1469 582 Lmen
1517 530 1721 579 vrrAE
1770 526 2265 579 tmmronmr.
2314 528 2374 574 P.
2423 526 2513 571 w.
3198 503 3327 565 237

301 655 659 719 habentem
681 704 697 731 ,
734 656 802 717 et
836 653 1255 730 splendorem
1308 670 1511 730 super
1559 650 1984 728 splendorem
2034 648 2196 710 solis
2245 647 2325 707 de
2359 662 2431 705 se
2465 644 2903 717 emittentem,
2953 642 3027 701 ut
3060 655 3266 717 supra
3296 639 3400 699 di·-

302 768 483 823 ctum
518 763 645 834 est,
682 760 1036 821 habebant.
1084 757 1210 819 Sed
1242 764 1310 818 et
1357 763 1638 835 propter
1685 755 2165 816 suavissimum
2208 750 2640 823 desiderium,
2676 746 2852 824 quod
2890 747 2956 805 in
2986 743 3397 820 virginitatis

298 863 644 924 viriditate
690 867 759 921 et
791 862 950 922 flore
999 862 1242 921 mentis
1273 867 1341 921 et
1373 859 1702 936 corporis,
1738 857 1873 918 Deo
1909 863 1976 916 et
2013 855 2402 916 hominibus
2448 852 3099 918 demonstraverant,
3137 847 3250 907 ubi
3282 845 3400 907 bo-

297 982 459 1025 num
510 965 785 1025 odorem
831 965 1274 1040 plurimarum
1307 965 1661 1036 virtutum,
1700 961 1939 1020 ardore
1987 959 2274 1036 Spiritus
2309 956 2531 1016 Sancti
2567 954 2856 1027 accensi,
2908 951 3157 1026 ubique
3200 946 3401 1008 dissu-

302 1069 561 1143 derant,
597 1067 898 1143 ejusdem
927 1067 1104 1127 aeris
1132 1067 1362 1127 flatum
1397 1066 1796 1139 sentiebant,
1827 1064 1941 1141 qui
1970 1077 2233 1124 omnem
2257 1056 2302 1139 ¹)
2338 1058 2751 1120 viriditatem
2783 1055 3145 1115 herbarum
3177 1058 3244 1112 et
3278 1051 3393 1111 sso-

301 1188 453 1232 rum
508 1171 804 1247 paradisi
854 1187 931 1230 ac
996 1177 1218 1231 terrae
1274 1170 1683 1244 continebat,
1738 1174 1805 1227 et
1866 1168 1979 1244 qui
2054 1165 2256 1226 odore
2329 1163 2623 1224 omnium
2687 1159 3107 1220 viriditatum
3155 1155 3393 1232 plenus

300 1281 471 1349 erat;
508 1275 1068 1351 quemadmodum
1101 1266 1326 1334 aestas
1353 1274 1818 1333 dulcissimum
1852 1271 2126 1331 odorem
2169 1268 2530 1328 herbarum
2563 1269 2631 1325 et
2664 1264 2901 1325 florum
2933 1260 3153 1321 habet.

395 1381 498 1440 47.
549 1380 626 1439 Et
659 1384 932 1456 propter
965 1379 1424 1438 castissimum
1460 1379 1778 1450 animum,
1815 1391 2011 1452 quem
2048 1373 2389 1450 sapienter
2421 1386 2571 1431 cum
2607 1368 2856 1428 sanctis
2900 1362 3290 1436 virtutibuS,
3327 1360 3395 1420 in

301 1486 656 1545 devotione
692 1484 991 1544 cordium
1029 1498 1326 1557 suorum,
1365 1497 1577 1558 usque
1610 1479 1692 1540 ad
1725 1479 2366 1540 consummationem
2398 1476 2610 1536 bonae
2642 1467 3205 1549 perseverantiae,
3242 1481 3397 1524 con-

303 1595 412 1648 tra
461 1588 685 1648 carnis
734 1592 1143 1649 tentamenta
1173 1583 1223 1663 2)
1275 1585 1759 1662 perduxerant,
1813 1582 2289 1644 candidissima
2338 1583 2528 1639 veste
2574 1576 2759 1637 velut
2813 1590 2977 1634 auro
3024 1570 3274 1631 intexta
3328 1571 3398 1626 et

300 1694 501 1770 quasi
535 1692 1049 1770 pretiosissimis
1099 1690 1435 1767 lapidibus
1470 1708 1507 1750 a
1557 1696 1826 1767 pectore
1867 1704 2083 1766 usque
2131 1687 2213 1748 ad
2246 1686 2474 1762 pedes,
2528 1684 2594 1742 in
2643 1677 2911 1741 modum
2959 1673 3397 1753 dependentis

303 1811 510 1857 zonae
544 1801 801 1870 ornata;
839 1794 1305 1869 induebantur,
1342 1796 1410 1854 et
1442 1793 1599 1870 quia
1649 1793 1772 1853 hoc
1809 1794 1875 1852 in
1911 1791 2230 1852 laudabili
2262 1793 2332 1850 et
2364 1786 2637 1849 amabili
2679 1783 2943 1845 nomine
2985 1776 3398 1855 virginitatis

307 1901 630 1975 fecerant,
667 1899 898 1960 eadem
929 1899 1141 1959 vestis
1192 1898 1557 1958 maximum
1604 1897 1876 1957 odorem
1923 1898 2110 1957 velut
2159 1895 2430 1955 odorem
2481 1895 2855 1952 aromatum
2889 1886 2970 1946 de
3019 1900 3092 1945 se
3133 1882 3399 1944 emitte-

302 2004 439 2065 bat.
492 2005 773 2065 Carnem
820 2003 1026 2063 etiam
1059 2018 1246 2062 suam
1282 2002 1652 2075 domantes,
1692 2018 1730 2061 a
1778 2001 2038 2061 lubrica
2084 1999 2463 2059 temeritate
2512 1996 2936 2069 voluptatum
2984 1986 3400 2049 constrinxe-

308 2113 482 2182 rant,
514 2113 582 2167 et
608 2106 1083 2168 abstinentiam
1111 2122 1261 2171 cum
1290 2106 1626 2167 suavitate
1651 2105 2047 2179 honestam,
2083 2118 2204 2163 nec
2232 2103 2356 2162 hac
2387 2116 2512 2162 nec
2546 2100 2701 2159 illac
2731 2095 3124 2157 diversitate
3146 2085 3195 2170 ⁸)
3230 2088 3403 2149 mul·-

308 2211 639 2286 tiplicium
688 2226 950 2270 morum
998 2227 1072 2271 se
1121 2212 1604 2286 permutantes,
1642 2209 1771 2269 sibi
1806 2212 2254 2281 attraxerant,
2294 2208 2360 2266 et
2393 2204 2539 2265 ideo
2571 2201 2859 2278 cingulis
2892 2196 3084 2275 quasi
3120 2208 3282 2254 auro
3330 2192 3400 2252 et

307 2312 593 2389 gemmis
656 2327 736 2373 ac
797 2313 1187 2388 margaritis
1252 2328 1455 2389 super
1510 2312 1874 2381 humanum
1920 2312 2328 2371 intellectum
2362 2307 2621 2368 ornatis
2676 2298 3395 2386 circumcingebantur.

308 2418 383 2478 In
416 2417 735 2478 cordibus
770 2431 1033 2492 quoque
1069 2417 1214 2476 suis
1247 2417 1531 2491 gloriam
1565 2422 1631 2476 et
1666 2402 1985 2476 honorem
2018 2415 2153 2475 Deo
2191 2414 2526 2490 sapienter
2558 2410 2969 2481 exhibenteS‚
3004 2408 3073 2465 et
3104 2417 3401 2463 macera-

308 2521 488 2581 tione
537 2536 893 2596 corporum
929 2536 1205 2580 suorum
1254 2521 1539 2596 puerilia
1574 2520 1830 2581 ludicra
1880 2520 2010 2580 sibi
2048 2519 2295 2594 ubique
2345 2521 2802 2592 competenter
2851 2511 3281 2586 abneganteS,
3319 2520 3399 2565 ac

313 2624 506 2700 signa
529 2623 1013 2700 propositionis
1040 2624 1476 2683 castimoniae
1492 2618 1539 2701 ⁴)
1579 2623 1692 2683 ubi
1720 2639 1922 2700 supra
1953 2623 2256 2682 homines
2284 2627 2351 2680 et
2378 2636 2583 2696 supra
2607 2620 2965 2694 praecepta
2992 2612 3161 2688 legis
3186 2613 3401 2684 erant,

312 2728 626 2804 suspiriis
676 2743 1119 2804 supernorum
1167 2722 1660 2787 desideriorum
1709 2742 1788 2787 ac
1839 2725 2231 2787 fortitudine
2278 2730 2345 2783 et
2405 2722 2778 2783 subtilitate
2824 2719 3151 2777 virtutum
3205 2713 3272 2772 in
3327 2725 3402 2769 se

312 2829 686 2889 munientes
711 2822 783 2907 ⁵),
818 2831 1003 2888 velut
1036 2828 1337 2889 homines
1365 2846 1635 2889 carnem
1661 2832 1728 2889 et
1755 2829 2148 2905 sanguinem
2177 2845 2309 2888 non
2336 2826 2657 2886 habentes
2690 2827 2941 2896 essent,
2981 2819 3296 2890 fecerant3
3334 2819 3403 2873 et

308 2932 785 2993 verecundiam
837 2932 904 2991 in
950 2933 1269 2992 cordibus
1320 2949 1397 2992 ac
1447 2934 1514 2991 in
1561 2933 1863 2993 vultibus
1912 2934 2057 2992 suis
2108 2932 2191 2991 ad
2240 2932 2464 2991 omnia
2521 2927 2817 2989 carnalia
2871 2923 3093 2983 officia
3152 2919 3403 2980 habue-

313 3044 493 3114 rant,
549 3038 717 3099 unde
751 3044 819 3100 et
852 3054 1053 3115 super
1087 3040 1308 3116 capita
1358 3054 1481 3100 sua
1512 3039 1696 3100 velut
1743 3056 2030 3101 coronas
2066 3055 2228 3100 auro
2278 3043 2345 3099 et
2379 3037 2554 3098 rosis
2603 3051 2682 3096 ac
2715 3033 2879 3095 liliis
2930 3029 3301 3102 intricatas,
3335 3026 3405 3087 et

312 3145 498 3204 velut
530 3145 792 3205 fistulas
825 3145 1477 3221 pretiosissimorum
1511 3144 1806 3220 lapidum
1839 3144 2156 3204 distincte
2190 3141 2639 3203 circumdatas
2673 3137 3026 3198 habebant.

313 3265 320 3272 ·
403 3246 510 3308 48.
543 3248 624 3308 Et
671 3249 827 3325 quia
862 3249 944 3308 ad
994 3248 1574 3308 mansuetudinem
1607 3248 1936 3308 incarnati
1970 3248 2122 3307 Filii
2153 3246 2270 3305 Dei
2320 3260 2393 3304 se
2429 3239 2941 3313 inclinaverant,
2977 3242 3045 3297 et
3086 3235 3399 3313 quoniam

247 3429 252 3434 ἱ
318 3356 576 3412 mentes
604 3367 853 3411 eorum
906 3351 973 3411 in
1015 3355 1270 3410 tantam
1320 3350 1744 3411 altitudinem
1779 3350 2257 3419 ascenderant,
2310 3346 2485 3423 quod
2533 3344 2989 3421 virginitatem
3025 3355 3216 3400 suam
3264 3336 3399 3395 Deo

312 3458 660 3529 voverant,
697 3461 764 3515 et
797 3455 975 3531 quod
1008 3471 1156 3514 eam
1188 3454 1385 3530 digne
1418 3459 1486 3514 et
1535 3461 1765 3515 sancte
1799 3455 2362 3527 observaverant,
2415 3449 2840 3527 congaudens
2873 3449 2973 3509 eis
3020 3449 3248 3525 Agnus
3281 3444 3399 3506 Dei

315 3574 548 3619 vocem
580 3575 773 3620 suam
806 3558 950 3632 dat,
1001 3565 1069 3617 et
1102 3558 1547 3619 suavissimus
1583 3558 1783 3619 ssatus
1817 3559 1999 3618 venti
2034 3558 2115 3619 de
2153 3564 2415 3617 secreto
2448 3554 2835 3616 Divinitatis
2868 3553 3168 3623 veniens,
3207 3552 3400 3627 signa

317 3668 673 3723 coronatae
705 3661 1114 3737 virginitatis
1164 3662 1461 3736 ipsorum
1497 3661 1712 3738 tangit
1736 3704 1755 3732 ,
1808 3663 1901 3722 ita
1937 3662 2115 3736 quod
2150 3661 2486 3720 canticum
2533 3658 2703 3735 Agni
2736 3661 3084 3731 resonant,
3121 3654 3296 3732 quod
3332 3654 3400 3714 in

320 3766 477 3825 aliis
506 3782 637 3826 non
670 3765 764 3841 fit,
817 3765 933 3842 qui
980 3765 1235 3825 eisdem
1285 3765 1497 3840 signis
1529 3772 1797 3842 carent,
1849 3766 2159 3842 quamvis
2193 3764 2357 3825 illud
2408 3763 2754 3823 audientes
2787 3760 3139 3837 gaudeant.
3175 3758 3300 3819 Sed
3330 3762 3401 3819 et

313 3870 630 3947 quoniam
676 3869 965 3945 vestigia
999 3869 1114 3930 illa
1163 3871 1506 3931 subsecuti
1543 3870 1828 3946 fuerant,
1883 3871 1949 3930 in
1992 3869 2239 3947 quibus
2273 3869 2448 3929 Deus
2482 3884 2601 3944 per
2649 3867 2998 3943 antiquum
3043 3863 3401 3925 consilium

312 3971 511 4033 homo
570 3973 714 4033 fieri
769 3975 1020 4049 voluit,
1081 3975 1535 4036 calceamenta
1583 3992 1819 4036 eorum
1868 3976 1961 4036 ita
2011 3974 2355 4051 perlucida
2390 3979 2602 4048 erant,
2639 3973 2835 4049 quasi
2881 3971 2964 4033 de
3011 3972 3165 4030 vivo
3215 3970 3401 4032 fonte

316 4083 586 4153 sumpta
619 4080 864 4141 essent.

405 4181 514 4242 49.
565 4181 730 4252 Quia
777 4183 981 4243 etiam
1030 4184 1368 4260 sapienter
1412 4190 1479 4244 et
1528 4186 1873 4246 humiliter
1919 4185 2167 4261 ubique
2217 4184 2631 4258 incedenteS,
2674 4181 3041 4260 purissima
3085 4181 3399 4242 castitate

314 4292 539 4347 motus
587 4302 943 4363 corporum
994 4305 1268 4350 suorum
1303 4288 1385 4348 ad
1421 4295 1768 4364 aspectum
1797 4289 2186 4349 Divinitatis
2234 4287 2688 4363 extenderant,
2740 4291 2808 4347 et
2849 4302 3000 4347 cum
3042 4285 3399 4361 largitione

313 4389 873 4451 eleemosinarum
922 4392 1229 4452 omnibus
1266 4392 1332 4452 in
1378 4394 1780 4453 necessitate
1812 4392 2055 4469 positis
2091 4392 2198 4467 pie
2230 4396 2297 4450 et
2331 4390 2861 4451 misericorditer
2898 4394 3396 4449 succurrerant.

313 4509 480 4554 voce
512 4500 579 4553 et
606 4494 809 4558 corde
842 4494 975 4555 Deo
1009 4497 1399 4571 psallenteS,
1436 4514 1514 4557 ac
1561 4496 1786 4557 divina
1822 4496 2147 4556 miracula
2182 4495 2617 4569 ruminanteS,
2653 4500 2722 4553 et
2755 4492 3147 4553 ruminando
3180 4490 3400 4567 profe-

312 4602 574 4672 renteS,
628 4597 982 4657 humanam
1016 4605 1325 4658 naturam
1376 4601 1443 4659 in
1475 4600 1914 4676 abnegatione
1961 4599 2332 4658 carnalium
2365 4599 2785 4674 voluptatum
2826 4593 3399 4655 transcenderant.

313 4701 654 4762 Interdum
702 4703 888 4762 velut
921 4719 1123 4779 super
1172 4720 1412 4763 aureas
1449 4711 1633 4764 rotas
1683 4704 2099 4778 incedebant,
2136 4709 2202 4763 et
2250 4708 2408 4762 tunc
2439 4703 2645 4762 etiam
2683 4702 2748 4761 in
2781 4700 3091 4760 manibus
3134 4699 3276 4759 suis
3308 4698 3403 4758 ci·-

316 4808 548 4869 tbaras
599 4809 977 4884 portabant,
1014 4824 1165 4869 cum
1201 4810 1446 4886 quibus
1495 4810 2004 4883 citharizabant3
2056 4814 2124 4868 et
2172 4811 2329 4870 tunc
2377 4809 2580 4868 etiarn
2630 4807 2915 4868 alienam
2963 4806 3262 4881 linguam
3305 4803 3403 4864 in·-

316 4912 708 4989 telligebant
768 4919 838 4974 et
897 4913 1199 4974 sciebant
1247 4931 1326 4974 ac
1374 4915 1849 4991 loquebantur,
1902 4930 2104 4990 quam
2147 4913 2371 4973 nullus
2420 4913 2593 4972 alius
2628 4912 2814 4972 novit
2860 4927 2982 4971 nec
3014 4910 3238 4970 dicere
3286 4924 3405 4983 poa

391 5129 435 5198 ¹)
470 5135 610 5205 5⁸⁴⁰
643 5148 847 5188 mm
879 5131 973 5187 W·
1019 5160 1079 5173 ···
1116 5131 1165 5198 2)
1202 5137 1610 5205 temperantem!
1639 5131 1708 5189 A.
1749 5162 1821 5175 -
1908 5135 2097 5197 ιὲοπίε,
2122 5130 2254 5189 fort.
2277 5133 2535 5202 respectu
2554 5127 2624 5184 ad
2643 5132 2773 5184 vota
2792 5125 3073 5201 professae
3098 5120 3393 5193 virginita-

322 5215 366 5286 3)
390 5221 450 5274 in
474 5219 686 5275 diversa
713 5218 1097 5291 multiplicium
1122 5215 1187 5273 A.
1227 5250 1288 5258 --
1315 5219 1357 5287 ⁴)
1383 5222 1542 5292 siqua
1579 5223 1818 5293 proposi·
1913 5218 2004 5276 tis.
2039 5250 2105 5260 —-
2132 5220 2175 5288 ⁵)
2201 5219 2493 5275 „unientis
2520 5214 2588 5273 A.
