4036 6117
1281 512 1341 560 ιι
1398 511 1635 560 mann
1690 510 1886 557 v1TAE
1945 506 2409 558 usaxrontm
3242 488 3325 548 75

300 630 474 710 quod
517 630 839 694 videbant
887 637 956 692 et
1001 631 1325 706 sciebant,
1377 634 1552 693 sicut
1600 647 1721 692 nec
1771 631 1987 692 infans
2040 631 2106 689 in
2155 627 2589 705 simplicitate
2641 642 2762 686 sua
2797 623 3054 702 aliquid
3098 623 3396 700 loquitur

297 752 493 813 quam
525 737 706 813 quod
740 737 925 798 videt
958 740 1026 798 et
1057 738 1204 797 scit.

1741 941 1936 1007 XXX.

613 1158 981 1234 Prophetae
1014 1156 1346 1222 miracula
1382 1155 1503 1215 Dei
1532 1155 1964 1232 protulerunt
1996 1172 2121 1231 per
2168 1155 2565 1231 sapientiam
2601 1159 2663 1212 et
2699 1152 3066 1213 scientiam.

373 1362 480 1422 39.
535 1361 664 1422 Sed
696 1367 765 1420 et
796 1361 1047 1436 digitus
1080 1359 1197 1419 Dei
1235 1361 1301 1420 in
1336 1362 1450 1421 illo
1485 1361 1852 1438 scripserat
1884 1367 2149 1421 secreta
2183 1377 2325 1435 sua,
2364 1375 2535 1436 quae
2572 1358 2872 1418 revelare
2905 1356 3193 1430 volebat,
3232 1355 3390 1431 quia

285 1465 576 1541 Spiritus
601 1464 881 1525 Sanctus
916 1464 1440 1526 rationalitatem
1466 1465 1756 1525 hominis
1784 1466 1878 1524 ita
1905 1465 2201 1541 perfudit
2228 1465 2403 1540 quod
2432 1463 2903 1539 prophetabat,
2931 1467 3000 1522 et
3025 1462 3230 1521 etiam
3263 1460 3391 1520 hoc

287 1584 402 1646 per
430 1571 769 1630 visionem
820 1569 1127 1640 faciebat;
1164 1586 1317 1630 cum
1357 1570 1729 1645 Prophetae
1760 1585 1881 1644 per
1912 1570 2233 1644 Spiritum
2266 1568 2577 1629 Sanctum
2615 1569 2996 1642 illuminati,
3035 1567 3102 1627 in
3136 1566 3387 1641 Spiritu

287 1671 527 1733 Sancto
565 1690 604 1733 a
637 1674 832 1748 longe
866 1671 1093 1733 futura
1118 1667 1163 1751 ¹)
1201 1672 1700 1747 praevidebant.
1727 1673 1808 1734 Et
1831 1673 2038 1734 etiam
2063 1690 2184 1749 per
2212 1674 2632 1748 sapientiam,
2663 1672 2933 1749 quidam
2970 1672 3179 1732 multa
3212 1670 3391 1730 dice-

286 1776 462 1849 bant,
515 1778 838 1852 quoniam
883 1778 1363 1853 omnipotentia
1397 1777 1515 1837 Dei
1550 1780 1804 1837 mentes
1842 1779 2111 1837 illorum
2154 1777 2492 1852 tangebat,
2530 1777 2708 1854 quod
2756 1777 3047 1854 plurima
3080 1779 3148 1837 et
3179 1777 3389 1853 pluri-

283 1894 386 1940 ma
414 1880 485 1939 in
524 1880 1015 1956 significatione
1041 1880 1492 1957 proferebant,
1530 1887 1602 1941 ut
1626 1881 1830 1940 etiam
1860 1881 2189 1955 sapientia
2223 1881 2446 1939 omnia
2480 1879 2879 1940 aedificavit.
2909 1879 3190 1951 Quidam
3224 1894 3383 1937 vero

283 1998 396 2058 per
427 1984 812 2059 scientiam,
863 2000 1014 2044 cum
1051 1985 1339 2045 Verbum
1386 1984 1504 2044 Dei
1538 1986 1885 2044 scientiam
1917 2001 2150 2044 eorum
2202 1984 2295 2043 ita
2330 1984 2731 2058 inspiciebat
2761 1981 2810 2061 ²)
2849 1999 2926 2043 ac
2980 1983 3382 2058 insufflabat,

282 2086 455 2164 quod
488 2089 765 2149 occulta
796 2095 865 2148 et
896 2090 1227 2150 absconsa
1260 2089 1591 2149 dicebant.
1626 2089 1791 2149 Nam
1827 2089 2122 2149 radicem
2157 2089 2342 2147 ill‘am
2375 2104 2506 2163 qua
2542 2105 2622 2147 ex
2658 2089 2817 2147 limo
2843 2087 3017 2148 Deus
3050 2089 3387 2148 hominem

282 2208 563 2270 surgere
618 2193 794 2268 fecit,
846 2193 1137 2269 Spiritus
1170 2193 1472 2269 ejusdem
1504 2192 1619 2253 Dei
1655 2194 2052 2254 vivificando
2087 2193 2461 2268 inspiravit,
2491 2199 2560 2252 et
2590 2194 2801 2252 vitam
2834 2209 2965 2251 non
2998 2191 3380 2262 finiendam,

283 2296 572 2370 scilicet,
609 2298 900 2358 animam
935 2314 1108 2375 quae
1141 2315 1270 2359 non
1303 2298 1594 2374 finietur,
1640 2297 1926 2373 Spiritus
1960 2297 2240 2358 Sanctus
2283 2296 2616 2357 infusione
2648 2313 2769 2357 sua
2812 2298 2880 2356 in
2911 2295 3257 2372 prophetis
3289 2298 3385 2358 ita

279 2400 715 2475 illuminavit,
751 2401 927 2478 quod
961 2401 1091 2477 ipsi
1126 2402 1321 2478 quasi
1355 2402 1424 2461 in
1456 2402 1673 2462 aliena
1706 2402 1844 2461 vita
1890 2402 2268 2461 alienaliter
2306 2400 2630 2460 miracula
2662 2400 2781 2459 Dei
2827 2385 3273 2475 protulerunt,
3311 2403 3385 2461 ut
3424 2425 3441 2445 ⁴

278 2504 471 2566 etiam
511 2505 724 2566 limus
753 2506 818 2565 in
850 2506 1138 2566 alienam
1169 2507 1379 2566 vitam
1410 2508 1633 2567 carnis
1665 2508 1732 2567 et
1765 2506 2111 2581 sanguinis
2138 2507 2437 2566 mutatus
2464 2511 2586 2565 est.
2618 2505 2797 2565 Haec
2824 2509 3048 2583 autem
3075 2511 3232 2568 sunt
3265 2507 3386 2567 mi-

282 2609 502 2669 racula
556 2607 971 2684 Divinitatis,
1023 2625 1195 2686 quae
1241 2610 1417 2670 Deus
1451 2609 1518 2669 in
1566 2609 1987 2669 mirabilibus
2039 2610 2180 2668 suis
2222 2625 2342 2684 per
2388 2607 2750 2685 prophetas
2798 2608 3078 2683 profert,
3130 2609 3389 2669 scilicet

277 2729 420 2774 cum
453 2714 557 2773 illi
598 2713 989 2790 loquuntur,
1025 2714 1470 2789 praevidendo
1505 2731 1677 2790 quae
1710 2715 1843 2790 ipsi
1878 2715 1943 2774 in
1978 2714 2225 2791 Spiritu
2265 2715 2681 2790 praevident,
2718 2718 2785 2775 et
2817 2715 3193 2790 scribendo,
3231 2731 3385 2775 cum

281 2819 387 2879 illa
433 2834 563 2893 per
609 2818 979 2893 ¹iussionem
1027 2818 1146 2879 Dei
1195 2818 1406 2879 bonae
1455 2820 1820 2878 memoriae
1870 2818 2165 2892 tradunt3
2218 2835 2296 2878 ac
2345 2818 2672 2879 citharam
2724 2819 3179 2895 percutiende,
3226 2820 3386 2895 quia

281 2923 704 2985 rationalitas
752 2923 1239 2999 per-Spiritum
1290 2923 1603 2984 Sanctum
1636 2924 1985 2998 inspirata,
2039 2922 2344 2983 modulos
2381 2924 2446 2983 in
2490 2939 2656 2982 voce
2688 2928 2755 2982 et
2804 2923 2871 2983 in
2903 2923 3131 2984 verbis
3177 2921 3383 2982 Deum

277 3027 698 3089 laudantium
730 3027 1006 3104 invenit,
1044 3028 1361 3104 quoniam
1394 3028 1542 3104 ipsa
1577 3044 1814 3088 sonum
1842 3028 2111 3101 emittit,
2147 3030 2215 3089 et
2242 3027 2388 3088 ideo
2423 3028 2625 3087 etiam
2658 3027 2722 3086 in
2755 3026 2863 3087 his
2887 3027 3095 3087 Deum
3131 3025 3378 3087 laudat.

278 3133 352 3193 Et
396 3133 572 3192 haec
621 3133 827 3192 etiam
875 3149 1027 3192 curn
1060 3134 1186 3193 alis
1234 3134 1627 3210 prophetiae
1677 3133 2192 3207 cherubizando,
2230 3133 2405 3193 Deus
2458 3135 2522 3192 in
2558 3133 2939 3194 hominibus
2991 3133 3172 3207 facit,
3223 3149 3386 3210 quo-

276 3238 448 3297 niam
484 3238 556 3297 in
594 3235 702 3296 his
735 3236 1064 3310 omnibu3‚
1100 3244 1174 3295 ut
1209 3238 1622 3311 praedictum
1673 3243 1799 3313 est,
1836 3239 2202 3313 prophetae
2237 3238 2304 3296 in
2354 3238 2594 3312 spiritu
2644 3237 3035 3314 prophetiae
3070 3236 3381 3296 subleva-

279 3341 324 3400 ti
351 3334 425 3418 ³),
461 3340 767 3416 plurima
814 3340 1140 3400 miracula
1175 3340 1258 3400 ad
1306 3340 1812 3401 similitudinem
1863 3342 2214 3402 cherubim
2266 3342 2647 3416 ostendunt,
2684 3342 2796 3417 qui
2833 3341 3095 3399 occulta
3127 3338 3241 3398 Dei
3276 3355 3385 3398 co-

275 3449 612 3519 gnoscunt
659 3448 727 3502 et
757 3443 1134 3519 proferunt,
1185 3444 1362 3521 quod
1398 3445 1571 3505 Deus
1621 3446 1881 3506 occulto
1911 3446 2162 3522 judicio
2199 3462 2339 3518 suo,
2377 3445 2490 3504 ubi
2527 3446 2692 3519 vult,
2730 3451 2796 3504 et
2839 3444 3173 3520 quomodo
3210 3443 3374 3516 vult,

279 3554 341 3607 et
370 3548 438 3608 in
472 3546 733 3624 quibus
768 3547 934 3621 vult,
970 3554 1306 3623 operatur.

1733 3761 1950 3822 XXXI.

1098 3969 1539 4031 Rationalitas
1587 3971 1658 4029 in
1710 3971 2040 4046 sapientia
2089 3970 2213 4031 Dei
2262 3973 2580 4032 consistit.

359 4174 467 4235 ⁴0.
522 4173 718 4246 Quod
753 4178 977 4235 autem
1010 4177 1181 4236 liber
1207 4177 1570 4251 pectoralis
1606 4177 1750 4237 alae
1775 4177 2058 4253 integer,
2096 4184 2163 4238 et
2189 4182 2370 4239 totus
2405 4180 2617 4255 niger,
2651 4195 2728 4239 ac
2762 4180 2998 4254 plenus
3033 4178 3381 4239 stellarum

281 4281 402 4355 est,
439 4278 578 4339 hoc
611 4281 720 4340 est
753 4279 930 4356 quod
966 4280 1383 4342 rationalitas
1414 4278 1462 4362 ⁴)
1498 4283 1566 4342 in
1598 4280 1927 4356 profunda
1962 4283 2292 4359 sapientia
2325 4283 2763 4357 protectionis
2788 4282 2905 4342 Dei
2943 4284 3200 4359 integra
3233 4299 3388 4342 con-

355 4480 398 4545 ¹)
416 4482 689 4553 [uturum
705 4481 799 4537 W.
824 4512 894 4524 -
911 4484 957 4549 ²)
979 4484 1337 4556 inspiciebant
1355 4484 1446 4541 W.
1472 4515 1541 4525 —
1560 4484 1605 4551 ³)
1625 4486 1800 4542 sable-
1885 4489 1975 4548 22,
1997 4487 2353 4542 rationalitas
2372 4488 2596 4544 nonem
2616 4491 2701 4543 est
2720 4502 3109 4559 quaecumque
3128 4491 3383 4545 creatura

291 4573 415 4625 uari
434 4568 532 4623 W.
562 4599 632 4608 —
656 4568 699 4633 ⁴)
727 4568 850 4623 Vox
873 4572 1228 4626 rationalitas
1247 4570 1309 4626 in
1335 4571 1440 4628 hoc
1467 4571 1636 4633 libro,
1663 4585 1798 4642 qua·
1885 4570 2200 4627 rationalis.
2246 4602 2312 4611 —
2346 4589 2401 4628 n.
2449 4578 2537 4637 37,
2565 4576 2921 4631 rationalitas
2956 4578 3017 4628 in
3042 4591 3178 4629 novo
3209 4573 3385 4629 Testa-

292 4652 338 4707 si
363 4668 523 4709 more
553 4652 904 4719 germanico,
947 4653 1404 4725 frequentissima
1444 4662 1551 4720 est,
1591 4673 1694 4712 nec
1725 4656 1800 4713 si·
1882 4664 2053 4713 mento
2078 4662 2136 4713 et
2163 4675 2217 4714 n.
2250 4662 2316 4714 41
2344 4662 2698 4718 rationalitas
2723 4677 2866 4731 quae
2902 4662 3157 4731 mysteria
3193 4663 3385 4715 veteris

292 4750 360 4792 ne
394 4739 597 4810 aliqua
638 4738 1015 4807 ambiguitate
1054 4742 1350 4811 reget-itur.
1403 4742 1468 4796 ln
1507 4743 1613 4798 boc
1653 4743 1796 4806 loen,
1884 4750 1934 4798 et
1959 4747 2091 4799 novi
2128 4743 2446 4801 Testamenti
2471 4750 2532 4801 in
2556 4753 2927 4804 exarationem
2954 4754 3003 4804 et
3025 4747 3387 4819 confirmatio—

293 4829 554 4896 oespeetu
603 4824 673 4878 ad
716 4825 1008 4881 Rationale
1039 4827 1381 4890 [criticum.
1429 4827 1802 4884 Rationalitas
1886 4847 2004 4885 nem
2022 4836 2304 4904 proponit,
2327 4838 2410 4888 est
2436 4832 2573 4889 tides
2594 4834 2922 4889 christiana.
2944 4849 3081 4888 —n.
3108 4836 3177 4886 59
3198 4831 3386 4887 Ratio-

292 4913 379 4961 est
414 4907 731 4980 inspiratio
766 4911 986 4974 divina,
1028 4912 1178 4968 sieut
1217 4913 1277 4967 in
1303 4929 1357 4967 n.
1395 4919 1418 4967 ¹
1445 4914 1563 4984 J'am
1594 4929 1801 4970 memo-
1885 4918 2094 4973 nalitas
2118 4919 2353 4973 hominis
2377 4924 2464 4973 est
2489 4934 2648 4974 mens
2676 4919 2943 4982 humana.
2971 4918 3275 4989 eademque
3303 4919 3385 4974 ibi

297 4998 453 5049 ratur
491 4997 697 5053 divina
734 5001 880 5053 ratio
915 5001 1102 5070 (Λόγος)
1155 5016 1297 5073 quae
1334 4993 1525 5072 Leye'm
1566 5006 1802 5076 scripsit,
1887 5003 2104 5060 dicitur
2129 5006 2483 5061 rationalitas
2505 5024 2607 5076 per
2641 5004 2912 5077 Spiritum
2938 5004 3194 5061 Sanctum
3217 5008 3387 5076 impi-

301 5086 418 5136 tum
455 5099 514 5138 n.
563 5090 598 5139 8
635 5087 992 5142 rationalitas
1029 5090 1091 5141 in
1125 5091 1330 5160 spirita
1359 5091 1701 5162 prophetiae,
1746 5095 1804 5145 et
1891 5097 2035 5147 rata.
2069 5089 2162 5147 Sic
2185 5090 2427 5159 singulis
2455 5091 2569 5146 sere
2597 5091 2757 5155 lociS.
2780 5096 2997 5146 attenta
3025 5090 3190 5151 serie.
3219 5087 3388 5144 ratio-

299 5185 353 5228 n.
400 5176 465 5227 ¹⁵
506 5174 737 5229 divinae
767 5176 1117 5245 protectionis
1141 5175 1513 5231 rationalitas.
1547 5206 1614 5215 --
1641 5190 1796 5232 num.
1892 5177 2101 5232 nalitas
2127 5177 2462 5236 declaratur.
